{
  "metadata" : {
    "screenerCompanyId" : "2329",
    "companyCode" : "OMAXE",
    "companyName" : "Omaxe",
    "screenerCompanyLink" : "https://www.screener.in/company/OMAXE",
    "screenerTechnicalHistoryLink" : "https://www.screener.in/api/company/2329/chart/?q=Price-DMA50-DMA200-Volume&days=365",
    "screenerQuarterlyResultsLink" : "https://www.screener.in/api/company/2329/chart/?q=GPM-OPM-NPM-Quarter+Sales&days=10000",
    "attributes" : {
      "companyCode" : "OMAXE",
      "companyName" : "Omaxe",
      "marketCap" : 1172.00,
      "peRatio" : 0.00,
      "description" : "Omaxe ltd. is in the business of developing real estate properties for residential, commercial and retail purposes with a presence across 27 cities in 8 states of India. It has undertaken various projects in the areas of contractual construction, township development, building of commercial complexes, multi-storied apartments, etc. [1] [2]"
    },
    "companyScore" : {
      "priceHigherThanDma50" : 0.00,
      "priceHigherThanDma100" : 0.00,
      "priceHigherThanDma200" : 0.00,
      "dma50HigherThanDma100" : 0.00,
      "dma50HigherThanDma200" : 0.00,
      "dma100HigherThanDma200" : 0.00,
      "pricePercentageAboveDma50" : 5.79,
      "pricePercentageAboveDma100" : 6.21,
      "pricePercentageAboveDma200" : 6.29,
      "weeklyVolumeHigherThanYearlyVolume" : 0.00,
      "salesGrowthPercentile" : 4.44,
      "operatingProfitMarginPercentile" : 10.75,
      "netProfitMarginPercentile" : 3.77,
      "totalTechnicalScore" : 18.29,
      "totalFundamentalScore" : 18.96,
      "totalScore" : 37.25
    }
  },
  "attributes" : {
    "companyCode" : "OMAXE",
    "companyName" : "Omaxe",
    "marketCap" : 1172.00,
    "peRatio" : 0.00,
    "description" : "Omaxe ltd. is in the business of developing real estate properties for residential, commercial and retail purposes with a presence across 27 cities in 8 states of India. It has undertaken various projects in the areas of contractual construction, township development, building of commercial complexes, multi-storied apartments, etc. [1] [2]"
  },
  "technicalHistory" : [ {
    "date" : "2024-12-09",
    "price" : 110.49,
    "dma50" : 111.72,
    "dma100" : null,
    "dma200" : 108.09,
    "volume" : 130207.00
  }, {
    "date" : "2024-12-10",
    "price" : 111.60,
    "dma50" : 111.72,
    "dma100" : null,
    "dma200" : 108.13,
    "volume" : 281674.00
  }, {
    "date" : "2024-12-11",
    "price" : 119.87,
    "dma50" : 112.04,
    "dma100" : null,
    "dma200" : 108.24,
    "volume" : 3036898.00
  }, {
    "date" : "2024-12-12",
    "price" : 119.81,
    "dma50" : 112.34,
    "dma100" : null,
    "dma200" : 108.36,
    "volume" : 270125.00
  }, {
    "date" : "2024-12-13",
    "price" : 117.14,
    "dma50" : 112.53,
    "dma100" : null,
    "dma200" : 108.44,
    "volume" : 320534.00
  }, {
    "date" : "2024-12-16",
    "price" : 119.92,
    "dma50" : 112.82,
    "dma100" : null,
    "dma200" : 108.56,
    "volume" : 681407.00
  }, {
    "date" : "2024-12-17",
    "price" : 117.90,
    "dma50" : 113.02,
    "dma100" : null,
    "dma200" : 108.65,
    "volume" : 151132.00
  }, {
    "date" : "2024-12-18",
    "price" : 114.76,
    "dma50" : 113.09,
    "dma100" : null,
    "dma200" : 108.71,
    "volume" : 164246.00
  }, {
    "date" : "2024-12-19",
    "price" : 114.29,
    "dma50" : 113.13,
    "dma100" : null,
    "dma200" : 108.77,
    "volume" : 90970.00
  }, {
    "date" : "2024-12-20",
    "price" : 109.13,
    "dma50" : 112.98,
    "dma100" : null,
    "dma200" : 108.77,
    "volume" : 467810.00
  }, {
    "date" : "2024-12-23",
    "price" : 107.92,
    "dma50" : 112.78,
    "dma100" : null,
    "dma200" : 108.76,
    "volume" : 85867.00
  }, {
    "date" : "2024-12-24",
    "price" : 109.73,
    "dma50" : 112.66,
    "dma100" : null,
    "dma200" : 108.77,
    "volume" : 105238.00
  }, {
    "date" : "2024-12-26",
    "price" : 108.20,
    "dma50" : 112.48,
    "dma100" : null,
    "dma200" : 108.77,
    "volume" : 125266.00
  }, {
    "date" : "2024-12-27",
    "price" : 107.10,
    "dma50" : 112.27,
    "dma100" : null,
    "dma200" : 108.75,
    "volume" : 128258.00
  }, {
    "date" : "2024-12-30",
    "price" : 108.67,
    "dma50" : 112.13,
    "dma100" : null,
    "dma200" : 108.75,
    "volume" : 389655.00
  }, {
    "date" : "2024-12-31",
    "price" : 110.35,
    "dma50" : 112.06,
    "dma100" : null,
    "dma200" : 108.77,
    "volume" : 83474.00
  }, {
    "date" : "2025-01-01",
    "price" : 111.11,
    "dma50" : 112.02,
    "dma100" : null,
    "dma200" : 108.79,
    "volume" : 40557.00
  }, {
    "date" : "2025-01-02",
    "price" : 107.93,
    "dma50" : 111.86,
    "dma100" : null,
    "dma200" : 108.78,
    "volume" : 149166.00
  }, {
    "date" : "2025-01-03",
    "price" : 106.81,
    "dma50" : 111.67,
    "dma100" : null,
    "dma200" : 108.76,
    "volume" : 150891.00
  }, {
    "date" : "2025-01-06",
    "price" : 101.05,
    "dma50" : 111.25,
    "dma100" : null,
    "dma200" : 108.68,
    "volume" : 209663.00
  }, {
    "date" : "2025-01-07",
    "price" : 101.21,
    "dma50" : 110.86,
    "dma100" : null,
    "dma200" : 108.61,
    "volume" : 128602.00
  }, {
    "date" : "2025-01-08",
    "price" : 98.83,
    "dma50" : 110.38,
    "dma100" : null,
    "dma200" : 108.51,
    "volume" : 262773.00
  }, {
    "date" : "2025-01-09",
    "price" : 97.94,
    "dma50" : 109.90,
    "dma100" : null,
    "dma200" : 108.41,
    "volume" : 174870.00
  }, {
    "date" : "2025-01-10",
    "price" : 92.93,
    "dma50" : 109.23,
    "dma100" : null,
    "dma200" : 108.25,
    "volume" : 282460.00
  }, {
    "date" : "2025-01-13",
    "price" : 86.97,
    "dma50" : 108.36,
    "dma100" : null,
    "dma200" : 108.04,
    "volume" : 176722.00
  }, {
    "date" : "2025-01-14",
    "price" : 91.70,
    "dma50" : 107.70,
    "dma100" : null,
    "dma200" : 107.88,
    "volume" : 164037.00
  }, {
    "date" : "2025-01-15",
    "price" : 90.19,
    "dma50" : 107.02,
    "dma100" : null,
    "dma200" : 107.70,
    "volume" : 143360.00
  }, {
    "date" : "2025-01-16",
    "price" : 92.15,
    "dma50" : 106.43,
    "dma100" : null,
    "dma200" : 107.55,
    "volume" : 170517.00
  }, {
    "date" : "2025-01-17",
    "price" : 93.12,
    "dma50" : 105.91,
    "dma100" : null,
    "dma200" : 107.40,
    "volume" : 108000.00
  }, {
    "date" : "2025-01-20",
    "price" : 92.66,
    "dma50" : 105.39,
    "dma100" : null,
    "dma200" : 107.26,
    "volume" : 67751.00
  }, {
    "date" : "2025-01-21",
    "price" : 92.32,
    "dma50" : 104.88,
    "dma100" : null,
    "dma200" : 107.11,
    "volume" : 158571.00
  }, {
    "date" : "2025-01-22",
    "price" : 91.09,
    "dma50" : 104.34,
    "dma100" : null,
    "dma200" : 106.95,
    "volume" : 109498.00
  }, {
    "date" : "2025-01-23",
    "price" : 89.92,
    "dma50" : 103.77,
    "dma100" : null,
    "dma200" : 106.78,
    "volume" : 57619.00
  }, {
    "date" : "2025-01-24",
    "price" : 89.87,
    "dma50" : 103.23,
    "dma100" : null,
    "dma200" : 106.61,
    "volume" : 93396.00
  }, {
    "date" : "2025-01-27",
    "price" : 92.05,
    "dma50" : 102.79,
    "dma100" : null,
    "dma200" : 106.47,
    "volume" : 719718.00
  }, {
    "date" : "2025-01-28",
    "price" : 95.53,
    "dma50" : 102.51,
    "dma100" : null,
    "dma200" : 106.36,
    "volume" : 414226.00
  }, {
    "date" : "2025-01-29",
    "price" : 93.01,
    "dma50" : 102.13,
    "dma100" : null,
    "dma200" : 106.23,
    "volume" : 202915.00
  }, {
    "date" : "2025-01-30",
    "price" : 93.56,
    "dma50" : 101.80,
    "dma100" : null,
    "dma200" : 106.10,
    "volume" : 142383.00
  }, {
    "date" : "2025-01-31",
    "price" : 94.77,
    "dma50" : 101.52,
    "dma100" : null,
    "dma200" : 105.99,
    "volume" : 67211.00
  }, {
    "date" : "2025-02-01",
    "price" : 95.09,
    "dma50" : 101.27,
    "dma100" : null,
    "dma200" : 105.88,
    "volume" : 72658.00
  }, {
    "date" : "2025-02-03",
    "price" : 91.95,
    "dma50" : 100.90,
    "dma100" : null,
    "dma200" : 105.74,
    "volume" : 128134.00
  }, {
    "date" : "2025-02-04",
    "price" : 93.34,
    "dma50" : 100.61,
    "dma100" : null,
    "dma200" : 105.62,
    "volume" : 37633.00
  }, {
    "date" : "2025-02-05",
    "price" : 93.58,
    "dma50" : 100.33,
    "dma100" : null,
    "dma200" : 105.50,
    "volume" : 57234.00
  }, {
    "date" : "2025-02-06",
    "price" : 96.71,
    "dma50" : 100.19,
    "dma100" : null,
    "dma200" : 105.41,
    "volume" : 177848.00
  }, {
    "date" : "2025-02-07",
    "price" : 94.39,
    "dma50" : 99.96,
    "dma100" : null,
    "dma200" : 105.30,
    "volume" : 47503.00
  }, {
    "date" : "2025-02-10",
    "price" : 91.11,
    "dma50" : 99.61,
    "dma100" : null,
    "dma200" : 105.16,
    "volume" : 76211.00
  }, {
    "date" : "2025-02-11",
    "price" : 86.02,
    "dma50" : 99.08,
    "dma100" : null,
    "dma200" : 104.97,
    "volume" : 132211.00
  }, {
    "date" : "2025-02-12",
    "price" : 87.65,
    "dma50" : 98.63,
    "dma100" : null,
    "dma200" : 104.80,
    "volume" : 239782.00
  }, {
    "date" : "2025-02-13",
    "price" : 86.81,
    "dma50" : 98.17,
    "dma100" : null,
    "dma200" : 104.62,
    "volume" : 77749.00
  }, {
    "date" : "2025-02-14",
    "price" : 80.97,
    "dma50" : 97.50,
    "dma100" : null,
    "dma200" : 104.38,
    "volume" : 270338.00
  }, {
    "date" : "2025-02-17",
    "price" : 78.91,
    "dma50" : 96.77,
    "dma100" : null,
    "dma200" : 104.13,
    "volume" : 230018.00
  }, {
    "date" : "2025-02-18",
    "price" : 77.72,
    "dma50" : 96.02,
    "dma100" : null,
    "dma200" : 103.87,
    "volume" : 135345.00
  }, {
    "date" : "2025-02-19",
    "price" : 81.74,
    "dma50" : 95.46,
    "dma100" : null,
    "dma200" : 103.64,
    "volume" : 91586.00
  }, {
    "date" : "2025-02-20",
    "price" : 85.25,
    "dma50" : 95.06,
    "dma100" : null,
    "dma200" : 103.46,
    "volume" : 61828.00
  }, {
    "date" : "2025-02-21",
    "price" : 84.68,
    "dma50" : 94.65,
    "dma100" : null,
    "dma200" : 103.28,
    "volume" : 45292.00
  }, {
    "date" : "2025-02-24",
    "price" : 81.51,
    "dma50" : 94.14,
    "dma100" : null,
    "dma200" : 103.06,
    "volume" : 109986.00
  }, {
    "date" : "2025-02-25",
    "price" : 79.94,
    "dma50" : 93.58,
    "dma100" : null,
    "dma200" : 102.83,
    "volume" : 54452.00
  }, {
    "date" : "2025-02-27",
    "price" : 78.89,
    "dma50" : 93.00,
    "dma100" : null,
    "dma200" : 102.59,
    "volume" : 143306.00
  }, {
    "date" : "2025-02-28",
    "price" : 78.78,
    "dma50" : 92.45,
    "dma100" : null,
    "dma200" : 102.35,
    "volume" : 354307.00
  }, {
    "date" : "2025-03-03",
    "price" : 74.59,
    "dma50" : 91.75,
    "dma100" : null,
    "dma200" : 102.08,
    "volume" : 275904.00
  }, {
    "date" : "2025-03-04",
    "price" : 75.77,
    "dma50" : 91.12,
    "dma100" : null,
    "dma200" : 101.82,
    "volume" : 321356.00
  }, {
    "date" : "2025-03-05",
    "price" : 77.55,
    "dma50" : 90.59,
    "dma100" : null,
    "dma200" : 101.57,
    "volume" : 422999.00
  }, {
    "date" : "2025-03-06",
    "price" : 79.09,
    "dma50" : 90.14,
    "dma100" : null,
    "dma200" : 101.35,
    "volume" : 143282.00
  }, {
    "date" : "2025-03-07",
    "price" : 84.86,
    "dma50" : 89.93,
    "dma100" : null,
    "dma200" : 101.19,
    "volume" : 748449.00
  }, {
    "date" : "2025-03-10",
    "price" : 82.10,
    "dma50" : 89.62,
    "dma100" : null,
    "dma200" : 101.00,
    "volume" : 238263.00
  }, {
    "date" : "2025-03-11",
    "price" : 78.75,
    "dma50" : 89.20,
    "dma100" : null,
    "dma200" : 100.77,
    "volume" : 151100.00
  }, {
    "date" : "2025-03-12",
    "price" : 75.70,
    "dma50" : 88.67,
    "dma100" : null,
    "dma200" : 100.53,
    "volume" : 236492.00
  }, {
    "date" : "2025-03-13",
    "price" : 73.92,
    "dma50" : 88.09,
    "dma100" : null,
    "dma200" : 100.26,
    "volume" : 215029.00
  }, {
    "date" : "2025-03-17",
    "price" : 72.26,
    "dma50" : 87.47,
    "dma100" : null,
    "dma200" : 99.98,
    "volume" : 442700.00
  }, {
    "date" : "2025-03-18",
    "price" : 72.81,
    "dma50" : 86.89,
    "dma100" : null,
    "dma200" : 99.71,
    "volume" : 320446.00
  }, {
    "date" : "2025-03-19",
    "price" : 77.58,
    "dma50" : 86.53,
    "dma100" : null,
    "dma200" : 99.49,
    "volume" : 503448.00
  }, {
    "date" : "2025-03-20",
    "price" : 74.19,
    "dma50" : 86.04,
    "dma100" : null,
    "dma200" : 99.24,
    "volume" : 466759.00
  }, {
    "date" : "2025-03-21",
    "price" : 76.70,
    "dma50" : 85.68,
    "dma100" : null,
    "dma200" : 99.02,
    "volume" : 550337.00
  }, {
    "date" : "2025-03-24",
    "price" : 79.06,
    "dma50" : 85.42,
    "dma100" : null,
    "dma200" : 98.82,
    "volume" : 611913.00
  }, {
    "date" : "2025-03-25",
    "price" : 75.53,
    "dma50" : 85.03,
    "dma100" : null,
    "dma200" : 98.59,
    "volume" : 341232.00
  }, {
    "date" : "2025-03-26",
    "price" : 74.06,
    "dma50" : 84.60,
    "dma100" : null,
    "dma200" : 98.34,
    "volume" : 167587.00
  }, {
    "date" : "2025-03-27",
    "price" : 78.28,
    "dma50" : 84.35,
    "dma100" : null,
    "dma200" : 98.14,
    "volume" : 841728.00
  }, {
    "date" : "2025-03-28",
    "price" : 78.20,
    "dma50" : 84.11,
    "dma100" : null,
    "dma200" : 97.94,
    "volume" : 344664.00
  }, {
    "date" : "2025-04-01",
    "price" : 80.16,
    "dma50" : 83.96,
    "dma100" : null,
    "dma200" : 97.77,
    "volume" : 280157.00
  }, {
    "date" : "2025-04-02",
    "price" : 79.01,
    "dma50" : 83.76,
    "dma100" : null,
    "dma200" : 97.58,
    "volume" : 151215.00
  }, {
    "date" : "2025-04-03",
    "price" : 80.64,
    "dma50" : 83.64,
    "dma100" : null,
    "dma200" : 97.41,
    "volume" : 131909.00
  }, {
    "date" : "2025-04-04",
    "price" : 75.19,
    "dma50" : 83.31,
    "dma100" : null,
    "dma200" : 97.19,
    "volume" : 373821.00
  }, {
    "date" : "2025-04-07",
    "price" : 74.56,
    "dma50" : 82.97,
    "dma100" : null,
    "dma200" : 96.96,
    "volume" : 145130.00
  }, {
    "date" : "2025-04-08",
    "price" : 75.53,
    "dma50" : 82.67,
    "dma100" : null,
    "dma200" : 96.75,
    "volume" : 98115.00
  }, {
    "date" : "2025-04-09",
    "price" : 72.96,
    "dma50" : 82.29,
    "dma100" : null,
    "dma200" : 96.51,
    "volume" : 101969.00
  }, {
    "date" : "2025-04-11",
    "price" : 74.43,
    "dma50" : 81.98,
    "dma100" : null,
    "dma200" : 96.29,
    "volume" : 72473.00
  }, {
    "date" : "2025-04-15",
    "price" : 78.23,
    "dma50" : 81.84,
    "dma100" : null,
    "dma200" : 96.12,
    "volume" : 115076.00
  }, {
    "date" : "2025-04-16",
    "price" : 78.09,
    "dma50" : 81.69,
    "dma100" : null,
    "dma200" : 95.94,
    "volume" : 83765.00
  }, {
    "date" : "2025-04-17",
    "price" : 78.95,
    "dma50" : 81.58,
    "dma100" : null,
    "dma200" : 95.77,
    "volume" : 110019.00
  }, {
    "date" : "2025-04-21",
    "price" : 79.24,
    "dma50" : 81.49,
    "dma100" : null,
    "dma200" : 95.60,
    "volume" : 109632.00
  }, {
    "date" : "2025-04-22",
    "price" : 79.01,
    "dma50" : 81.39,
    "dma100" : null,
    "dma200" : 95.44,
    "volume" : 166504.00
  }, {
    "date" : "2025-04-23",
    "price" : 78.85,
    "dma50" : 81.29,
    "dma100" : null,
    "dma200" : 95.27,
    "volume" : 89863.00
  }, {
    "date" : "2025-04-24",
    "price" : 78.84,
    "dma50" : 81.20,
    "dma100" : null,
    "dma200" : 95.11,
    "volume" : 88241.00
  }, {
    "date" : "2025-04-25",
    "price" : 77.21,
    "dma50" : 81.04,
    "dma100" : null,
    "dma200" : 94.93,
    "volume" : 97563.00
  }, {
    "date" : "2025-04-28",
    "price" : 77.73,
    "dma50" : 80.91,
    "dma100" : null,
    "dma200" : 94.76,
    "volume" : 71823.00
  }, {
    "date" : "2025-04-29",
    "price" : 77.48,
    "dma50" : 80.78,
    "dma100" : null,
    "dma200" : 94.59,
    "volume" : 46832.00
  }, {
    "date" : "2025-04-30",
    "price" : 75.31,
    "dma50" : 80.56,
    "dma100" : null,
    "dma200" : 94.40,
    "volume" : 129154.00
  }, {
    "date" : "2025-05-02",
    "price" : 74.35,
    "dma50" : 80.32,
    "dma100" : null,
    "dma200" : 94.20,
    "volume" : 65366.00
  }, {
    "date" : "2025-05-05",
    "price" : 75.11,
    "dma50" : 80.11,
    "dma100" : null,
    "dma200" : 94.01,
    "volume" : 40188.00
  }, {
    "date" : "2025-05-06",
    "price" : 72.62,
    "dma50" : 79.82,
    "dma100" : null,
    "dma200" : 93.79,
    "volume" : 58032.00
  }, {
    "date" : "2025-05-07",
    "price" : 71.47,
    "dma50" : 79.49,
    "dma100" : 88.44,
    "dma200" : 93.57,
    "volume" : 75454.00
  }, {
    "date" : "2025-05-08",
    "price" : 71.17,
    "dma50" : 79.17,
    "dma100" : 88.04,
    "dma200" : 93.35,
    "volume" : 91998.00
  }, {
    "date" : "2025-05-09",
    "price" : 70.27,
    "dma50" : 78.82,
    "dma100" : 87.54,
    "dma200" : 93.12,
    "volume" : 62056.00
  }, {
    "date" : "2025-05-12",
    "price" : 74.09,
    "dma50" : 78.63,
    "dma100" : 87.08,
    "dma200" : 92.93,
    "volume" : 85917.00
  }, {
    "date" : "2025-05-13",
    "price" : 75.60,
    "dma50" : 78.51,
    "dma100" : 86.67,
    "dma200" : 92.76,
    "volume" : 124644.00
  }, {
    "date" : "2025-05-14",
    "price" : 78.60,
    "dma50" : 78.52,
    "dma100" : 86.26,
    "dma200" : 92.62,
    "volume" : 98133.00
  }, {
    "date" : "2025-05-15",
    "price" : 79.06,
    "dma50" : 78.54,
    "dma100" : 85.87,
    "dma200" : 92.48,
    "volume" : 132265.00
  }, {
    "date" : "2025-05-16",
    "price" : 80.80,
    "dma50" : 78.63,
    "dma100" : 85.53,
    "dma200" : 92.37,
    "volume" : 120118.00
  }, {
    "date" : "2025-05-19",
    "price" : 79.19,
    "dma50" : 78.65,
    "dma100" : 85.18,
    "dma200" : 92.23,
    "volume" : 165933.00
  }, {
    "date" : "2025-05-20",
    "price" : 78.03,
    "dma50" : 78.62,
    "dma100" : 84.87,
    "dma200" : 92.09,
    "volume" : 72627.00
  }, {
    "date" : "2025-05-21",
    "price" : 79.26,
    "dma50" : 78.65,
    "dma100" : 84.58,
    "dma200" : 91.96,
    "volume" : 42555.00
  }, {
    "date" : "2025-05-22",
    "price" : 78.15,
    "dma50" : 78.63,
    "dma100" : 84.26,
    "dma200" : 91.83,
    "volume" : 65761.00
  }, {
    "date" : "2025-05-23",
    "price" : 79.95,
    "dma50" : 78.68,
    "dma100" : 83.98,
    "dma200" : 91.71,
    "volume" : 95617.00
  }, {
    "date" : "2025-05-26",
    "price" : 80.35,
    "dma50" : 78.75,
    "dma100" : 83.71,
    "dma200" : 91.60,
    "volume" : 147980.00
  }, {
    "date" : "2025-05-27",
    "price" : 88.30,
    "dma50" : 79.12,
    "dma100" : 83.51,
    "dma200" : 91.56,
    "volume" : 472069.00
  }, {
    "date" : "2025-05-28",
    "price" : 87.82,
    "dma50" : 79.46,
    "dma100" : 83.28,
    "dma200" : 91.53,
    "volume" : 159985.00
  }, {
    "date" : "2025-05-29",
    "price" : 87.28,
    "dma50" : 79.77,
    "dma100" : 83.05,
    "dma200" : 91.48,
    "volume" : 206220.00
  }, {
    "date" : "2025-05-30",
    "price" : 85.22,
    "dma50" : 79.98,
    "dma100" : 82.82,
    "dma200" : 91.42,
    "volume" : 91240.00
  }, {
    "date" : "2025-06-02",
    "price" : 99.47,
    "dma50" : 80.75,
    "dma100" : 82.74,
    "dma200" : 91.50,
    "volume" : 1151358.00
  }, {
    "date" : "2025-06-03",
    "price" : 100.15,
    "dma50" : 81.51,
    "dma100" : 82.74,
    "dma200" : 91.59,
    "volume" : 1336246.00
  }, {
    "date" : "2025-06-04",
    "price" : 100.33,
    "dma50" : 82.25,
    "dma100" : 82.73,
    "dma200" : 91.67,
    "volume" : 504757.00
  }, {
    "date" : "2025-06-05",
    "price" : 105.01,
    "dma50" : 83.14,
    "dma100" : 82.79,
    "dma200" : 91.81,
    "volume" : 521523.00
  }, {
    "date" : "2025-06-06",
    "price" : 100.96,
    "dma50" : 83.84,
    "dma100" : 82.82,
    "dma200" : 91.90,
    "volume" : 404893.00
  }, {
    "date" : "2025-06-09",
    "price" : 100.37,
    "dma50" : 84.49,
    "dma100" : 82.89,
    "dma200" : 91.98,
    "volume" : 392036.00
  }, {
    "date" : "2025-06-10",
    "price" : 97.85,
    "dma50" : 85.01,
    "dma100" : 83.00,
    "dma200" : 92.04,
    "volume" : 266376.00
  }, {
    "date" : "2025-06-11",
    "price" : 97.92,
    "dma50" : 85.52,
    "dma100" : 83.06,
    "dma200" : 92.10,
    "volume" : 199458.00
  }, {
    "date" : "2025-06-12",
    "price" : 95.83,
    "dma50" : 85.92,
    "dma100" : 83.12,
    "dma200" : 92.14,
    "volume" : 117550.00
  }, {
    "date" : "2025-06-13",
    "price" : 95.38,
    "dma50" : 86.29,
    "dma100" : 83.15,
    "dma200" : 92.17,
    "volume" : 120749.00
  }, {
    "date" : "2025-06-16",
    "price" : 106.61,
    "dma50" : 87.09,
    "dma100" : 83.29,
    "dma200" : 92.31,
    "volume" : 3468893.00
  }, {
    "date" : "2025-06-17",
    "price" : 100.16,
    "dma50" : 87.60,
    "dma100" : 83.36,
    "dma200" : 92.39,
    "volume" : 1568459.00
  }, {
    "date" : "2025-06-18",
    "price" : 102.84,
    "dma50" : 88.20,
    "dma100" : 83.47,
    "dma200" : 92.49,
    "volume" : 6110535.00
  }, {
    "date" : "2025-06-19",
    "price" : 102.39,
    "dma50" : 88.76,
    "dma100" : 83.58,
    "dma200" : 92.59,
    "volume" : 1246114.00
  }, {
    "date" : "2025-06-20",
    "price" : 103.87,
    "dma50" : 89.35,
    "dma100" : 83.72,
    "dma200" : 92.71,
    "volume" : 1249286.00
  }, {
    "date" : "2025-06-23",
    "price" : 103.38,
    "dma50" : 89.90,
    "dma100" : 83.86,
    "dma200" : 92.81,
    "volume" : 423728.00
  }, {
    "date" : "2025-06-24",
    "price" : 103.36,
    "dma50" : 90.43,
    "dma100" : 83.97,
    "dma200" : 92.92,
    "volume" : 830681.00
  }, {
    "date" : "2025-06-25",
    "price" : 104.15,
    "dma50" : 90.96,
    "dma100" : 84.06,
    "dma200" : 93.03,
    "volume" : 1304230.00
  }, {
    "date" : "2025-06-26",
    "price" : 102.87,
    "dma50" : 91.43,
    "dma100" : 84.15,
    "dma200" : 93.13,
    "volume" : 755265.00
  }, {
    "date" : "2025-06-27",
    "price" : 101.81,
    "dma50" : 91.84,
    "dma100" : 84.24,
    "dma200" : 93.21,
    "volume" : 1471041.00
  }, {
    "date" : "2025-06-30",
    "price" : 102.76,
    "dma50" : 92.27,
    "dma100" : 84.32,
    "dma200" : 93.31,
    "volume" : 2048931.00
  }, {
    "date" : "2025-07-01",
    "price" : 101.82,
    "dma50" : 92.64,
    "dma100" : 84.38,
    "dma200" : 93.39,
    "volume" : 1720618.00
  }, {
    "date" : "2025-07-02",
    "price" : 99.12,
    "dma50" : 92.90,
    "dma100" : 84.46,
    "dma200" : 93.45,
    "volume" : 760495.00
  }, {
    "date" : "2025-07-03",
    "price" : 100.54,
    "dma50" : 93.20,
    "dma100" : 84.53,
    "dma200" : 93.52,
    "volume" : 639857.00
  }, {
    "date" : "2025-07-04",
    "price" : 103.35,
    "dma50" : 93.59,
    "dma100" : 84.62,
    "dma200" : 93.62,
    "volume" : 1053860.00
  }, {
    "date" : "2025-07-07",
    "price" : 102.26,
    "dma50" : 93.93,
    "dma100" : 84.68,
    "dma200" : 93.70,
    "volume" : 202313.00
  }, {
    "date" : "2025-07-08",
    "price" : 104.67,
    "dma50" : 94.35,
    "dma100" : 84.78,
    "dma200" : 93.81,
    "volume" : 1962832.00
  }, {
    "date" : "2025-07-09",
    "price" : 103.87,
    "dma50" : 94.73,
    "dma100" : 84.91,
    "dma200" : 93.91,
    "volume" : 990454.00
  }, {
    "date" : "2025-07-10",
    "price" : 102.94,
    "dma50" : 95.05,
    "dma100" : 85.08,
    "dma200" : 94.00,
    "volume" : 327041.00
  }, {
    "date" : "2025-07-11",
    "price" : 102.08,
    "dma50" : 95.33,
    "dma100" : 85.22,
    "dma200" : 94.08,
    "volume" : 290768.00
  }, {
    "date" : "2025-07-14",
    "price" : 102.64,
    "dma50" : 95.61,
    "dma100" : 85.38,
    "dma200" : 94.17,
    "volume" : 228090.00
  }, {
    "date" : "2025-07-15",
    "price" : 105.77,
    "dma50" : 96.01,
    "dma100" : 85.63,
    "dma200" : 94.28,
    "volume" : 520468.00
  }, {
    "date" : "2025-07-16",
    "price" : 104.48,
    "dma50" : 96.34,
    "dma100" : 85.89,
    "dma200" : 94.39,
    "volume" : 775668.00
  }, {
    "date" : "2025-07-17",
    "price" : 106.91,
    "dma50" : 96.76,
    "dma100" : 86.18,
    "dma200" : 94.51,
    "volume" : 1163043.00
  }, {
    "date" : "2025-07-18",
    "price" : 105.07,
    "dma50" : 97.08,
    "dma100" : 86.41,
    "dma200" : 94.61,
    "volume" : 1096796.00
  }, {
    "date" : "2025-07-21",
    "price" : 104.26,
    "dma50" : 97.36,
    "dma100" : 86.60,
    "dma200" : 94.71,
    "volume" : 320050.00
  }, {
    "date" : "2025-07-22",
    "price" : 102.57,
    "dma50" : 97.57,
    "dma100" : 86.78,
    "dma200" : 94.79,
    "volume" : 466743.00
  }, {
    "date" : "2025-07-23",
    "price" : 99.07,
    "dma50" : 97.63,
    "dma100" : 86.96,
    "dma200" : 94.83,
    "volume" : 906722.00
  }, {
    "date" : "2025-07-24",
    "price" : 99.39,
    "dma50" : 97.70,
    "dma100" : 87.15,
    "dma200" : 94.88,
    "volume" : 318646.00
  }, {
    "date" : "2025-07-25",
    "price" : 94.17,
    "dma50" : 97.56,
    "dma100" : 87.30,
    "dma200" : 94.87,
    "volume" : 365344.00
  }, {
    "date" : "2025-07-28",
    "price" : 99.85,
    "dma50" : 97.65,
    "dma100" : 87.51,
    "dma200" : 94.92,
    "volume" : 1396866.00
  }, {
    "date" : "2025-07-29",
    "price" : 101.50,
    "dma50" : 97.80,
    "dma100" : 87.78,
    "dma200" : 94.99,
    "volume" : 536669.00
  }, {
    "date" : "2025-07-30",
    "price" : 98.65,
    "dma50" : 97.83,
    "dma100" : 88.01,
    "dma200" : 95.02,
    "volume" : 446713.00
  }, {
    "date" : "2025-07-31",
    "price" : 97.53,
    "dma50" : 97.82,
    "dma100" : 88.21,
    "dma200" : 95.05,
    "volume" : 182664.00
  }, {
    "date" : "2025-08-01",
    "price" : 95.96,
    "dma50" : 97.75,
    "dma100" : 88.38,
    "dma200" : 95.06,
    "volume" : 272382.00
  }, {
    "date" : "2025-08-04",
    "price" : 96.10,
    "dma50" : 97.68,
    "dma100" : 88.49,
    "dma200" : 95.07,
    "volume" : 117789.00
  }, {
    "date" : "2025-08-05",
    "price" : 94.34,
    "dma50" : 97.55,
    "dma100" : 88.62,
    "dma200" : 95.06,
    "volume" : 150279.00
  }, {
    "date" : "2025-08-06",
    "price" : 93.15,
    "dma50" : 97.38,
    "dma100" : 88.76,
    "dma200" : 95.04,
    "volume" : 98108.00
  }, {
    "date" : "2025-08-07",
    "price" : 94.72,
    "dma50" : 97.28,
    "dma100" : 88.95,
    "dma200" : 95.04,
    "volume" : 114765.00
  }, {
    "date" : "2025-08-08",
    "price" : 92.41,
    "dma50" : 97.08,
    "dma100" : 89.13,
    "dma200" : 95.01,
    "volume" : 50182.00
  }, {
    "date" : "2025-08-11",
    "price" : 93.57,
    "dma50" : 96.95,
    "dma100" : 89.35,
    "dma200" : 95.00,
    "volume" : 115744.00
  }, {
    "date" : "2025-08-12",
    "price" : 94.71,
    "dma50" : 96.86,
    "dma100" : 89.57,
    "dma200" : 94.99,
    "volume" : 89741.00
  }, {
    "date" : "2025-08-13",
    "price" : 94.44,
    "dma50" : 96.76,
    "dma100" : 89.74,
    "dma200" : 94.99,
    "volume" : 74911.00
  }, {
    "date" : "2025-08-14",
    "price" : 92.34,
    "dma50" : 96.59,
    "dma100" : 89.92,
    "dma200" : 94.96,
    "volume" : 284872.00
  }, {
    "date" : "2025-08-18",
    "price" : 93.56,
    "dma50" : 96.47,
    "dma100" : 90.09,
    "dma200" : 94.95,
    "volume" : 65599.00
  }, {
    "date" : "2025-08-19",
    "price" : 93.37,
    "dma50" : 96.35,
    "dma100" : 90.23,
    "dma200" : 94.93,
    "volume" : 119397.00
  }, {
    "date" : "2025-08-20",
    "price" : 92.09,
    "dma50" : 96.18,
    "dma100" : 90.39,
    "dma200" : 94.90,
    "volume" : 111442.00
  }, {
    "date" : "2025-08-21",
    "price" : 91.64,
    "dma50" : 96.00,
    "dma100" : 90.57,
    "dma200" : 94.87,
    "volume" : 132600.00
  }, {
    "date" : "2025-08-22",
    "price" : 90.24,
    "dma50" : 95.78,
    "dma100" : 90.69,
    "dma200" : 94.82,
    "volume" : 57612.00
  }, {
    "date" : "2025-08-25",
    "price" : 89.55,
    "dma50" : 95.53,
    "dma100" : 90.80,
    "dma200" : 94.77,
    "volume" : 659550.00
  }, {
    "date" : "2025-08-26",
    "price" : 87.92,
    "dma50" : 95.24,
    "dma100" : 90.88,
    "dma200" : 94.70,
    "volume" : 72354.00
  }, {
    "date" : "2025-08-28",
    "price" : 84.12,
    "dma50" : 94.80,
    "dma100" : 90.93,
    "dma200" : 94.60,
    "volume" : 182112.00
  }, {
    "date" : "2025-08-29",
    "price" : 87.49,
    "dma50" : 94.51,
    "dma100" : 91.00,
    "dma200" : 94.53,
    "volume" : 9532335.00
  }, {
    "date" : "2025-09-01",
    "price" : 86.58,
    "dma50" : 94.20,
    "dma100" : 91.11,
    "dma200" : 94.45,
    "volume" : 490566.00
  }, {
    "date" : "2025-09-02",
    "price" : 86.98,
    "dma50" : 93.92,
    "dma100" : 91.24,
    "dma200" : 94.37,
    "volume" : 301760.00
  }, {
    "date" : "2025-09-03",
    "price" : 89.02,
    "dma50" : 93.73,
    "dma100" : 91.37,
    "dma200" : 94.32,
    "volume" : 154229.00
  }, {
    "date" : "2025-09-04",
    "price" : 86.69,
    "dma50" : 93.45,
    "dma100" : 91.51,
    "dma200" : 94.25,
    "volume" : 180578.00
  }, {
    "date" : "2025-09-05",
    "price" : 86.89,
    "dma50" : 93.19,
    "dma100" : 91.63,
    "dma200" : 94.17,
    "volume" : 75167.00
  }, {
    "date" : "2025-09-08",
    "price" : 86.82,
    "dma50" : 92.94,
    "dma100" : 91.72,
    "dma200" : 94.10,
    "volume" : 48445.00
  }, {
    "date" : "2025-09-09",
    "price" : 86.50,
    "dma50" : 92.69,
    "dma100" : 91.80,
    "dma200" : 94.02,
    "volume" : 95678.00
  }, {
    "date" : "2025-09-10",
    "price" : 87.18,
    "dma50" : 92.47,
    "dma100" : 91.89,
    "dma200" : 93.96,
    "volume" : 80880.00
  }, {
    "date" : "2025-09-11",
    "price" : 89.02,
    "dma50" : 92.34,
    "dma100" : 91.98,
    "dma200" : 93.91,
    "volume" : 133706.00
  }, {
    "date" : "2025-09-12",
    "price" : 88.87,
    "dma50" : 92.20,
    "dma100" : 92.08,
    "dma200" : 93.86,
    "volume" : 56853.00
  }, {
    "date" : "2025-09-15",
    "price" : 88.76,
    "dma50" : 92.07,
    "dma100" : 92.18,
    "dma200" : 93.81,
    "volume" : 101809.00
  }, {
    "date" : "2025-09-16",
    "price" : 86.60,
    "dma50" : 91.85,
    "dma100" : 92.26,
    "dma200" : 93.73,
    "volume" : 126097.00
  }, {
    "date" : "2025-09-17",
    "price" : 87.12,
    "dma50" : 91.67,
    "dma100" : 92.36,
    "dma200" : 93.67,
    "volume" : 105717.00
  }, {
    "date" : "2025-09-18",
    "price" : 85.77,
    "dma50" : 91.44,
    "dma100" : 92.44,
    "dma200" : 93.59,
    "volume" : 166160.00
  }, {
    "date" : "2025-09-19",
    "price" : 86.11,
    "dma50" : 91.23,
    "dma100" : 92.53,
    "dma200" : 93.52,
    "volume" : 200904.00
  }, {
    "date" : "2025-09-22",
    "price" : 85.81,
    "dma50" : 91.02,
    "dma100" : 92.63,
    "dma200" : 93.44,
    "volume" : 164830.00
  }, {
    "date" : "2025-09-23",
    "price" : 85.94,
    "dma50" : 90.82,
    "dma100" : 92.75,
    "dma200" : 93.36,
    "volume" : 309107.00
  }, {
    "date" : "2025-09-24",
    "price" : 84.94,
    "dma50" : 90.59,
    "dma100" : 92.85,
    "dma200" : 93.28,
    "volume" : 86130.00
  }, {
    "date" : "2025-09-25",
    "price" : 83.56,
    "dma50" : 90.31,
    "dma100" : 92.95,
    "dma200" : 93.18,
    "volume" : 120869.00
  }, {
    "date" : "2025-09-26",
    "price" : 82.85,
    "dma50" : 90.02,
    "dma100" : 93.07,
    "dma200" : 93.08,
    "volume" : 90786.00
  }, {
    "date" : "2025-09-29",
    "price" : 80.45,
    "dma50" : 89.64,
    "dma100" : 93.16,
    "dma200" : 92.95,
    "volume" : 115827.00
  }, {
    "date" : "2025-09-30",
    "price" : 79.15,
    "dma50" : 89.23,
    "dma100" : 93.25,
    "dma200" : 92.82,
    "volume" : 115417.00
  }, {
    "date" : "2025-10-01",
    "price" : 81.90,
    "dma50" : 88.94,
    "dma100" : 93.33,
    "dma200" : 92.71,
    "volume" : 267740.00
  }, {
    "date" : "2025-10-03",
    "price" : 84.10,
    "dma50" : 88.75,
    "dma100" : 93.41,
    "dma200" : 92.62,
    "volume" : 1688880.00
  }, {
    "date" : "2025-10-06",
    "price" : 84.24,
    "dma50" : 88.58,
    "dma100" : 93.47,
    "dma200" : 92.54,
    "volume" : 199813.00
  }, {
    "date" : "2025-10-07",
    "price" : 82.02,
    "dma50" : 88.32,
    "dma100" : 93.50,
    "dma200" : 92.44,
    "volume" : 907182.00
  }, {
    "date" : "2025-10-08",
    "price" : 80.00,
    "dma50" : 87.99,
    "dma100" : 93.49,
    "dma200" : 92.31,
    "volume" : 529455.00
  }, {
    "date" : "2025-10-09",
    "price" : 80.04,
    "dma50" : 87.68,
    "dma100" : 93.50,
    "dma200" : 92.19,
    "volume" : 140631.00
  }, {
    "date" : "2025-10-10",
    "price" : 83.60,
    "dma50" : 87.52,
    "dma100" : 93.56,
    "dma200" : 92.10,
    "volume" : 425081.00
  }, {
    "date" : "2025-10-13",
    "price" : 82.12,
    "dma50" : 87.31,
    "dma100" : 93.58,
    "dma200" : 92.00,
    "volume" : 120059.00
  }, {
    "date" : "2025-10-14",
    "price" : 81.72,
    "dma50" : 87.09,
    "dma100" : 93.62,
    "dma200" : 91.90,
    "volume" : 127958.00
  }, {
    "date" : "2025-10-15",
    "price" : 81.23,
    "dma50" : 86.86,
    "dma100" : 93.63,
    "dma200" : 91.80,
    "volume" : 93220.00
  }, {
    "date" : "2025-10-16",
    "price" : 81.59,
    "dma50" : 86.65,
    "dma100" : 93.64,
    "dma200" : 91.69,
    "volume" : 83968.00
  }, {
    "date" : "2025-10-17",
    "price" : 80.74,
    "dma50" : 86.42,
    "dma100" : 93.57,
    "dma200" : 91.59,
    "volume" : 95317.00
  }, {
    "date" : "2025-10-20",
    "price" : 80.66,
    "dma50" : 86.20,
    "dma100" : 93.50,
    "dma200" : 91.48,
    "volume" : 119681.00
  }, {
    "date" : "2025-10-21",
    "price" : 80.71,
    "dma50" : 85.98,
    "dma100" : 93.43,
    "dma200" : 91.37,
    "volume" : 45656.00
  }, {
    "date" : "2025-10-23",
    "price" : 81.39,
    "dma50" : 85.80,
    "dma100" : 93.39,
    "dma200" : 91.27,
    "volume" : 108451.00
  }, {
    "date" : "2025-10-24",
    "price" : 80.93,
    "dma50" : 85.61,
    "dma100" : 93.21,
    "dma200" : 91.17,
    "volume" : 102591.00
  }, {
    "date" : "2025-10-27",
    "price" : 81.05,
    "dma50" : 85.43,
    "dma100" : 93.02,
    "dma200" : 91.07,
    "volume" : 124021.00
  }, {
    "date" : "2025-10-28",
    "price" : 80.13,
    "dma50" : 85.22,
    "dma100" : 92.82,
    "dma200" : 90.96,
    "volume" : 97188.00
  }, {
    "date" : "2025-10-29",
    "price" : 80.65,
    "dma50" : 85.04,
    "dma100" : 92.57,
    "dma200" : 90.86,
    "volume" : 102823.00
  }, {
    "date" : "2025-10-30",
    "price" : 80.69,
    "dma50" : 84.87,
    "dma100" : 92.37,
    "dma200" : 90.75,
    "volume" : 107296.00
  }, {
    "date" : "2025-10-31",
    "price" : 80.35,
    "dma50" : 84.70,
    "dma100" : 92.17,
    "dma200" : 90.65,
    "volume" : 77048.00
  }, {
    "date" : "2025-11-03",
    "price" : 81.12,
    "dma50" : 84.56,
    "dma100" : 92.00,
    "dma200" : 90.56,
    "volume" : 73986.00
  }, {
    "date" : "2025-11-04",
    "price" : 79.78,
    "dma50" : 84.37,
    "dma100" : 91.82,
    "dma200" : 90.45,
    "volume" : 83783.00
  }, {
    "date" : "2025-11-06",
    "price" : 78.55,
    "dma50" : 84.14,
    "dma100" : 91.65,
    "dma200" : 90.33,
    "volume" : 53924.00
  }, {
    "date" : "2025-11-07",
    "price" : 79.96,
    "dma50" : 83.98,
    "dma100" : 91.49,
    "dma200" : 90.23,
    "volume" : 127068.00
  }, {
    "date" : "2025-11-10",
    "price" : 78.30,
    "dma50" : 83.75,
    "dma100" : 91.21,
    "dma200" : 90.11,
    "volume" : 175520.00
  }, {
    "date" : "2025-11-11",
    "price" : 77.89,
    "dma50" : 83.52,
    "dma100" : 90.99,
    "dma200" : 89.99,
    "volume" : 32980.00
  }, {
    "date" : "2025-11-12",
    "price" : 77.96,
    "dma50" : 83.31,
    "dma100" : 90.74,
    "dma200" : 89.87,
    "volume" : 78474.00
  }, {
    "date" : "2025-11-13",
    "price" : 77.15,
    "dma50" : 83.06,
    "dma100" : 90.49,
    "dma200" : 89.74,
    "volume" : 59357.00
  }, {
    "date" : "2025-11-14",
    "price" : 76.98,
    "dma50" : 82.83,
    "dma100" : 90.22,
    "dma200" : 89.61,
    "volume" : 160772.00
  }, {
    "date" : "2025-11-17",
    "price" : 74.27,
    "dma50" : 82.49,
    "dma100" : 89.93,
    "dma200" : 89.46,
    "volume" : 339586.00
  }, {
    "date" : "2025-11-18",
    "price" : 73.04,
    "dma50" : 82.12,
    "dma100" : 89.62,
    "dma200" : 89.30,
    "volume" : 91890.00
  }, {
    "date" : "2025-11-19",
    "price" : 71.97,
    "dma50" : 81.72,
    "dma100" : 89.30,
    "dma200" : 89.13,
    "volume" : 240018.00
  }, {
    "date" : "2025-11-20",
    "price" : 70.60,
    "dma50" : 81.29,
    "dma100" : 88.98,
    "dma200" : 88.94,
    "volume" : 230573.00
  }, {
    "date" : "2025-11-21",
    "price" : 69.38,
    "dma50" : 80.82,
    "dma100" : 88.65,
    "dma200" : 88.75,
    "volume" : 111895.00
  }, {
    "date" : "2025-11-24",
    "price" : 67.37,
    "dma50" : 80.29,
    "dma100" : 88.30,
    "dma200" : 88.53,
    "volume" : 130610.00
  }, {
    "date" : "2025-11-25",
    "price" : 68.49,
    "dma50" : 79.83,
    "dma100" : 87.97,
    "dma200" : 88.33,
    "volume" : 143800.00
  }, {
    "date" : "2025-11-26",
    "price" : 69.01,
    "dma50" : 79.40,
    "dma100" : 87.67,
    "dma200" : 88.14,
    "volume" : 441414.00
  }, {
    "date" : "2025-11-27",
    "price" : 69.73,
    "dma50" : 79.02,
    "dma100" : 87.36,
    "dma200" : 87.96,
    "volume" : 96927.00
  }, {
    "date" : "2025-11-28",
    "price" : 69.66,
    "dma50" : 78.66,
    "dma100" : 87.02,
    "dma200" : 87.78,
    "volume" : 81594.00
  }, {
    "date" : "2025-12-01",
    "price" : 68.40,
    "dma50" : 78.26,
    "dma100" : 86.68,
    "dma200" : 87.58,
    "volume" : 77669.00
  }, {
    "date" : "2025-12-02",
    "price" : 68.75,
    "dma50" : 77.88,
    "dma100" : 86.32,
    "dma200" : 87.40,
    "volume" : 187295.00
  }, {
    "date" : "2025-12-03",
    "price" : 70.04,
    "dma50" : 77.57,
    "dma100" : 85.98,
    "dma200" : 87.22,
    "volume" : 191541.00
  }, {
    "date" : "2025-12-04",
    "price" : 68.46,
    "dma50" : 77.22,
    "dma100" : 85.64,
    "dma200" : 87.04,
    "volume" : 73140.00
  }, {
    "date" : "2025-12-05",
    "price" : 67.83,
    "dma50" : 76.85,
    "dma100" : 85.30,
    "dma200" : 86.85,
    "volume" : 55359.00
  }, {
    "date" : "2025-12-08",
    "price" : 64.29,
    "dma50" : 76.36,
    "dma100" : 84.91,
    "dma200" : 86.62,
    "volume" : 735687.00
  } ],
  "latestTechnicalAttributes" : {
    "date" : "2025-12-08",
    "price" : 64.29,
    "dma50" : 76.36,
    "dma100" : 84.91,
    "dma200" : 86.62,
    "volume" : 735687.00
  },
  "quarterlyResults" : [ {
    "date" : "2006-12-31",
    "sales" : 229.19,
    "salesGrowthYoY" : null,
    "grossProfitMargin" : 100.00,
    "grossProfit" : 229.19,
    "operatingProfitMargin" : 23.88,
    "operatingProfit" : 54.73,
    "netProfitMargin" : 12.74,
    "netProfit" : 29.20
  }, {
    "date" : "2007-03-31",
    "sales" : 121.95,
    "salesGrowthYoY" : null,
    "grossProfitMargin" : 100.00,
    "grossProfit" : 121.95,
    "operatingProfitMargin" : -3.69,
    "operatingProfit" : -4.50,
    "netProfitMargin" : -5.99,
    "netProfit" : -7.30
  }, {
    "date" : "2007-06-30",
    "sales" : 255.90,
    "salesGrowthYoY" : null,
    "grossProfitMargin" : 100.00,
    "grossProfit" : 255.90,
    "operatingProfitMargin" : 34.02,
    "operatingProfit" : 87.06,
    "netProfitMargin" : 21.28,
    "netProfit" : 54.46
  }, {
    "date" : "2007-09-30",
    "sales" : 446.91,
    "salesGrowthYoY" : null,
    "grossProfitMargin" : 100.00,
    "grossProfit" : 446.91,
    "operatingProfitMargin" : 35.68,
    "operatingProfit" : 159.46,
    "netProfitMargin" : 26.12,
    "netProfit" : 116.73
  }, {
    "date" : "2007-12-31",
    "sales" : 567.56,
    "salesGrowthYoY" : 147.64,
    "grossProfitMargin" : 100.00,
    "grossProfit" : 567.56,
    "operatingProfitMargin" : 29.82,
    "operatingProfit" : 169.25,
    "netProfitMargin" : 21.69,
    "netProfit" : 123.10
  }, {
    "date" : "2008-03-31",
    "sales" : 519.14,
    "salesGrowthYoY" : 325.70,
    "grossProfitMargin" : 100.00,
    "grossProfit" : 519.14,
    "operatingProfitMargin" : 19.01,
    "operatingProfit" : 98.69,
    "netProfitMargin" : 15.85,
    "netProfit" : 82.28
  }, {
    "date" : "2008-06-30",
    "sales" : 288.84,
    "salesGrowthYoY" : 12.87,
    "grossProfitMargin" : 100.00,
    "grossProfit" : 288.84,
    "operatingProfitMargin" : 27.79,
    "operatingProfit" : 80.27,
    "netProfitMargin" : 16.11,
    "netProfit" : 46.53
  }, {
    "date" : "2008-09-30",
    "sales" : 182.91,
    "salesGrowthYoY" : -59.07,
    "grossProfitMargin" : 100.00,
    "grossProfit" : 182.91,
    "operatingProfitMargin" : 17.02,
    "operatingProfit" : 31.13,
    "netProfitMargin" : 31.99,
    "netProfit" : 58.51
  }, {
    "date" : "2008-12-31",
    "sales" : 151.18,
    "salesGrowthYoY" : -73.36,
    "grossProfitMargin" : 100.00,
    "grossProfit" : 151.18,
    "operatingProfitMargin" : 20.82,
    "operatingProfit" : 31.48,
    "netProfitMargin" : 3.25,
    "netProfit" : 4.91
  }, {
    "date" : "2009-03-31",
    "sales" : 76.85,
    "salesGrowthYoY" : -85.20,
    "grossProfitMargin" : 100.00,
    "grossProfit" : 76.85,
    "operatingProfitMargin" : -9.41,
    "operatingProfit" : -7.23,
    "netProfitMargin" : -41.42,
    "netProfit" : -31.83
  }, {
    "date" : "2009-06-30",
    "sales" : 88.17,
    "salesGrowthYoY" : -69.47,
    "grossProfitMargin" : 100.00,
    "grossProfit" : 88.17,
    "operatingProfitMargin" : 41.15,
    "operatingProfit" : 36.28,
    "netProfitMargin" : 11.48,
    "netProfit" : 10.12
  }, {
    "date" : "2009-09-30",
    "sales" : 170.80,
    "salesGrowthYoY" : -6.62,
    "grossProfitMargin" : 100.00,
    "grossProfit" : 170.80,
    "operatingProfitMargin" : 26.16,
    "operatingProfit" : 44.68,
    "netProfitMargin" : 6.62,
    "netProfit" : 11.31
  }, {
    "date" : "2009-12-31",
    "sales" : 221.64,
    "salesGrowthYoY" : 46.61,
    "grossProfitMargin" : 100.00,
    "grossProfit" : 221.64,
    "operatingProfitMargin" : 28.62,
    "operatingProfit" : 63.43,
    "netProfitMargin" : 12.48,
    "netProfit" : 27.66
  }, {
    "date" : "2010-03-31",
    "sales" : 314.35,
    "salesGrowthYoY" : 309.04,
    "grossProfitMargin" : 100.00,
    "grossProfit" : 314.35,
    "operatingProfitMargin" : 8.38,
    "operatingProfit" : 26.34,
    "netProfitMargin" : 13.14,
    "netProfit" : 41.31
  }, {
    "date" : "2010-06-30",
    "sales" : 181.29,
    "salesGrowthYoY" : 105.61,
    "grossProfitMargin" : 100.00,
    "grossProfit" : 181.29,
    "operatingProfitMargin" : 23.65,
    "operatingProfit" : 42.88,
    "netProfitMargin" : 10.04,
    "netProfit" : 18.20
  }, {
    "date" : "2010-09-30",
    "sales" : 270.26,
    "salesGrowthYoY" : 58.23,
    "grossProfitMargin" : 100.00,
    "grossProfit" : 270.26,
    "operatingProfitMargin" : 20.91,
    "operatingProfit" : 56.51,
    "netProfitMargin" : 8.61,
    "netProfit" : 23.27
  }, {
    "date" : "2010-12-31",
    "sales" : 258.18,
    "salesGrowthYoY" : 16.49,
    "grossProfitMargin" : 100.00,
    "grossProfit" : 258.18,
    "operatingProfitMargin" : 20.38,
    "operatingProfit" : 52.62,
    "netProfitMargin" : 6.12,
    "netProfit" : 15.80
  }, {
    "date" : "2011-03-31",
    "sales" : 432.82,
    "salesGrowthYoY" : 37.69,
    "grossProfitMargin" : 10.20,
    "grossProfit" : 44.15,
    "operatingProfitMargin" : 3.97,
    "operatingProfit" : 17.18,
    "netProfitMargin" : 1.21,
    "netProfit" : 5.24
  }, {
    "date" : "2011-06-30",
    "sales" : 242.66,
    "salesGrowthYoY" : 33.85,
    "grossProfitMargin" : 28.10,
    "grossProfit" : 68.19,
    "operatingProfitMargin" : 19.71,
    "operatingProfit" : 47.83,
    "netProfitMargin" : 5.16,
    "netProfit" : 12.52
  }, {
    "date" : "2011-09-30",
    "sales" : 347.22,
    "salesGrowthYoY" : 28.48,
    "grossProfitMargin" : 22.86,
    "grossProfit" : 79.37,
    "operatingProfitMargin" : 16.55,
    "operatingProfit" : 57.46,
    "netProfitMargin" : 5.83,
    "netProfit" : 20.24
  }, {
    "date" : "2011-12-31",
    "sales" : 334.37,
    "salesGrowthYoY" : 29.51,
    "grossProfitMargin" : 19.67,
    "grossProfit" : 65.77,
    "operatingProfitMargin" : 13.18,
    "operatingProfit" : 44.07,
    "netProfitMargin" : 3.56,
    "netProfit" : 11.90
  }, {
    "date" : "2012-03-31",
    "sales" : 408.41,
    "salesGrowthYoY" : -5.64,
    "grossProfitMargin" : 17.74,
    "grossProfit" : 72.45,
    "operatingProfitMargin" : 10.89,
    "operatingProfit" : 44.48,
    "netProfitMargin" : 4.47,
    "netProfit" : 18.26
  }, {
    "date" : "2012-06-30",
    "sales" : 248.20,
    "salesGrowthYoY" : 2.28,
    "grossProfitMargin" : 34.03,
    "grossProfit" : 84.46,
    "operatingProfitMargin" : 17.79,
    "operatingProfit" : 44.15,
    "netProfitMargin" : 4.79,
    "netProfit" : 11.89
  }, {
    "date" : "2012-09-30",
    "sales" : 315.95,
    "salesGrowthYoY" : -9.01,
    "grossProfitMargin" : 28.21,
    "grossProfit" : 89.13,
    "operatingProfitMargin" : 14.70,
    "operatingProfit" : 46.44,
    "netProfitMargin" : 4.80,
    "netProfit" : 15.17
  }, {
    "date" : "2012-12-31",
    "sales" : 382.96,
    "salesGrowthYoY" : 14.53,
    "grossProfitMargin" : 26.27,
    "grossProfit" : 100.60,
    "operatingProfitMargin" : 15.46,
    "operatingProfit" : 59.21,
    "netProfitMargin" : 5.42,
    "netProfit" : 20.76
  }, {
    "date" : "2013-03-31",
    "sales" : 398.53,
    "salesGrowthYoY" : -2.42,
    "grossProfitMargin" : 17.38,
    "grossProfit" : 69.26,
    "operatingProfitMargin" : 7.68,
    "operatingProfit" : 30.61,
    "netProfitMargin" : 3.27,
    "netProfit" : 13.03
  }, {
    "date" : "2013-06-30",
    "sales" : 297.33,
    "salesGrowthYoY" : 19.79,
    "grossProfitMargin" : 93.28,
    "grossProfit" : 277.35,
    "operatingProfitMargin" : 16.81,
    "operatingProfit" : 49.98,
    "netProfitMargin" : 4.75,
    "netProfit" : 14.12
  }, {
    "date" : "2013-09-30",
    "sales" : 262.73,
    "salesGrowthYoY" : -16.84,
    "grossProfitMargin" : 30.51,
    "grossProfit" : 80.16,
    "operatingProfitMargin" : 14.52,
    "operatingProfit" : 38.15,
    "netProfitMargin" : 6.86,
    "netProfit" : 18.02
  }, {
    "date" : "2013-12-31",
    "sales" : 263.81,
    "salesGrowthYoY" : -31.11,
    "grossProfitMargin" : 32.25,
    "grossProfit" : 85.08,
    "operatingProfitMargin" : 18.27,
    "operatingProfit" : 48.20,
    "netProfitMargin" : 4.62,
    "netProfit" : 12.19
  }, {
    "date" : "2014-03-31",
    "sales" : 360.81,
    "salesGrowthYoY" : -9.46,
    "grossProfitMargin" : 122.02,
    "grossProfit" : 440.26,
    "operatingProfitMargin" : 15.73,
    "operatingProfit" : 56.76,
    "netProfitMargin" : 4.42,
    "netProfit" : 15.95
  }, {
    "date" : "2014-06-30",
    "sales" : 244.76,
    "salesGrowthYoY" : -17.68,
    "grossProfitMargin" : 32.35,
    "grossProfit" : 79.18,
    "operatingProfitMargin" : 21.47,
    "operatingProfit" : 52.55,
    "netProfitMargin" : 4.84,
    "netProfit" : 11.85
  }, {
    "date" : "2014-09-30",
    "sales" : 271.62,
    "salesGrowthYoY" : 3.38,
    "grossProfitMargin" : 30.77,
    "grossProfit" : 83.58,
    "operatingProfitMargin" : 20.18,
    "operatingProfit" : 54.81,
    "netProfitMargin" : 3.20,
    "netProfit" : 8.69
  }, {
    "date" : "2014-12-31",
    "sales" : 234.11,
    "salesGrowthYoY" : -11.26,
    "grossProfitMargin" : 35.02,
    "grossProfit" : 81.99,
    "operatingProfitMargin" : 20.27,
    "operatingProfit" : 47.45,
    "netProfitMargin" : 4.54,
    "netProfit" : 10.63
  }, {
    "date" : "2015-03-31",
    "sales" : 191.87,
    "salesGrowthYoY" : -46.82,
    "grossProfitMargin" : 34.35,
    "grossProfit" : 65.91,
    "operatingProfitMargin" : 13.55,
    "operatingProfit" : 26.00,
    "netProfitMargin" : 4.69,
    "netProfit" : 9.00
  }, {
    "date" : "2015-06-30",
    "sales" : 197.50,
    "salesGrowthYoY" : -19.31,
    "grossProfitMargin" : 37.82,
    "grossProfit" : 74.69,
    "operatingProfitMargin" : 22.87,
    "operatingProfit" : 45.17,
    "netProfitMargin" : 6.15,
    "netProfit" : 12.15
  }, {
    "date" : "2015-09-30",
    "sales" : 205.74,
    "salesGrowthYoY" : -24.25,
    "grossProfitMargin" : 34.86,
    "grossProfit" : 71.72,
    "operatingProfitMargin" : 22.02,
    "operatingProfit" : 45.30,
    "netProfitMargin" : 5.65,
    "netProfit" : 11.62
  }, {
    "date" : "2015-12-31",
    "sales" : 282.17,
    "salesGrowthYoY" : 20.53,
    "grossProfitMargin" : 27.59,
    "grossProfit" : 77.85,
    "operatingProfitMargin" : 17.38,
    "operatingProfit" : 49.04,
    "netProfitMargin" : 4.34,
    "netProfit" : 12.25
  }, {
    "date" : "2016-03-31",
    "sales" : 275.53,
    "salesGrowthYoY" : 43.60,
    "grossProfitMargin" : 30.83,
    "grossProfit" : 84.95,
    "operatingProfitMargin" : 18.18,
    "operatingProfit" : 50.09,
    "netProfitMargin" : 6.07,
    "netProfit" : 16.72
  }, {
    "date" : "2016-06-30",
    "sales" : 310.94,
    "salesGrowthYoY" : 57.44,
    "grossProfitMargin" : 31.00,
    "grossProfit" : 96.39,
    "operatingProfitMargin" : 20.98,
    "operatingProfit" : 65.24,
    "netProfitMargin" : 9.66,
    "netProfit" : 30.04
  }, {
    "date" : "2016-09-30",
    "sales" : 228.44,
    "salesGrowthYoY" : 11.03,
    "grossProfitMargin" : 36.80,
    "grossProfit" : 84.07,
    "operatingProfitMargin" : 24.78,
    "operatingProfit" : 56.61,
    "netProfitMargin" : 7.77,
    "netProfit" : 17.75
  }, {
    "date" : "2016-12-31",
    "sales" : 227.43,
    "salesGrowthYoY" : -19.40,
    "grossProfitMargin" : 33.91,
    "grossProfit" : 77.12,
    "operatingProfitMargin" : 21.20,
    "operatingProfit" : 48.22,
    "netProfitMargin" : 6.06,
    "netProfit" : 13.78
  }, {
    "date" : "2017-03-31",
    "sales" : 269.79,
    "salesGrowthYoY" : -2.08,
    "grossProfitMargin" : 29.09,
    "grossProfit" : 78.48,
    "operatingProfitMargin" : 16.37,
    "operatingProfit" : 44.16,
    "netProfitMargin" : 2.32,
    "netProfit" : 6.26
  }, {
    "date" : "2017-06-30",
    "sales" : 311.23,
    "salesGrowthYoY" : 0.09,
    "grossProfitMargin" : 25.19,
    "grossProfit" : 78.40,
    "operatingProfitMargin" : 14.99,
    "operatingProfit" : 46.65,
    "netProfitMargin" : 4.89,
    "netProfit" : 15.22
  }, {
    "date" : "2017-09-30",
    "sales" : 279.38,
    "salesGrowthYoY" : 22.30,
    "grossProfitMargin" : 27.27,
    "grossProfit" : 76.19,
    "operatingProfitMargin" : 18.37,
    "operatingProfit" : 51.32,
    "netProfitMargin" : 5.33,
    "netProfit" : 14.89
  }, {
    "date" : "2017-12-31",
    "sales" : 349.16,
    "salesGrowthYoY" : 53.52,
    "grossProfitMargin" : 27.32,
    "grossProfit" : 95.39,
    "operatingProfitMargin" : 18.35,
    "operatingProfit" : 64.07,
    "netProfitMargin" : 4.68,
    "netProfit" : 16.34
  }, {
    "date" : "2018-03-31",
    "sales" : 328.16,
    "salesGrowthYoY" : 21.64,
    "grossProfitMargin" : 27.24,
    "grossProfit" : 89.39,
    "operatingProfitMargin" : 14.68,
    "operatingProfit" : 48.17,
    "netProfitMargin" : 5.20,
    "netProfit" : 17.06
  }, {
    "date" : "2018-06-30",
    "sales" : 85.87,
    "salesGrowthYoY" : -72.41,
    "grossProfitMargin" : 77.91,
    "grossProfit" : 66.90,
    "operatingProfitMargin" : 46.12,
    "operatingProfit" : 39.60,
    "netProfitMargin" : 3.27,
    "netProfit" : 2.81
  }, {
    "date" : "2018-09-30",
    "sales" : 321.29,
    "salesGrowthYoY" : 15.00,
    "grossProfitMargin" : 24.00,
    "grossProfit" : 77.11,
    "operatingProfitMargin" : 13.83,
    "operatingProfit" : 44.43,
    "netProfitMargin" : 1.59,
    "netProfit" : 5.11
  }, {
    "date" : "2018-12-31",
    "sales" : 89.94,
    "salesGrowthYoY" : -74.24,
    "grossProfitMargin" : 17.72,
    "grossProfit" : 15.94,
    "operatingProfitMargin" : -14.54,
    "operatingProfit" : -13.08,
    "netProfitMargin" : 4.55,
    "netProfit" : 4.09
  }, {
    "date" : "2019-03-31",
    "sales" : 270.94,
    "salesGrowthYoY" : -17.44,
    "grossProfitMargin" : 31.24,
    "grossProfit" : 84.64,
    "operatingProfitMargin" : 15.35,
    "operatingProfit" : 41.59,
    "netProfitMargin" : 4.10,
    "netProfit" : 11.11
  }, {
    "date" : "2019-06-30",
    "sales" : 231.17,
    "salesGrowthYoY" : 169.21,
    "grossProfitMargin" : 42.92,
    "grossProfit" : 99.22,
    "operatingProfitMargin" : 27.60,
    "operatingProfit" : 63.80,
    "netProfitMargin" : 2.51,
    "netProfit" : 5.80
  }, {
    "date" : "2019-09-30",
    "sales" : 118.19,
    "salesGrowthYoY" : -63.21,
    "grossProfitMargin" : 25.32,
    "grossProfit" : 29.93,
    "operatingProfitMargin" : 2.94,
    "operatingProfit" : 3.47,
    "netProfitMargin" : 6.47,
    "netProfit" : 7.65
  }, {
    "date" : "2019-12-31",
    "sales" : 120.98,
    "salesGrowthYoY" : 34.51,
    "grossProfitMargin" : 42.31,
    "grossProfit" : 51.19,
    "operatingProfitMargin" : 22.32,
    "operatingProfit" : 27.00,
    "netProfitMargin" : 3.53,
    "netProfit" : 4.27
  }, {
    "date" : "2020-03-31",
    "sales" : 309.25,
    "salesGrowthYoY" : 14.14,
    "grossProfitMargin" : 26.47,
    "grossProfit" : 81.86,
    "operatingProfitMargin" : 19.26,
    "operatingProfit" : 59.56,
    "netProfitMargin" : -36.24,
    "netProfit" : -112.07
  }, {
    "date" : "2020-06-30",
    "sales" : 45.43,
    "salesGrowthYoY" : -80.35,
    "grossProfitMargin" : 30.95,
    "grossProfit" : 14.06,
    "operatingProfitMargin" : 13.60,
    "operatingProfit" : 6.18,
    "netProfitMargin" : -89.96,
    "netProfit" : -40.87
  }, {
    "date" : "2020-09-30",
    "sales" : 118.67,
    "salesGrowthYoY" : 0.41,
    "grossProfitMargin" : 7.72,
    "grossProfit" : 9.16,
    "operatingProfitMargin" : -9.72,
    "operatingProfit" : -11.53,
    "netProfitMargin" : -58.11,
    "netProfit" : -68.96
  }, {
    "date" : "2020-12-31",
    "sales" : 51.61,
    "salesGrowthYoY" : -57.34,
    "grossProfitMargin" : -12.89,
    "grossProfit" : -6.65,
    "operatingProfitMargin" : -58.44,
    "operatingProfit" : -30.16,
    "netProfitMargin" : -146.91,
    "netProfit" : -75.82
  }, {
    "date" : "2021-03-31",
    "sales" : 36.68,
    "salesGrowthYoY" : -88.14,
    "grossProfitMargin" : -125.63,
    "grossProfit" : -46.08,
    "operatingProfitMargin" : -190.54,
    "operatingProfit" : -69.89,
    "netProfitMargin" : -66.96,
    "netProfit" : -24.56
  }, {
    "date" : "2021-06-30",
    "sales" : 51.80,
    "salesGrowthYoY" : 14.02,
    "grossProfitMargin" : 24.86,
    "grossProfit" : 12.88,
    "operatingProfitMargin" : -15.31,
    "operatingProfit" : -7.93,
    "netProfitMargin" : -65.50,
    "netProfit" : -33.93
  }, {
    "date" : "2021-09-30",
    "sales" : 152.15,
    "salesGrowthYoY" : 28.21,
    "grossProfitMargin" : 40.51,
    "grossProfit" : 61.64,
    "operatingProfitMargin" : 27.58,
    "operatingProfit" : 41.96,
    "netProfitMargin" : 1.03,
    "netProfit" : 1.57
  }, {
    "date" : "2021-12-31",
    "sales" : 123.50,
    "salesGrowthYoY" : 139.29,
    "grossProfitMargin" : 10.48,
    "grossProfit" : 12.94,
    "operatingProfitMargin" : -7.29,
    "operatingProfit" : -9.00,
    "netProfitMargin" : -19.71,
    "netProfit" : -24.34
  }, {
    "date" : "2022-03-31",
    "sales" : 84.20,
    "salesGrowthYoY" : 129.55,
    "grossProfitMargin" : 46.34,
    "grossProfit" : 39.02,
    "operatingProfitMargin" : 22.04,
    "operatingProfit" : 18.56,
    "netProfitMargin" : -23.25,
    "netProfit" : -19.58
  }, {
    "date" : "2022-06-30",
    "sales" : 82.04,
    "salesGrowthYoY" : 58.38,
    "grossProfitMargin" : 9.90,
    "grossProfit" : 8.12,
    "operatingProfitMargin" : -14.35,
    "operatingProfit" : -11.77,
    "netProfitMargin" : -46.51,
    "netProfit" : -38.16
  }, {
    "date" : "2022-09-30",
    "sales" : 68.88,
    "salesGrowthYoY" : -54.73,
    "grossProfitMargin" : -8.75,
    "grossProfit" : -6.03,
    "operatingProfitMargin" : -45.14,
    "operatingProfit" : -31.09,
    "netProfitMargin" : -80.53,
    "netProfit" : -55.47
  }, {
    "date" : "2022-12-31",
    "sales" : 142.36,
    "salesGrowthYoY" : 15.27,
    "grossProfitMargin" : 7.09,
    "grossProfit" : 10.09,
    "operatingProfitMargin" : -13.61,
    "operatingProfit" : -19.38,
    "netProfitMargin" : -29.19,
    "netProfit" : -41.55
  }, {
    "date" : "2023-03-31",
    "sales" : 166.11,
    "salesGrowthYoY" : 97.28,
    "grossProfitMargin" : 0.40,
    "grossProfit" : 0.66,
    "operatingProfitMargin" : -23.56,
    "operatingProfit" : -39.14,
    "netProfitMargin" : -34.92,
    "netProfit" : -58.01
  }, {
    "date" : "2023-06-30",
    "sales" : 150.04,
    "salesGrowthYoY" : 82.89,
    "grossProfitMargin" : 17.16,
    "grossProfit" : 25.75,
    "operatingProfitMargin" : 1.67,
    "operatingProfit" : 2.51,
    "netProfitMargin" : -18.14,
    "netProfit" : -27.22
  }, {
    "date" : "2023-09-30",
    "sales" : 166.12,
    "salesGrowthYoY" : 141.17,
    "grossProfitMargin" : 17.42,
    "grossProfit" : 28.94,
    "operatingProfitMargin" : 2.54,
    "operatingProfit" : 4.22,
    "netProfitMargin" : -14.38,
    "netProfit" : -23.89
  }, {
    "date" : "2023-12-31",
    "sales" : 220.64,
    "salesGrowthYoY" : 54.99,
    "grossProfitMargin" : 8.02,
    "grossProfit" : 17.70,
    "operatingProfitMargin" : -3.25,
    "operatingProfit" : -7.17,
    "netProfitMargin" : -16.52,
    "netProfit" : -36.45
  }, {
    "date" : "2024-03-31",
    "sales" : 168.55,
    "salesGrowthYoY" : 1.47,
    "grossProfitMargin" : 1.77,
    "grossProfit" : 2.98,
    "operatingProfitMargin" : -21.26,
    "operatingProfit" : -35.83,
    "netProfitMargin" : -31.31,
    "netProfit" : -52.77
  }, {
    "date" : "2024-06-30",
    "sales" : 80.30,
    "salesGrowthYoY" : -46.48,
    "grossProfitMargin" : -45.18,
    "grossProfit" : -36.28,
    "operatingProfitMargin" : -73.37,
    "operatingProfit" : -58.92,
    "netProfitMargin" : -79.83,
    "netProfit" : -64.10
  }, {
    "date" : "2024-09-30",
    "sales" : 95.35,
    "salesGrowthYoY" : -42.60,
    "grossProfitMargin" : -26.48,
    "grossProfit" : -25.25,
    "operatingProfitMargin" : -53.46,
    "operatingProfit" : -50.97,
    "netProfitMargin" : -96.35,
    "netProfit" : -91.87
  }, {
    "date" : "2024-12-31",
    "sales" : 76.03,
    "salesGrowthYoY" : -65.54,
    "grossProfitMargin" : 10.94,
    "grossProfit" : 8.32,
    "operatingProfitMargin" : -17.10,
    "operatingProfit" : -13.00,
    "netProfitMargin" : -53.01,
    "netProfit" : -40.30
  }, {
    "date" : "2025-03-31",
    "sales" : 138.17,
    "salesGrowthYoY" : -18.02,
    "grossProfitMargin" : 24.40,
    "grossProfit" : 33.71,
    "operatingProfitMargin" : 5.18,
    "operatingProfit" : 7.16,
    "netProfitMargin" : -15.02,
    "netProfit" : -20.75
  }, {
    "date" : "2025-06-30",
    "sales" : 119.46,
    "salesGrowthYoY" : 48.77,
    "grossProfitMargin" : 9.84,
    "grossProfit" : 11.75,
    "operatingProfitMargin" : -10.66,
    "operatingProfit" : -12.73,
    "netProfitMargin" : -29.99,
    "netProfit" : -35.83
  }, {
    "date" : "2025-09-30",
    "sales" : 63.51,
    "salesGrowthYoY" : -33.39,
    "grossProfitMargin" : -27.16,
    "grossProfit" : -17.25,
    "operatingProfitMargin" : -63.38,
    "operatingProfit" : -40.25,
    "netProfitMargin" : -79.50,
    "netProfit" : -50.49
  } ],
  "latestQuarterlyResult" : {
    "date" : "2025-09-30",
    "sales" : 63.51,
    "salesGrowthYoY" : -33.39,
    "grossProfitMargin" : -27.16,
    "grossProfit" : -17.25,
    "operatingProfitMargin" : -63.38,
    "operatingProfit" : -40.25,
    "netProfitMargin" : -79.50,
    "netProfit" : -50.49
  },
  "companyScore" : {
    "priceHigherThanDma50" : 0.00,
    "priceHigherThanDma100" : 0.00,
    "priceHigherThanDma200" : 0.00,
    "dma50HigherThanDma100" : 0.00,
    "dma50HigherThanDma200" : 0.00,
    "dma100HigherThanDma200" : 0.00,
    "pricePercentageAboveDma50" : 5.79,
    "pricePercentageAboveDma100" : 6.21,
    "pricePercentageAboveDma200" : 6.29,
    "weeklyVolumeHigherThanYearlyVolume" : 0.00,
    "salesGrowthPercentile" : 4.44,
    "operatingProfitMarginPercentile" : 10.75,
    "netProfitMarginPercentile" : 3.77,
    "totalTechnicalScore" : 18.29,
    "totalFundamentalScore" : 18.96,
    "totalScore" : 37.25
  }
}