{
  "metadata" : {
    "screenerCompanyId" : "2327",
    "companyCode" : "OMINFRAL",
    "companyName" : "Om Infra",
    "screenerCompanyLink" : "https://www.screener.in/company/OMINFRAL",
    "screenerTechnicalHistoryLink" : "https://www.screener.in/api/company/2327/chart/?q=Price-DMA50-DMA200-Volume&days=365",
    "screenerQuarterlyResultsLink" : "https://www.screener.in/api/company/2327/chart/?q=GPM-OPM-NPM-Quarter+Sales&days=10000",
    "attributes" : {
      "companyCode" : "OMINFRAL",
      "companyName" : "Om Infra",
      "marketCap" : 1048.00,
      "peRatio" : 30.80,
      "description" : "Incorporated in 1971, Om Infra Ltd specializes in providing solutions for Hydro Mechanical Equipment for Hydropower & Irrigation projects, end-to-end solutions for water connectivity, hydro batteries, etc.[1]"
    },
    "companyScore" : {
      "priceHigherThanDma50" : 0.00,
      "priceHigherThanDma100" : 0.00,
      "priceHigherThanDma200" : 0.00,
      "dma50HigherThanDma100" : 0.00,
      "dma50HigherThanDma200" : 0.00,
      "dma100HigherThanDma200" : 0.00,
      "pricePercentageAboveDma50" : 5.22,
      "pricePercentageAboveDma100" : 5.34,
      "pricePercentageAboveDma200" : 5.58,
      "weeklyVolumeHigherThanYearlyVolume" : 0.00,
      "salesGrowthPercentile" : 1.27,
      "operatingProfitMarginPercentile" : 8.05,
      "netProfitMarginPercentile" : 2.42,
      "totalTechnicalScore" : 16.14,
      "totalFundamentalScore" : 11.73,
      "totalScore" : 27.87
    }
  },
  "attributes" : {
    "companyCode" : "OMINFRAL",
    "companyName" : "Om Infra",
    "marketCap" : 1048.00,
    "peRatio" : 30.80,
    "description" : "Incorporated in 1971, Om Infra Ltd specializes in providing solutions for Hydro Mechanical Equipment for Hydropower & Irrigation projects, end-to-end solutions for water connectivity, hydro batteries, etc.[1]"
  },
  "technicalHistory" : [ {
    "date" : "2024-12-02",
    "price" : 153.09,
    "dma50" : 154.89,
    "dma100" : null,
    "dma200" : 151.88,
    "volume" : 268809.00
  }, {
    "date" : "2024-12-03",
    "price" : 158.47,
    "dma50" : 155.03,
    "dma100" : null,
    "dma200" : 151.95,
    "volume" : 880121.00
  }, {
    "date" : "2024-12-04",
    "price" : 156.39,
    "dma50" : 155.08,
    "dma100" : null,
    "dma200" : 151.99,
    "volume" : 249920.00
  }, {
    "date" : "2024-12-05",
    "price" : 154.52,
    "dma50" : 155.06,
    "dma100" : null,
    "dma200" : 152.02,
    "volume" : 199329.00
  }, {
    "date" : "2024-12-06",
    "price" : 178.14,
    "dma50" : 155.97,
    "dma100" : null,
    "dma200" : 152.28,
    "volume" : 2062686.00
  }, {
    "date" : "2024-12-09",
    "price" : 177.17,
    "dma50" : 156.80,
    "dma100" : null,
    "dma200" : 152.53,
    "volume" : 684901.00
  }, {
    "date" : "2024-12-10",
    "price" : 171.77,
    "dma50" : 157.38,
    "dma100" : null,
    "dma200" : 152.72,
    "volume" : 338942.00
  }, {
    "date" : "2024-12-11",
    "price" : 172.44,
    "dma50" : 157.98,
    "dma100" : null,
    "dma200" : 152.91,
    "volume" : 145546.00
  }, {
    "date" : "2024-12-12",
    "price" : 169.50,
    "dma50" : 158.43,
    "dma100" : null,
    "dma200" : 153.08,
    "volume" : 128342.00
  }, {
    "date" : "2024-12-13",
    "price" : 168.47,
    "dma50" : 158.82,
    "dma100" : null,
    "dma200" : 153.23,
    "volume" : 194280.00
  }, {
    "date" : "2024-12-16",
    "price" : 167.55,
    "dma50" : 159.16,
    "dma100" : null,
    "dma200" : 153.37,
    "volume" : 92940.00
  }, {
    "date" : "2024-12-17",
    "price" : 178.53,
    "dma50" : 159.92,
    "dma100" : null,
    "dma200" : 153.62,
    "volume" : 642856.00
  }, {
    "date" : "2024-12-18",
    "price" : 174.13,
    "dma50" : 160.48,
    "dma100" : null,
    "dma200" : 153.83,
    "volume" : 547802.00
  }, {
    "date" : "2024-12-19",
    "price" : 171.88,
    "dma50" : 160.93,
    "dma100" : null,
    "dma200" : 154.01,
    "volume" : 431111.00
  }, {
    "date" : "2024-12-20",
    "price" : 166.61,
    "dma50" : 161.15,
    "dma100" : null,
    "dma200" : 154.13,
    "volume" : 329609.00
  }, {
    "date" : "2024-12-23",
    "price" : 170.22,
    "dma50" : 161.51,
    "dma100" : null,
    "dma200" : 154.29,
    "volume" : 231569.00
  }, {
    "date" : "2024-12-24",
    "price" : 169.62,
    "dma50" : 161.82,
    "dma100" : null,
    "dma200" : 154.45,
    "volume" : 146376.00
  }, {
    "date" : "2024-12-26",
    "price" : 163.28,
    "dma50" : 161.88,
    "dma100" : null,
    "dma200" : 154.53,
    "volume" : 182458.00
  }, {
    "date" : "2024-12-27",
    "price" : 160.30,
    "dma50" : 161.82,
    "dma100" : null,
    "dma200" : 154.59,
    "volume" : 197844.00
  }, {
    "date" : "2024-12-30",
    "price" : 156.91,
    "dma50" : 161.63,
    "dma100" : null,
    "dma200" : 154.61,
    "volume" : 160837.00
  }, {
    "date" : "2024-12-31",
    "price" : 159.87,
    "dma50" : 161.56,
    "dma100" : null,
    "dma200" : 154.67,
    "volume" : 191835.00
  }, {
    "date" : "2025-01-01",
    "price" : 161.18,
    "dma50" : 161.54,
    "dma100" : null,
    "dma200" : 154.73,
    "volume" : 112874.00
  }, {
    "date" : "2025-01-02",
    "price" : 161.33,
    "dma50" : 161.53,
    "dma100" : null,
    "dma200" : 154.80,
    "volume" : 136779.00
  }, {
    "date" : "2025-01-03",
    "price" : 170.66,
    "dma50" : 161.89,
    "dma100" : null,
    "dma200" : 154.96,
    "volume" : 548894.00
  }, {
    "date" : "2025-01-06",
    "price" : 158.69,
    "dma50" : 161.77,
    "dma100" : null,
    "dma200" : 154.99,
    "volume" : 285441.00
  }, {
    "date" : "2025-01-07",
    "price" : 164.67,
    "dma50" : 161.88,
    "dma100" : null,
    "dma200" : 155.09,
    "volume" : 211612.00
  }, {
    "date" : "2025-01-08",
    "price" : 160.93,
    "dma50" : 161.84,
    "dma100" : null,
    "dma200" : 155.15,
    "volume" : 127877.00
  }, {
    "date" : "2025-01-09",
    "price" : 156.27,
    "dma50" : 161.62,
    "dma100" : null,
    "dma200" : 155.16,
    "volume" : 112830.00
  }, {
    "date" : "2025-01-10",
    "price" : 149.56,
    "dma50" : 161.15,
    "dma100" : null,
    "dma200" : 155.10,
    "volume" : 182914.00
  }, {
    "date" : "2025-01-13",
    "price" : 139.29,
    "dma50" : 160.29,
    "dma100" : null,
    "dma200" : 154.94,
    "volume" : 245809.00
  }, {
    "date" : "2025-01-14",
    "price" : 145.05,
    "dma50" : 159.70,
    "dma100" : null,
    "dma200" : 154.85,
    "volume" : 193807.00
  }, {
    "date" : "2025-01-15",
    "price" : 143.99,
    "dma50" : 159.08,
    "dma100" : null,
    "dma200" : 154.74,
    "volume" : 200139.00
  }, {
    "date" : "2025-01-16",
    "price" : 148.51,
    "dma50" : 158.67,
    "dma100" : null,
    "dma200" : 154.68,
    "volume" : 139124.00
  }, {
    "date" : "2025-01-17",
    "price" : 149.59,
    "dma50" : 158.31,
    "dma100" : null,
    "dma200" : 154.63,
    "volume" : 282684.00
  }, {
    "date" : "2025-01-20",
    "price" : 155.46,
    "dma50" : 158.20,
    "dma100" : null,
    "dma200" : 154.63,
    "volume" : 170683.00
  }, {
    "date" : "2025-01-21",
    "price" : 156.09,
    "dma50" : 158.12,
    "dma100" : null,
    "dma200" : 154.65,
    "volume" : 112723.00
  }, {
    "date" : "2025-01-22",
    "price" : 151.65,
    "dma50" : 157.86,
    "dma100" : null,
    "dma200" : 154.62,
    "volume" : 118082.00
  }, {
    "date" : "2025-01-23",
    "price" : 149.81,
    "dma50" : 157.55,
    "dma100" : null,
    "dma200" : 154.57,
    "volume" : 76773.00
  }, {
    "date" : "2025-01-24",
    "price" : 144.84,
    "dma50" : 157.05,
    "dma100" : null,
    "dma200" : 154.47,
    "volume" : 82387.00
  }, {
    "date" : "2025-01-27",
    "price" : 138.25,
    "dma50" : 156.31,
    "dma100" : null,
    "dma200" : 154.31,
    "volume" : 124976.00
  }, {
    "date" : "2025-01-28",
    "price" : 139.43,
    "dma50" : 155.65,
    "dma100" : null,
    "dma200" : 154.16,
    "volume" : 144583.00
  }, {
    "date" : "2025-01-29",
    "price" : 142.88,
    "dma50" : 155.15,
    "dma100" : null,
    "dma200" : 154.05,
    "volume" : 78513.00
  }, {
    "date" : "2025-01-30",
    "price" : 141.11,
    "dma50" : 154.60,
    "dma100" : null,
    "dma200" : 153.92,
    "volume" : 79784.00
  }, {
    "date" : "2025-01-31",
    "price" : 143.42,
    "dma50" : 154.16,
    "dma100" : null,
    "dma200" : 153.82,
    "volume" : 108738.00
  }, {
    "date" : "2025-02-01",
    "price" : 145.42,
    "dma50" : 153.82,
    "dma100" : null,
    "dma200" : 153.74,
    "volume" : 309098.00
  }, {
    "date" : "2025-02-03",
    "price" : 144.15,
    "dma50" : 153.44,
    "dma100" : null,
    "dma200" : 153.64,
    "volume" : 89486.00
  }, {
    "date" : "2025-02-04",
    "price" : 145.61,
    "dma50" : 153.13,
    "dma100" : null,
    "dma200" : 153.56,
    "volume" : 153109.00
  }, {
    "date" : "2025-02-05",
    "price" : 144.86,
    "dma50" : 152.81,
    "dma100" : null,
    "dma200" : 153.47,
    "volume" : 80881.00
  }, {
    "date" : "2025-02-06",
    "price" : 146.04,
    "dma50" : 152.54,
    "dma100" : null,
    "dma200" : 153.40,
    "volume" : 79419.00
  }, {
    "date" : "2025-02-07",
    "price" : 141.19,
    "dma50" : 152.10,
    "dma100" : null,
    "dma200" : 153.28,
    "volume" : 140192.00
  }, {
    "date" : "2025-02-10",
    "price" : 124.45,
    "dma50" : 151.01,
    "dma100" : null,
    "dma200" : 152.99,
    "volume" : 681565.00
  }, {
    "date" : "2025-02-11",
    "price" : 116.67,
    "dma50" : 149.66,
    "dma100" : null,
    "dma200" : 152.63,
    "volume" : 440835.00
  }, {
    "date" : "2025-02-12",
    "price" : 109.60,
    "dma50" : 148.09,
    "dma100" : null,
    "dma200" : 152.20,
    "volume" : 814333.00
  }, {
    "date" : "2025-02-13",
    "price" : 113.61,
    "dma50" : 146.74,
    "dma100" : null,
    "dma200" : 151.82,
    "volume" : 358558.00
  }, {
    "date" : "2025-02-14",
    "price" : 108.54,
    "dma50" : 145.24,
    "dma100" : null,
    "dma200" : 151.39,
    "volume" : 257384.00
  }, {
    "date" : "2025-02-17",
    "price" : 108.37,
    "dma50" : 143.80,
    "dma100" : null,
    "dma200" : 150.96,
    "volume" : 330055.00
  }, {
    "date" : "2025-02-18",
    "price" : 103.35,
    "dma50" : 142.21,
    "dma100" : null,
    "dma200" : 150.49,
    "volume" : 187763.00
  }, {
    "date" : "2025-02-19",
    "price" : 114.53,
    "dma50" : 141.13,
    "dma100" : null,
    "dma200" : 150.13,
    "volume" : 1274432.00
  }, {
    "date" : "2025-02-20",
    "price" : 118.85,
    "dma50" : 140.25,
    "dma100" : null,
    "dma200" : 149.82,
    "volume" : 577507.00
  }, {
    "date" : "2025-02-21",
    "price" : 116.88,
    "dma50" : 139.34,
    "dma100" : null,
    "dma200" : 149.49,
    "volume" : 258119.00
  }, {
    "date" : "2025-02-24",
    "price" : 113.85,
    "dma50" : 138.34,
    "dma100" : null,
    "dma200" : 149.13,
    "volume" : 116131.00
  }, {
    "date" : "2025-02-25",
    "price" : 113.38,
    "dma50" : 137.36,
    "dma100" : null,
    "dma200" : 148.78,
    "volume" : 78835.00
  }, {
    "date" : "2025-02-27",
    "price" : 107.43,
    "dma50" : 136.18,
    "dma100" : null,
    "dma200" : 148.37,
    "volume" : 183499.00
  }, {
    "date" : "2025-02-28",
    "price" : 104.76,
    "dma50" : 134.95,
    "dma100" : null,
    "dma200" : 147.93,
    "volume" : 516571.00
  }, {
    "date" : "2025-03-03",
    "price" : 103.85,
    "dma50" : 133.73,
    "dma100" : null,
    "dma200" : 147.49,
    "volume" : 228144.00
  }, {
    "date" : "2025-03-04",
    "price" : 106.93,
    "dma50" : 132.68,
    "dma100" : null,
    "dma200" : 147.09,
    "volume" : 182947.00
  }, {
    "date" : "2025-03-05",
    "price" : 107.62,
    "dma50" : 131.70,
    "dma100" : null,
    "dma200" : 146.70,
    "volume" : 279776.00
  }, {
    "date" : "2025-03-06",
    "price" : 117.20,
    "dma50" : 131.13,
    "dma100" : null,
    "dma200" : 146.40,
    "volume" : 1148636.00
  }, {
    "date" : "2025-03-07",
    "price" : 125.28,
    "dma50" : 130.90,
    "dma100" : null,
    "dma200" : 146.19,
    "volume" : 676881.00
  }, {
    "date" : "2025-03-10",
    "price" : 119.42,
    "dma50" : 130.45,
    "dma100" : null,
    "dma200" : 145.93,
    "volume" : 682419.00
  }, {
    "date" : "2025-03-11",
    "price" : 118.61,
    "dma50" : 129.99,
    "dma100" : null,
    "dma200" : 145.66,
    "volume" : 167372.00
  }, {
    "date" : "2025-03-12",
    "price" : 118.14,
    "dma50" : 129.52,
    "dma100" : null,
    "dma200" : 145.38,
    "volume" : 147913.00
  }, {
    "date" : "2025-03-13",
    "price" : 114.55,
    "dma50" : 128.93,
    "dma100" : null,
    "dma200" : 145.08,
    "volume" : 305397.00
  }, {
    "date" : "2025-03-17",
    "price" : 111.92,
    "dma50" : 128.27,
    "dma100" : null,
    "dma200" : 144.75,
    "volume" : 204902.00
  }, {
    "date" : "2025-03-18",
    "price" : 117.22,
    "dma50" : 127.83,
    "dma100" : null,
    "dma200" : 144.47,
    "volume" : 265012.00
  }, {
    "date" : "2025-03-19",
    "price" : 116.26,
    "dma50" : 127.38,
    "dma100" : null,
    "dma200" : 144.19,
    "volume" : 442065.00
  }, {
    "date" : "2025-03-20",
    "price" : 121.95,
    "dma50" : 127.17,
    "dma100" : null,
    "dma200" : 143.97,
    "volume" : 395906.00
  }, {
    "date" : "2025-03-21",
    "price" : 121.78,
    "dma50" : 126.96,
    "dma100" : null,
    "dma200" : 143.75,
    "volume" : 637996.00
  }, {
    "date" : "2025-03-24",
    "price" : 125.32,
    "dma50" : 126.89,
    "dma100" : null,
    "dma200" : 143.57,
    "volume" : 366073.00
  }, {
    "date" : "2025-03-25",
    "price" : 120.08,
    "dma50" : 126.62,
    "dma100" : null,
    "dma200" : 143.33,
    "volume" : 336878.00
  }, {
    "date" : "2025-03-26",
    "price" : 118.03,
    "dma50" : 126.29,
    "dma100" : null,
    "dma200" : 143.08,
    "volume" : 215964.00
  }, {
    "date" : "2025-03-27",
    "price" : 117.01,
    "dma50" : 125.92,
    "dma100" : null,
    "dma200" : 142.82,
    "volume" : 239635.00
  }, {
    "date" : "2025-03-28",
    "price" : 114.45,
    "dma50" : 125.47,
    "dma100" : null,
    "dma200" : 142.54,
    "volume" : 234787.00
  }, {
    "date" : "2025-04-01",
    "price" : 117.34,
    "dma50" : 125.15,
    "dma100" : null,
    "dma200" : 142.29,
    "volume" : 104438.00
  }, {
    "date" : "2025-04-02",
    "price" : 117.66,
    "dma50" : 124.86,
    "dma100" : null,
    "dma200" : 142.04,
    "volume" : 120751.00
  }, {
    "date" : "2025-04-03",
    "price" : 119.75,
    "dma50" : 124.66,
    "dma100" : null,
    "dma200" : 141.82,
    "volume" : 160017.00
  }, {
    "date" : "2025-04-04",
    "price" : 115.86,
    "dma50" : 124.32,
    "dma100" : null,
    "dma200" : 141.56,
    "volume" : 162216.00
  }, {
    "date" : "2025-04-07",
    "price" : 109.89,
    "dma50" : 123.75,
    "dma100" : null,
    "dma200" : 141.25,
    "volume" : 256558.00
  }, {
    "date" : "2025-04-08",
    "price" : 116.60,
    "dma50" : 123.47,
    "dma100" : null,
    "dma200" : 141.00,
    "volume" : 156648.00
  }, {
    "date" : "2025-04-09",
    "price" : 115.61,
    "dma50" : 123.16,
    "dma100" : null,
    "dma200" : 140.75,
    "volume" : 57960.00
  }, {
    "date" : "2025-04-11",
    "price" : 117.16,
    "dma50" : 122.93,
    "dma100" : null,
    "dma200" : 140.51,
    "volume" : 83942.00
  }, {
    "date" : "2025-04-15",
    "price" : 121.43,
    "dma50" : 122.87,
    "dma100" : null,
    "dma200" : 140.32,
    "volume" : 172799.00
  }, {
    "date" : "2025-04-16",
    "price" : 122.41,
    "dma50" : 122.85,
    "dma100" : null,
    "dma200" : 140.15,
    "volume" : 176133.00
  }, {
    "date" : "2025-04-17",
    "price" : 130.29,
    "dma50" : 123.14,
    "dma100" : null,
    "dma200" : 140.05,
    "volume" : 520346.00
  }, {
    "date" : "2025-04-21",
    "price" : 126.09,
    "dma50" : 123.26,
    "dma100" : null,
    "dma200" : 139.91,
    "volume" : 291282.00
  }, {
    "date" : "2025-04-22",
    "price" : 127.28,
    "dma50" : 123.41,
    "dma100" : null,
    "dma200" : 139.78,
    "volume" : 422632.00
  }, {
    "date" : "2025-04-23",
    "price" : 124.58,
    "dma50" : 123.46,
    "dma100" : null,
    "dma200" : 139.63,
    "volume" : 313683.00
  }, {
    "date" : "2025-04-24",
    "price" : 125.52,
    "dma50" : 123.54,
    "dma100" : null,
    "dma200" : 139.49,
    "volume" : 128809.00
  }, {
    "date" : "2025-04-25",
    "price" : 119.03,
    "dma50" : 123.36,
    "dma100" : null,
    "dma200" : 139.29,
    "volume" : 314078.00
  }, {
    "date" : "2025-04-28",
    "price" : 118.63,
    "dma50" : 123.18,
    "dma100" : null,
    "dma200" : 139.08,
    "volume" : 146984.00
  }, {
    "date" : "2025-04-29",
    "price" : 117.87,
    "dma50" : 122.97,
    "dma100" : 136.39,
    "dma200" : 138.87,
    "volume" : 78039.00
  }, {
    "date" : "2025-04-30",
    "price" : 115.16,
    "dma50" : 122.66,
    "dma100" : 135.95,
    "dma200" : 138.64,
    "volume" : 129318.00
  }, {
    "date" : "2025-05-02",
    "price" : 114.27,
    "dma50" : 122.33,
    "dma100" : 135.53,
    "dma200" : 138.39,
    "volume" : 104498.00
  }, {
    "date" : "2025-05-05",
    "price" : 118.00,
    "dma50" : 122.16,
    "dma100" : 135.17,
    "dma200" : 138.19,
    "volume" : 104824.00
  }, {
    "date" : "2025-05-06",
    "price" : 111.22,
    "dma50" : 121.74,
    "dma100" : 134.50,
    "dma200" : 137.92,
    "volume" : 120703.00
  }, {
    "date" : "2025-05-07",
    "price" : 112.82,
    "dma50" : 121.39,
    "dma100" : 133.85,
    "dma200" : 137.67,
    "volume" : 165210.00
  }, {
    "date" : "2025-05-08",
    "price" : 113.19,
    "dma50" : 121.06,
    "dma100" : 133.27,
    "dma200" : 137.43,
    "volume" : 508646.00
  }, {
    "date" : "2025-05-09",
    "price" : 115.48,
    "dma50" : 120.85,
    "dma100" : 132.70,
    "dma200" : 137.21,
    "volume" : 143911.00
  }, {
    "date" : "2025-05-12",
    "price" : 122.17,
    "dma50" : 120.90,
    "dma100" : 132.23,
    "dma200" : 137.06,
    "volume" : 468487.00
  }, {
    "date" : "2025-05-13",
    "price" : 124.68,
    "dma50" : 121.05,
    "dma100" : 131.79,
    "dma200" : 136.94,
    "volume" : 246595.00
  }, {
    "date" : "2025-05-14",
    "price" : 139.93,
    "dma50" : 121.79,
    "dma100" : 131.51,
    "dma200" : 136.97,
    "volume" : 2513927.00
  }, {
    "date" : "2025-05-15",
    "price" : 137.19,
    "dma50" : 122.39,
    "dma100" : 131.10,
    "dma200" : 136.97,
    "volume" : 558434.00
  }, {
    "date" : "2025-05-16",
    "price" : 136.82,
    "dma50" : 122.96,
    "dma100" : 130.72,
    "dma200" : 136.97,
    "volume" : 578664.00
  }, {
    "date" : "2025-05-19",
    "price" : 135.51,
    "dma50" : 123.45,
    "dma100" : 130.36,
    "dma200" : 136.95,
    "volume" : 210791.00
  }, {
    "date" : "2025-05-20",
    "price" : 129.96,
    "dma50" : 123.70,
    "dma100" : 129.99,
    "dma200" : 136.88,
    "volume" : 379804.00
  }, {
    "date" : "2025-05-21",
    "price" : 130.43,
    "dma50" : 123.97,
    "dma100" : 129.60,
    "dma200" : 136.82,
    "volume" : 124957.00
  }, {
    "date" : "2025-05-22",
    "price" : 129.48,
    "dma50" : 124.18,
    "dma100" : 129.19,
    "dma200" : 136.75,
    "volume" : 103016.00
  }, {
    "date" : "2025-05-23",
    "price" : 130.00,
    "dma50" : 124.41,
    "dma100" : 128.86,
    "dma200" : 136.68,
    "volume" : 155557.00
  }, {
    "date" : "2025-05-26",
    "price" : 131.17,
    "dma50" : 124.68,
    "dma100" : 128.57,
    "dma200" : 136.62,
    "volume" : 247795.00
  }, {
    "date" : "2025-05-27",
    "price" : 128.82,
    "dma50" : 124.84,
    "dma100" : 128.29,
    "dma200" : 136.55,
    "volume" : 157826.00
  }, {
    "date" : "2025-05-28",
    "price" : 125.67,
    "dma50" : 124.87,
    "dma100" : 127.95,
    "dma200" : 136.44,
    "volume" : 255868.00
  }, {
    "date" : "2025-05-29",
    "price" : 129.27,
    "dma50" : 125.04,
    "dma100" : 127.63,
    "dma200" : 136.37,
    "volume" : 337843.00
  }, {
    "date" : "2025-05-30",
    "price" : 129.26,
    "dma50" : 125.21,
    "dma100" : 127.31,
    "dma200" : 136.30,
    "volume" : 162454.00
  }, {
    "date" : "2025-06-02",
    "price" : 127.96,
    "dma50" : 125.32,
    "dma100" : 126.88,
    "dma200" : 136.21,
    "volume" : 244220.00
  }, {
    "date" : "2025-06-03",
    "price" : 126.05,
    "dma50" : 125.35,
    "dma100" : 126.55,
    "dma200" : 136.11,
    "volume" : 133263.00
  }, {
    "date" : "2025-06-04",
    "price" : 127.29,
    "dma50" : 125.42,
    "dma100" : 126.18,
    "dma200" : 136.02,
    "volume" : 172109.00
  }, {
    "date" : "2025-06-05",
    "price" : 127.44,
    "dma50" : 125.50,
    "dma100" : 125.85,
    "dma200" : 135.94,
    "volume" : 238839.00
  }, {
    "date" : "2025-06-06",
    "price" : 127.12,
    "dma50" : 125.57,
    "dma100" : 125.55,
    "dma200" : 135.85,
    "volume" : 119845.00
  }, {
    "date" : "2025-06-09",
    "price" : 132.89,
    "dma50" : 125.85,
    "dma100" : 125.39,
    "dma200" : 135.82,
    "volume" : 772696.00
  }, {
    "date" : "2025-06-10",
    "price" : 132.71,
    "dma50" : 126.12,
    "dma100" : 125.32,
    "dma200" : 135.79,
    "volume" : 177989.00
  }, {
    "date" : "2025-06-11",
    "price" : 132.91,
    "dma50" : 126.39,
    "dma100" : 125.20,
    "dma200" : 135.76,
    "volume" : 206642.00
  }, {
    "date" : "2025-06-12",
    "price" : 129.67,
    "dma50" : 126.52,
    "dma100" : 125.06,
    "dma200" : 135.70,
    "volume" : 126167.00
  }, {
    "date" : "2025-06-13",
    "price" : 127.40,
    "dma50" : 126.55,
    "dma100" : 124.85,
    "dma200" : 135.62,
    "volume" : 135763.00
  }, {
    "date" : "2025-06-16",
    "price" : 124.81,
    "dma50" : 126.48,
    "dma100" : 124.60,
    "dma200" : 135.51,
    "volume" : 213013.00
  }, {
    "date" : "2025-06-17",
    "price" : 127.16,
    "dma50" : 126.51,
    "dma100" : 124.32,
    "dma200" : 135.43,
    "volume" : 291157.00
  }, {
    "date" : "2025-06-18",
    "price" : 127.01,
    "dma50" : 126.53,
    "dma100" : 124.02,
    "dma200" : 135.35,
    "volume" : 144787.00
  }, {
    "date" : "2025-06-19",
    "price" : 122.92,
    "dma50" : 126.39,
    "dma100" : 123.74,
    "dma200" : 135.22,
    "volume" : 135912.00
  }, {
    "date" : "2025-06-20",
    "price" : 123.20,
    "dma50" : 126.26,
    "dma100" : 123.47,
    "dma200" : 135.10,
    "volume" : 111808.00
  }, {
    "date" : "2025-06-23",
    "price" : 124.84,
    "dma50" : 126.21,
    "dma100" : 123.27,
    "dma200" : 135.00,
    "volume" : 210378.00
  }, {
    "date" : "2025-06-24",
    "price" : 127.00,
    "dma50" : 126.24,
    "dma100" : 123.16,
    "dma200" : 134.92,
    "volume" : 142946.00
  }, {
    "date" : "2025-06-25",
    "price" : 130.01,
    "dma50" : 126.39,
    "dma100" : 123.06,
    "dma200" : 134.87,
    "volume" : 239319.00
  }, {
    "date" : "2025-06-26",
    "price" : 134.16,
    "dma50" : 126.69,
    "dma100" : 122.98,
    "dma200" : 134.86,
    "volume" : 3252871.00
  }, {
    "date" : "2025-06-27",
    "price" : 131.24,
    "dma50" : 126.87,
    "dma100" : 122.88,
    "dma200" : 134.83,
    "volume" : 442953.00
  }, {
    "date" : "2025-06-30",
    "price" : 133.95,
    "dma50" : 127.15,
    "dma100" : 122.78,
    "dma200" : 134.82,
    "volume" : 231246.00
  }, {
    "date" : "2025-07-01",
    "price" : 132.58,
    "dma50" : 127.36,
    "dma100" : 122.66,
    "dma200" : 134.80,
    "volume" : 158355.00
  }, {
    "date" : "2025-07-02",
    "price" : 131.89,
    "dma50" : 127.54,
    "dma100" : 122.53,
    "dma200" : 134.77,
    "volume" : 101100.00
  }, {
    "date" : "2025-07-03",
    "price" : 132.48,
    "dma50" : 127.73,
    "dma100" : 122.40,
    "dma200" : 134.75,
    "volume" : 169826.00
  }, {
    "date" : "2025-07-04",
    "price" : 133.84,
    "dma50" : 127.97,
    "dma100" : 122.29,
    "dma200" : 134.74,
    "volume" : 169963.00
  }, {
    "date" : "2025-07-07",
    "price" : 132.44,
    "dma50" : 128.15,
    "dma100" : 122.16,
    "dma200" : 134.71,
    "volume" : 84191.00
  }, {
    "date" : "2025-07-08",
    "price" : 131.03,
    "dma50" : 128.26,
    "dma100" : 122.05,
    "dma200" : 134.68,
    "volume" : 89163.00
  }, {
    "date" : "2025-07-09",
    "price" : 130.42,
    "dma50" : 128.34,
    "dma100" : 122.11,
    "dma200" : 134.63,
    "volume" : 215210.00
  }, {
    "date" : "2025-07-10",
    "price" : 129.93,
    "dma50" : 128.41,
    "dma100" : 122.25,
    "dma200" : 134.59,
    "volume" : 67619.00
  }, {
    "date" : "2025-07-11",
    "price" : 128.43,
    "dma50" : 128.41,
    "dma100" : 122.43,
    "dma200" : 134.53,
    "volume" : 116960.00
  }, {
    "date" : "2025-07-14",
    "price" : 128.56,
    "dma50" : 128.41,
    "dma100" : 122.58,
    "dma200" : 134.47,
    "volume" : 194765.00
  }, {
    "date" : "2025-07-15",
    "price" : 128.76,
    "dma50" : 128.43,
    "dma100" : 122.79,
    "dma200" : 134.41,
    "volume" : 73654.00
  }, {
    "date" : "2025-07-16",
    "price" : 128.71,
    "dma50" : 128.44,
    "dma100" : 122.99,
    "dma200" : 134.35,
    "volume" : 109908.00
  }, {
    "date" : "2025-07-17",
    "price" : 128.62,
    "dma50" : 128.44,
    "dma100" : 123.24,
    "dma200" : 134.30,
    "volume" : 85689.00
  }, {
    "date" : "2025-07-18",
    "price" : 126.84,
    "dma50" : 128.38,
    "dma100" : 123.37,
    "dma200" : 134.22,
    "volume" : 92261.00
  }, {
    "date" : "2025-07-21",
    "price" : 126.03,
    "dma50" : 128.29,
    "dma100" : 123.44,
    "dma200" : 134.14,
    "volume" : 121571.00
  }, {
    "date" : "2025-07-22",
    "price" : 124.98,
    "dma50" : 128.16,
    "dma100" : 123.52,
    "dma200" : 134.05,
    "volume" : 196637.00
  }, {
    "date" : "2025-07-23",
    "price" : 125.58,
    "dma50" : 128.06,
    "dma100" : 123.64,
    "dma200" : 133.97,
    "volume" : 109990.00
  }, {
    "date" : "2025-07-24",
    "price" : 124.44,
    "dma50" : 127.92,
    "dma100" : 123.75,
    "dma200" : 133.87,
    "volume" : 82436.00
  }, {
    "date" : "2025-07-25",
    "price" : 122.83,
    "dma50" : 127.72,
    "dma100" : 123.90,
    "dma200" : 133.76,
    "volume" : 87253.00
  }, {
    "date" : "2025-07-28",
    "price" : 118.60,
    "dma50" : 127.36,
    "dma100" : 124.04,
    "dma200" : 133.61,
    "volume" : 221103.00
  }, {
    "date" : "2025-07-29",
    "price" : 119.13,
    "dma50" : 127.04,
    "dma100" : 124.19,
    "dma200" : 133.47,
    "volume" : 94992.00
  }, {
    "date" : "2025-07-30",
    "price" : 117.63,
    "dma50" : 126.67,
    "dma100" : 124.30,
    "dma200" : 133.31,
    "volume" : 125521.00
  }, {
    "date" : "2025-07-31",
    "price" : 120.48,
    "dma50" : 126.43,
    "dma100" : 124.43,
    "dma200" : 133.18,
    "volume" : 186377.00
  }, {
    "date" : "2025-08-01",
    "price" : 118.43,
    "dma50" : 126.11,
    "dma100" : 124.44,
    "dma200" : 133.03,
    "volume" : 82543.00
  }, {
    "date" : "2025-08-04",
    "price" : 117.16,
    "dma50" : 125.76,
    "dma100" : 124.36,
    "dma200" : 132.88,
    "volume" : 79809.00
  }, {
    "date" : "2025-08-05",
    "price" : 116.99,
    "dma50" : 125.42,
    "dma100" : 124.33,
    "dma200" : 132.72,
    "volume" : 81214.00
  }, {
    "date" : "2025-08-06",
    "price" : 114.63,
    "dma50" : 124.99,
    "dma100" : 124.29,
    "dma200" : 132.54,
    "volume" : 117727.00
  }, {
    "date" : "2025-08-07",
    "price" : 115.28,
    "dma50" : 124.61,
    "dma100" : 124.27,
    "dma200" : 132.37,
    "volume" : 106913.00
  }, {
    "date" : "2025-08-08",
    "price" : 114.26,
    "dma50" : 124.21,
    "dma100" : 124.26,
    "dma200" : 132.19,
    "volume" : 71392.00
  }, {
    "date" : "2025-08-11",
    "price" : 113.14,
    "dma50" : 123.77,
    "dma100" : 124.27,
    "dma200" : 132.00,
    "volume" : 83094.00
  }, {
    "date" : "2025-08-12",
    "price" : 109.89,
    "dma50" : 123.23,
    "dma100" : 124.20,
    "dma200" : 131.78,
    "volume" : 301231.00
  }, {
    "date" : "2025-08-13",
    "price" : 110.81,
    "dma50" : 122.74,
    "dma100" : 124.15,
    "dma200" : 131.57,
    "volume" : 180958.00
  }, {
    "date" : "2025-08-14",
    "price" : 107.73,
    "dma50" : 122.15,
    "dma100" : 124.00,
    "dma200" : 131.33,
    "volume" : 114631.00
  }, {
    "date" : "2025-08-18",
    "price" : 110.78,
    "dma50" : 121.71,
    "dma100" : 123.89,
    "dma200" : 131.13,
    "volume" : 144821.00
  }, {
    "date" : "2025-08-19",
    "price" : 110.52,
    "dma50" : 121.27,
    "dma100" : 123.75,
    "dma200" : 130.92,
    "volume" : 234925.00
  }, {
    "date" : "2025-08-20",
    "price" : 110.44,
    "dma50" : 120.84,
    "dma100" : 123.65,
    "dma200" : 130.72,
    "volume" : 133780.00
  }, {
    "date" : "2025-08-21",
    "price" : 109.41,
    "dma50" : 120.40,
    "dma100" : 123.56,
    "dma200" : 130.51,
    "volume" : 95873.00
  }, {
    "date" : "2025-08-22",
    "price" : 108.94,
    "dma50" : 119.95,
    "dma100" : 123.48,
    "dma200" : 130.29,
    "volume" : 95647.00
  }, {
    "date" : "2025-08-25",
    "price" : 105.98,
    "dma50" : 119.40,
    "dma100" : 123.40,
    "dma200" : 130.05,
    "volume" : 143171.00
  }, {
    "date" : "2025-08-26",
    "price" : 104.64,
    "dma50" : 118.82,
    "dma100" : 123.27,
    "dma200" : 129.80,
    "volume" : 106182.00
  }, {
    "date" : "2025-08-28",
    "price" : 102.21,
    "dma50" : 118.17,
    "dma100" : 123.12,
    "dma200" : 129.52,
    "volume" : 118439.00
  }, {
    "date" : "2025-08-29",
    "price" : 110.60,
    "dma50" : 117.87,
    "dma100" : 123.03,
    "dma200" : 129.33,
    "volume" : 1826663.00
  }, {
    "date" : "2025-09-01",
    "price" : 109.48,
    "dma50" : 117.54,
    "dma100" : 122.96,
    "dma200" : 129.14,
    "volume" : 208018.00
  }, {
    "date" : "2025-09-02",
    "price" : 108.80,
    "dma50" : 117.20,
    "dma100" : 122.95,
    "dma200" : 128.93,
    "volume" : 203851.00
  }, {
    "date" : "2025-09-03",
    "price" : 109.90,
    "dma50" : 116.91,
    "dma100" : 122.88,
    "dma200" : 128.74,
    "volume" : 96136.00
  }, {
    "date" : "2025-09-04",
    "price" : 109.60,
    "dma50" : 116.63,
    "dma100" : 122.82,
    "dma200" : 128.55,
    "volume" : 366057.00
  }, {
    "date" : "2025-09-05",
    "price" : 109.49,
    "dma50" : 116.35,
    "dma100" : 122.75,
    "dma200" : 128.36,
    "volume" : 157604.00
  }, {
    "date" : "2025-09-08",
    "price" : 108.68,
    "dma50" : 116.05,
    "dma100" : 122.62,
    "dma200" : 128.17,
    "volume" : 172136.00
  }, {
    "date" : "2025-09-09",
    "price" : 107.17,
    "dma50" : 115.70,
    "dma100" : 122.47,
    "dma200" : 127.96,
    "volume" : 144154.00
  }, {
    "date" : "2025-09-10",
    "price" : 108.14,
    "dma50" : 115.40,
    "dma100" : 122.25,
    "dma200" : 127.76,
    "volume" : 124539.00
  }, {
    "date" : "2025-09-11",
    "price" : 107.81,
    "dma50" : 115.10,
    "dma100" : 122.06,
    "dma200" : 127.56,
    "volume" : 93739.00
  }, {
    "date" : "2025-09-12",
    "price" : 107.46,
    "dma50" : 114.80,
    "dma100" : 121.86,
    "dma200" : 127.36,
    "volume" : 76779.00
  }, {
    "date" : "2025-09-15",
    "price" : 108.45,
    "dma50" : 114.55,
    "dma100" : 121.70,
    "dma200" : 127.18,
    "volume" : 63646.00
  }, {
    "date" : "2025-09-16",
    "price" : 109.54,
    "dma50" : 114.36,
    "dma100" : 121.54,
    "dma200" : 127.00,
    "volume" : 98523.00
  }, {
    "date" : "2025-09-17",
    "price" : 110.11,
    "dma50" : 114.19,
    "dma100" : 121.45,
    "dma200" : 126.83,
    "volume" : 76306.00
  }, {
    "date" : "2025-09-18",
    "price" : 109.40,
    "dma50" : 114.00,
    "dma100" : 121.36,
    "dma200" : 126.66,
    "volume" : 66527.00
  }, {
    "date" : "2025-09-19",
    "price" : 110.29,
    "dma50" : 113.86,
    "dma100" : 121.29,
    "dma200" : 126.50,
    "volume" : 120344.00
  }, {
    "date" : "2025-09-22",
    "price" : 121.82,
    "dma50" : 114.17,
    "dma100" : 121.35,
    "dma200" : 126.45,
    "volume" : 1852099.00
  }, {
    "date" : "2025-09-23",
    "price" : 129.75,
    "dma50" : 114.78,
    "dma100" : 121.51,
    "dma200" : 126.48,
    "volume" : 3568051.00
  }, {
    "date" : "2025-09-24",
    "price" : 134.49,
    "dma50" : 115.55,
    "dma100" : 121.67,
    "dma200" : 126.56,
    "volume" : 1176746.00
  }, {
    "date" : "2025-09-25",
    "price" : 137.14,
    "dma50" : 116.40,
    "dma100" : 121.93,
    "dma200" : 126.67,
    "volume" : 806196.00
  }, {
    "date" : "2025-09-26",
    "price" : 134.16,
    "dma50" : 117.10,
    "dma100" : 122.15,
    "dma200" : 126.74,
    "volume" : 448283.00
  }, {
    "date" : "2025-09-29",
    "price" : 131.76,
    "dma50" : 117.67,
    "dma100" : 122.33,
    "dma200" : 126.79,
    "volume" : 303266.00
  }, {
    "date" : "2025-09-30",
    "price" : 127.79,
    "dma50" : 118.07,
    "dma100" : 122.45,
    "dma200" : 126.80,
    "volume" : 171385.00
  }, {
    "date" : "2025-10-01",
    "price" : 125.21,
    "dma50" : 118.35,
    "dma100" : 122.48,
    "dma200" : 126.79,
    "volume" : 152800.00
  }, {
    "date" : "2025-10-03",
    "price" : 126.05,
    "dma50" : 118.65,
    "dma100" : 122.50,
    "dma200" : 126.78,
    "volume" : 93547.00
  }, {
    "date" : "2025-10-06",
    "price" : 121.80,
    "dma50" : 118.77,
    "dma100" : 122.32,
    "dma200" : 126.73,
    "volume" : 96120.00
  }, {
    "date" : "2025-10-07",
    "price" : 118.60,
    "dma50" : 118.77,
    "dma100" : 122.13,
    "dma200" : 126.65,
    "volume" : 103621.00
  }, {
    "date" : "2025-10-08",
    "price" : 126.67,
    "dma50" : 119.08,
    "dma100" : 122.03,
    "dma200" : 126.65,
    "volume" : 1108324.00
  }, {
    "date" : "2025-10-09",
    "price" : 124.27,
    "dma50" : 119.28,
    "dma100" : 121.92,
    "dma200" : 126.62,
    "volume" : 109876.00
  }, {
    "date" : "2025-10-10",
    "price" : 128.66,
    "dma50" : 119.65,
    "dma100" : 121.90,
    "dma200" : 126.64,
    "volume" : 438029.00
  }, {
    "date" : "2025-10-13",
    "price" : 124.50,
    "dma50" : 119.84,
    "dma100" : 121.84,
    "dma200" : 126.62,
    "volume" : 130188.00
  }, {
    "date" : "2025-10-14",
    "price" : 120.54,
    "dma50" : 119.87,
    "dma100" : 121.76,
    "dma200" : 126.56,
    "volume" : 128867.00
  }, {
    "date" : "2025-10-15",
    "price" : 118.04,
    "dma50" : 119.79,
    "dma100" : 121.64,
    "dma200" : 126.48,
    "volume" : 246159.00
  }, {
    "date" : "2025-10-16",
    "price" : 118.71,
    "dma50" : 119.75,
    "dma100" : 121.51,
    "dma200" : 126.40,
    "volume" : 128525.00
  }, {
    "date" : "2025-10-17",
    "price" : 115.42,
    "dma50" : 119.58,
    "dma100" : 121.38,
    "dma200" : 126.29,
    "volume" : 200537.00
  }, {
    "date" : "2025-10-20",
    "price" : 115.90,
    "dma50" : 119.44,
    "dma100" : 121.28,
    "dma200" : 126.19,
    "volume" : 104240.00
  }, {
    "date" : "2025-10-21",
    "price" : 118.33,
    "dma50" : 119.39,
    "dma100" : 121.17,
    "dma200" : 126.11,
    "volume" : 66004.00
  }, {
    "date" : "2025-10-23",
    "price" : 116.48,
    "dma50" : 119.28,
    "dma100" : 121.04,
    "dma200" : 126.01,
    "volume" : 82022.00
  }, {
    "date" : "2025-10-24",
    "price" : 114.16,
    "dma50" : 119.08,
    "dma100" : 120.90,
    "dma200" : 125.90,
    "volume" : 250065.00
  }, {
    "date" : "2025-10-27",
    "price" : 115.22,
    "dma50" : 118.93,
    "dma100" : 120.80,
    "dma200" : 125.79,
    "volume" : 187936.00
  }, {
    "date" : "2025-10-28",
    "price" : 116.93,
    "dma50" : 118.85,
    "dma100" : 120.69,
    "dma200" : 125.70,
    "volume" : 60423.00
  }, {
    "date" : "2025-10-29",
    "price" : 116.01,
    "dma50" : 118.74,
    "dma100" : 120.58,
    "dma200" : 125.60,
    "volume" : 77107.00
  }, {
    "date" : "2025-10-30",
    "price" : 115.86,
    "dma50" : 118.63,
    "dma100" : 120.47,
    "dma200" : 125.51,
    "volume" : 74842.00
  }, {
    "date" : "2025-10-31",
    "price" : 114.55,
    "dma50" : 118.47,
    "dma100" : 120.28,
    "dma200" : 125.40,
    "volume" : 62899.00
  }, {
    "date" : "2025-11-03",
    "price" : 113.53,
    "dma50" : 118.27,
    "dma100" : 120.09,
    "dma200" : 125.28,
    "volume" : 75233.00
  }, {
    "date" : "2025-11-04",
    "price" : 112.30,
    "dma50" : 118.04,
    "dma100" : 119.88,
    "dma200" : 125.15,
    "volume" : 68887.00
  }, {
    "date" : "2025-11-06",
    "price" : 110.07,
    "dma50" : 117.73,
    "dma100" : 119.69,
    "dma200" : 125.00,
    "volume" : 129505.00
  }, {
    "date" : "2025-11-07",
    "price" : 114.48,
    "dma50" : 117.60,
    "dma100" : 119.56,
    "dma200" : 124.90,
    "volume" : 111018.00
  }, {
    "date" : "2025-11-10",
    "price" : 113.14,
    "dma50" : 117.42,
    "dma100" : 119.44,
    "dma200" : 124.78,
    "volume" : 116354.00
  }, {
    "date" : "2025-11-11",
    "price" : 111.00,
    "dma50" : 117.17,
    "dma100" : 119.28,
    "dma200" : 124.64,
    "volume" : 91601.00
  }, {
    "date" : "2025-11-12",
    "price" : 111.57,
    "dma50" : 116.95,
    "dma100" : 119.13,
    "dma200" : 124.51,
    "volume" : 90412.00
  }, {
    "date" : "2025-11-13",
    "price" : 111.85,
    "dma50" : 116.75,
    "dma100" : 119.02,
    "dma200" : 124.39,
    "volume" : 199744.00
  }, {
    "date" : "2025-11-14",
    "price" : 111.64,
    "dma50" : 116.55,
    "dma100" : 118.90,
    "dma200" : 124.26,
    "volume" : 57092.00
  }, {
    "date" : "2025-11-17",
    "price" : 110.98,
    "dma50" : 116.33,
    "dma100" : 118.76,
    "dma200" : 124.13,
    "volume" : 37735.00
  }, {
    "date" : "2025-11-18",
    "price" : 109.92,
    "dma50" : 116.08,
    "dma100" : 118.59,
    "dma200" : 123.99,
    "volume" : 52085.00
  }, {
    "date" : "2025-11-19",
    "price" : 108.94,
    "dma50" : 115.80,
    "dma100" : 118.38,
    "dma200" : 123.84,
    "volume" : 64384.00
  }, {
    "date" : "2025-11-20",
    "price" : 110.24,
    "dma50" : 115.58,
    "dma100" : 118.14,
    "dma200" : 123.70,
    "volume" : 109681.00
  }, {
    "date" : "2025-11-21",
    "price" : 106.70,
    "dma50" : 115.23,
    "dma100" : 117.90,
    "dma200" : 123.53,
    "volume" : 96390.00
  }, {
    "date" : "2025-11-24",
    "price" : 106.95,
    "dma50" : 114.91,
    "dma100" : 117.63,
    "dma200" : 123.37,
    "volume" : 71692.00
  }, {
    "date" : "2025-11-25",
    "price" : 105.70,
    "dma50" : 114.55,
    "dma100" : 117.36,
    "dma200" : 123.19,
    "volume" : 81676.00
  }, {
    "date" : "2025-11-26",
    "price" : 106.86,
    "dma50" : 114.25,
    "dma100" : 117.11,
    "dma200" : 123.03,
    "volume" : 68207.00
  }, {
    "date" : "2025-11-27",
    "price" : 108.23,
    "dma50" : 114.01,
    "dma100" : 116.86,
    "dma200" : 122.88,
    "volume" : 86192.00
  }, {
    "date" : "2025-11-28",
    "price" : 109.19,
    "dma50" : 113.82,
    "dma100" : 116.62,
    "dma200" : 122.75,
    "volume" : 72454.00
  }, {
    "date" : "2025-12-01",
    "price" : 108.50,
    "dma50" : 113.61,
    "dma100" : 116.38,
    "dma200" : 122.60,
    "volume" : 97845.00
  } ],
  "latestTechnicalAttributes" : {
    "date" : "2025-12-01",
    "price" : 108.50,
    "dma50" : 113.61,
    "dma100" : 116.38,
    "dma200" : 122.60,
    "volume" : 97845.00
  },
  "quarterlyResults" : [ {
    "date" : "2005-03-31",
    "sales" : 6.45,
    "salesGrowthYoY" : null,
    "grossProfitMargin" : 55.19,
    "grossProfit" : 3.56,
    "operatingProfitMargin" : 32.56,
    "operatingProfit" : 2.10,
    "netProfitMargin" : 23.41,
    "netProfit" : 1.51
  }, {
    "date" : "2005-06-30",
    "sales" : 10.91,
    "salesGrowthYoY" : null,
    "grossProfitMargin" : 58.30,
    "grossProfit" : 6.36,
    "operatingProfitMargin" : 38.77,
    "operatingProfit" : 4.23,
    "netProfitMargin" : 30.06,
    "netProfit" : 3.28
  }, {
    "date" : "2005-09-30",
    "sales" : 14.90,
    "salesGrowthYoY" : null,
    "grossProfitMargin" : 67.58,
    "grossProfit" : 10.07,
    "operatingProfitMargin" : 41.61,
    "operatingProfit" : 6.20,
    "netProfitMargin" : 40.81,
    "netProfit" : 6.08
  }, {
    "date" : "2005-12-31",
    "sales" : 22.97,
    "salesGrowthYoY" : null,
    "grossProfitMargin" : 63.56,
    "grossProfit" : 14.60,
    "operatingProfitMargin" : 39.18,
    "operatingProfit" : 9.00,
    "netProfitMargin" : 37.74,
    "netProfit" : 8.67
  }, {
    "date" : "2006-03-31",
    "sales" : 28.21,
    "salesGrowthYoY" : 337.36,
    "grossProfitMargin" : 55.62,
    "grossProfit" : 15.69,
    "operatingProfitMargin" : 15.63,
    "operatingProfit" : 4.41,
    "netProfitMargin" : 16.06,
    "netProfit" : 4.53
  }, {
    "date" : "2006-06-30",
    "sales" : 23.80,
    "salesGrowthYoY" : 118.15,
    "grossProfitMargin" : 61.85,
    "grossProfit" : 14.72,
    "operatingProfitMargin" : 34.96,
    "operatingProfit" : 8.32,
    "netProfitMargin" : 33.03,
    "netProfit" : 7.86
  }, {
    "date" : "2006-09-30",
    "sales" : 23.60,
    "salesGrowthYoY" : 58.39,
    "grossProfitMargin" : 56.53,
    "grossProfit" : 13.34,
    "operatingProfitMargin" : 30.51,
    "operatingProfit" : 7.20,
    "netProfitMargin" : 27.33,
    "netProfit" : 6.45
  }, {
    "date" : "2006-12-31",
    "sales" : 21.23,
    "salesGrowthYoY" : -7.58,
    "grossProfitMargin" : 60.29,
    "grossProfit" : 12.80,
    "operatingProfitMargin" : 27.51,
    "operatingProfit" : 5.84,
    "netProfitMargin" : 17.66,
    "netProfit" : 3.75
  }, {
    "date" : "2007-03-31",
    "sales" : 22.38,
    "salesGrowthYoY" : -20.67,
    "grossProfitMargin" : 71.05,
    "grossProfit" : 15.90,
    "operatingProfitMargin" : 34.72,
    "operatingProfit" : 7.77,
    "netProfitMargin" : 22.65,
    "netProfit" : 5.07
  }, {
    "date" : "2007-06-30",
    "sales" : 11.51,
    "salesGrowthYoY" : -51.64,
    "grossProfitMargin" : 62.81,
    "grossProfit" : 7.23,
    "operatingProfitMargin" : 29.97,
    "operatingProfit" : 3.45,
    "netProfitMargin" : 27.89,
    "netProfit" : 3.21
  }, {
    "date" : "2007-09-30",
    "sales" : 21.30,
    "salesGrowthYoY" : -9.75,
    "grossProfitMargin" : 53.80,
    "grossProfit" : 11.46,
    "operatingProfitMargin" : 37.89,
    "operatingProfit" : 8.07,
    "netProfitMargin" : 39.91,
    "netProfit" : 8.50
  }, {
    "date" : "2007-12-31",
    "sales" : 15.72,
    "salesGrowthYoY" : -25.95,
    "grossProfitMargin" : 77.35,
    "grossProfit" : 12.16,
    "operatingProfitMargin" : 16.16,
    "operatingProfit" : 2.54,
    "netProfitMargin" : 20.29,
    "netProfit" : 3.19
  }, {
    "date" : "2008-03-31",
    "sales" : 25.52,
    "salesGrowthYoY" : 14.03,
    "grossProfitMargin" : 58.46,
    "grossProfit" : 14.92,
    "operatingProfitMargin" : 22.73,
    "operatingProfit" : 5.80,
    "netProfitMargin" : 12.42,
    "netProfit" : 3.17
  }, {
    "date" : "2008-06-30",
    "sales" : 14.93,
    "salesGrowthYoY" : 29.71,
    "grossProfitMargin" : 51.44,
    "grossProfit" : 7.68,
    "operatingProfitMargin" : 29.67,
    "operatingProfit" : 4.43,
    "netProfitMargin" : 22.24,
    "netProfit" : 3.32
  }, {
    "date" : "2008-09-30",
    "sales" : 34.88,
    "salesGrowthYoY" : 63.76,
    "grossProfitMargin" : 38.90,
    "grossProfit" : 13.57,
    "operatingProfitMargin" : 26.98,
    "operatingProfit" : 9.41,
    "netProfitMargin" : 16.74,
    "netProfit" : 5.84
  }, {
    "date" : "2008-12-31",
    "sales" : 23.92,
    "salesGrowthYoY" : 52.16,
    "grossProfitMargin" : 74.75,
    "grossProfit" : 17.88,
    "operatingProfitMargin" : 51.55,
    "operatingProfit" : 12.33,
    "netProfitMargin" : 43.69,
    "netProfit" : 10.45
  }, {
    "date" : "2009-03-31",
    "sales" : 29.59,
    "salesGrowthYoY" : 15.95,
    "grossProfitMargin" : 40.93,
    "grossProfit" : 12.11,
    "operatingProfitMargin" : 13.08,
    "operatingProfit" : 3.87,
    "netProfitMargin" : 17.57,
    "netProfit" : 5.20
  }, {
    "date" : "2009-06-30",
    "sales" : 36.78,
    "salesGrowthYoY" : 146.35,
    "grossProfitMargin" : 31.89,
    "grossProfit" : 11.73,
    "operatingProfitMargin" : 21.07,
    "operatingProfit" : 7.75,
    "netProfitMargin" : 16.91,
    "netProfit" : 6.22
  }, {
    "date" : "2009-09-30",
    "sales" : 53.08,
    "salesGrowthYoY" : 52.18,
    "grossProfitMargin" : 34.19,
    "grossProfit" : 18.15,
    "operatingProfitMargin" : 25.38,
    "operatingProfit" : 13.47,
    "netProfitMargin" : 18.37,
    "netProfit" : 9.75
  }, {
    "date" : "2009-12-31",
    "sales" : 44.19,
    "salesGrowthYoY" : 84.74,
    "grossProfitMargin" : 37.50,
    "grossProfit" : 16.57,
    "operatingProfitMargin" : 22.04,
    "operatingProfit" : 9.74,
    "netProfitMargin" : 16.90,
    "netProfit" : 7.47
  }, {
    "date" : "2010-03-31",
    "sales" : 62.60,
    "salesGrowthYoY" : 111.56,
    "grossProfitMargin" : 31.63,
    "grossProfit" : 19.80,
    "operatingProfitMargin" : 24.36,
    "operatingProfit" : 15.25,
    "netProfitMargin" : 14.04,
    "netProfit" : 8.79
  }, {
    "date" : "2010-06-30",
    "sales" : 57.02,
    "salesGrowthYoY" : 55.03,
    "grossProfitMargin" : 34.27,
    "grossProfit" : 19.54,
    "operatingProfitMargin" : 22.34,
    "operatingProfit" : 12.74,
    "netProfitMargin" : 15.96,
    "netProfit" : 9.10
  }, {
    "date" : "2010-09-30",
    "sales" : 34.24,
    "salesGrowthYoY" : -35.49,
    "grossProfitMargin" : 93.05,
    "grossProfit" : 31.86,
    "operatingProfitMargin" : 25.29,
    "operatingProfit" : 8.66,
    "netProfitMargin" : 11.97,
    "netProfit" : 4.10
  }, {
    "date" : "2010-12-31",
    "sales" : 50.66,
    "salesGrowthYoY" : 14.64,
    "grossProfitMargin" : 68.36,
    "grossProfit" : 34.63,
    "operatingProfitMargin" : 32.35,
    "operatingProfit" : 16.39,
    "netProfitMargin" : 15.20,
    "netProfit" : 7.70
  }, {
    "date" : "2011-03-31",
    "sales" : 91.43,
    "salesGrowthYoY" : 46.05,
    "grossProfitMargin" : 46.88,
    "grossProfit" : 42.86,
    "operatingProfitMargin" : 17.07,
    "operatingProfit" : 15.61,
    "netProfitMargin" : 2.53,
    "netProfit" : 2.31
  }, {
    "date" : "2011-06-30",
    "sales" : 43.39,
    "salesGrowthYoY" : -23.90,
    "grossProfitMargin" : 68.36,
    "grossProfit" : 29.66,
    "operatingProfitMargin" : 27.73,
    "operatingProfit" : 12.03,
    "netProfitMargin" : 12.10,
    "netProfit" : 5.25
  }, {
    "date" : "2011-09-30",
    "sales" : 54.54,
    "salesGrowthYoY" : 59.29,
    "grossProfitMargin" : 58.18,
    "grossProfit" : 31.73,
    "operatingProfitMargin" : 27.54,
    "operatingProfit" : 15.02,
    "netProfitMargin" : 12.23,
    "netProfit" : 6.67
  }, {
    "date" : "2011-12-31",
    "sales" : 51.41,
    "salesGrowthYoY" : 1.48,
    "grossProfitMargin" : 52.17,
    "grossProfit" : 26.82,
    "operatingProfitMargin" : 26.69,
    "operatingProfit" : 13.72,
    "netProfitMargin" : 8.56,
    "netProfit" : 4.40
  }, {
    "date" : "2012-03-31",
    "sales" : 63.24,
    "salesGrowthYoY" : -30.83,
    "grossProfitMargin" : 68.18,
    "grossProfit" : 43.12,
    "operatingProfitMargin" : 25.09,
    "operatingProfit" : 15.87,
    "netProfitMargin" : 7.80,
    "netProfit" : 4.93
  }, {
    "date" : "2012-06-30",
    "sales" : 63.16,
    "salesGrowthYoY" : 45.56,
    "grossProfitMargin" : 54.39,
    "grossProfit" : 34.35,
    "operatingProfitMargin" : 20.52,
    "operatingProfit" : 12.96,
    "netProfitMargin" : 8.42,
    "netProfit" : 5.32
  }, {
    "date" : "2012-09-30",
    "sales" : 68.33,
    "salesGrowthYoY" : 25.28,
    "grossProfitMargin" : 76.12,
    "grossProfit" : 52.01,
    "operatingProfitMargin" : 26.33,
    "operatingProfit" : 17.99,
    "netProfitMargin" : 14.47,
    "netProfit" : 9.89
  }, {
    "date" : "2012-12-31",
    "sales" : 91.06,
    "salesGrowthYoY" : 77.13,
    "grossProfitMargin" : 70.02,
    "grossProfit" : 63.76,
    "operatingProfitMargin" : 14.87,
    "operatingProfit" : 13.54,
    "netProfitMargin" : 5.83,
    "netProfit" : 5.31
  }, {
    "date" : "2013-03-31",
    "sales" : 149.29,
    "salesGrowthYoY" : 136.07,
    "grossProfitMargin" : 62.13,
    "grossProfit" : 92.75,
    "operatingProfitMargin" : 15.54,
    "operatingProfit" : 23.20,
    "netProfitMargin" : 7.09,
    "netProfit" : 10.58
  }, {
    "date" : "2013-06-30",
    "sales" : 100.98,
    "salesGrowthYoY" : 59.88,
    "grossProfitMargin" : 64.50,
    "grossProfit" : 65.13,
    "operatingProfitMargin" : 11.09,
    "operatingProfit" : 11.20,
    "netProfitMargin" : 5.82,
    "netProfit" : 5.88
  }, {
    "date" : "2013-09-30",
    "sales" : 43.34,
    "salesGrowthYoY" : -36.57,
    "grossProfitMargin" : 59.69,
    "grossProfit" : 25.87,
    "operatingProfitMargin" : 10.41,
    "operatingProfit" : 4.51,
    "netProfitMargin" : 11.38,
    "netProfit" : 4.93
  }, {
    "date" : "2013-12-31",
    "sales" : 98.12,
    "salesGrowthYoY" : 7.75,
    "grossProfitMargin" : 70.64,
    "grossProfit" : 69.31,
    "operatingProfitMargin" : 16.09,
    "operatingProfit" : 15.79,
    "netProfitMargin" : 11.34,
    "netProfit" : 11.13
  }, {
    "date" : "2014-03-31",
    "sales" : 83.95,
    "salesGrowthYoY" : -43.77,
    "grossProfitMargin" : 68.79,
    "grossProfit" : 57.75,
    "operatingProfitMargin" : 23.49,
    "operatingProfit" : 19.72,
    "netProfitMargin" : 19.43,
    "netProfit" : 16.31
  }, {
    "date" : "2014-06-30",
    "sales" : 72.37,
    "salesGrowthYoY" : -28.33,
    "grossProfitMargin" : 53.74,
    "grossProfit" : 38.89,
    "operatingProfitMargin" : 5.25,
    "operatingProfit" : 3.80,
    "netProfitMargin" : 13.56,
    "netProfit" : 9.81
  }, {
    "date" : "2014-09-30",
    "sales" : 33.88,
    "salesGrowthYoY" : -21.83,
    "grossProfitMargin" : 79.22,
    "grossProfit" : 26.84,
    "operatingProfitMargin" : 22.90,
    "operatingProfit" : 7.76,
    "netProfitMargin" : 32.11,
    "netProfit" : 10.88
  }, {
    "date" : "2014-12-31",
    "sales" : 51.41,
    "salesGrowthYoY" : -47.60,
    "grossProfitMargin" : 68.94,
    "grossProfit" : 35.44,
    "operatingProfitMargin" : 18.89,
    "operatingProfit" : 9.71,
    "netProfitMargin" : 12.27,
    "netProfit" : 6.31
  }, {
    "date" : "2015-03-31",
    "sales" : 50.14,
    "salesGrowthYoY" : -40.27,
    "grossProfitMargin" : 74.83,
    "grossProfit" : 37.52,
    "operatingProfitMargin" : 10.07,
    "operatingProfit" : 5.05,
    "netProfitMargin" : 4.09,
    "netProfit" : 2.05
  }, {
    "date" : "2015-06-30",
    "sales" : 41.37,
    "salesGrowthYoY" : -42.84,
    "grossProfitMargin" : 75.83,
    "grossProfit" : 31.37,
    "operatingProfitMargin" : 33.43,
    "operatingProfit" : 13.83,
    "netProfitMargin" : 25.79,
    "netProfit" : 10.67
  }, {
    "date" : "2015-09-30",
    "sales" : 36.45,
    "salesGrowthYoY" : 7.59,
    "grossProfitMargin" : 89.60,
    "grossProfit" : 32.66,
    "operatingProfitMargin" : 34.73,
    "operatingProfit" : 12.66,
    "netProfitMargin" : 24.31,
    "netProfit" : 8.86
  }, {
    "date" : "2015-12-31",
    "sales" : 41.13,
    "salesGrowthYoY" : -20.00,
    "grossProfitMargin" : 70.82,
    "grossProfit" : 29.13,
    "operatingProfitMargin" : 19.50,
    "operatingProfit" : 8.02,
    "netProfitMargin" : 11.06,
    "netProfit" : 4.55
  }, {
    "date" : "2016-03-31",
    "sales" : 70.10,
    "salesGrowthYoY" : 39.81,
    "grossProfitMargin" : 59.09,
    "grossProfit" : 41.42,
    "operatingProfitMargin" : 23.94,
    "operatingProfit" : 16.78,
    "netProfitMargin" : 10.09,
    "netProfit" : 7.07
  }, {
    "date" : "2016-06-30",
    "sales" : 50.90,
    "salesGrowthYoY" : 23.04,
    "grossProfitMargin" : 71.91,
    "grossProfit" : 36.60,
    "operatingProfitMargin" : 19.14,
    "operatingProfit" : 9.74,
    "netProfitMargin" : 10.59,
    "netProfit" : 5.39
  }, {
    "date" : "2016-09-30",
    "sales" : 66.00,
    "salesGrowthYoY" : 81.07,
    "grossProfitMargin" : 58.03,
    "grossProfit" : 38.30,
    "operatingProfitMargin" : 17.82,
    "operatingProfit" : 11.76,
    "netProfitMargin" : 9.59,
    "netProfit" : 6.33
  }, {
    "date" : "2016-12-31",
    "sales" : 48.30,
    "salesGrowthYoY" : 17.43,
    "grossProfitMargin" : 57.14,
    "grossProfit" : 27.60,
    "operatingProfitMargin" : 10.72,
    "operatingProfit" : 5.18,
    "netProfitMargin" : 4.78,
    "netProfit" : 2.31
  }, {
    "date" : "2017-03-31",
    "sales" : 85.36,
    "salesGrowthYoY" : 21.77,
    "grossProfitMargin" : 74.88,
    "grossProfit" : 63.92,
    "operatingProfitMargin" : 27.87,
    "operatingProfit" : 23.79,
    "netProfitMargin" : 15.24,
    "netProfit" : 13.01
  }, {
    "date" : "2017-06-30",
    "sales" : 105.26,
    "salesGrowthYoY" : 106.80,
    "grossProfitMargin" : 52.94,
    "grossProfit" : 55.72,
    "operatingProfitMargin" : 16.96,
    "operatingProfit" : 17.85,
    "netProfitMargin" : 10.38,
    "netProfit" : 10.93
  }, {
    "date" : "2017-09-30",
    "sales" : 26.65,
    "salesGrowthYoY" : -59.62,
    "grossProfitMargin" : 58.57,
    "grossProfit" : 15.61,
    "operatingProfitMargin" : 8.37,
    "operatingProfit" : 2.23,
    "netProfitMargin" : 60.98,
    "netProfit" : 16.25
  }, {
    "date" : "2017-12-31",
    "sales" : 54.82,
    "salesGrowthYoY" : 13.50,
    "grossProfitMargin" : 61.49,
    "grossProfit" : 33.71,
    "operatingProfitMargin" : 28.16,
    "operatingProfit" : 15.44,
    "netProfitMargin" : 9.03,
    "netProfit" : 4.95
  }, {
    "date" : "2018-03-31",
    "sales" : 107.51,
    "salesGrowthYoY" : 25.95,
    "grossProfitMargin" : 90.08,
    "grossProfit" : 96.85,
    "operatingProfitMargin" : 24.53,
    "operatingProfit" : 26.37,
    "netProfitMargin" : 11.44,
    "netProfit" : 12.30
  }, {
    "date" : "2018-06-30",
    "sales" : 53.69,
    "salesGrowthYoY" : -48.99,
    "grossProfitMargin" : 86.72,
    "grossProfit" : 46.56,
    "operatingProfitMargin" : 20.73,
    "operatingProfit" : 11.13,
    "netProfitMargin" : 8.21,
    "netProfit" : 4.41
  }, {
    "date" : "2018-09-30",
    "sales" : 70.60,
    "salesGrowthYoY" : 164.92,
    "grossProfitMargin" : 47.27,
    "grossProfit" : 33.37,
    "operatingProfitMargin" : 5.51,
    "operatingProfit" : 3.89,
    "netProfitMargin" : 0.16,
    "netProfit" : 0.11
  }, {
    "date" : "2018-12-31",
    "sales" : 37.51,
    "salesGrowthYoY" : -31.58,
    "grossProfitMargin" : 102.45,
    "grossProfit" : 38.43,
    "operatingProfitMargin" : 14.50,
    "operatingProfit" : 5.44,
    "netProfitMargin" : 27.09,
    "netProfit" : 10.16
  }, {
    "date" : "2019-03-31",
    "sales" : 53.35,
    "salesGrowthYoY" : -50.38,
    "grossProfitMargin" : 49.28,
    "grossProfit" : 26.29,
    "operatingProfitMargin" : 0.96,
    "operatingProfit" : 0.51,
    "netProfitMargin" : -0.96,
    "netProfit" : -0.51
  }, {
    "date" : "2019-06-30",
    "sales" : 63.25,
    "salesGrowthYoY" : 17.81,
    "grossProfitMargin" : 70.06,
    "grossProfit" : 44.31,
    "operatingProfitMargin" : 18.69,
    "operatingProfit" : 11.82,
    "netProfitMargin" : 9.30,
    "netProfit" : 5.88
  }, {
    "date" : "2019-09-30",
    "sales" : 37.65,
    "salesGrowthYoY" : -46.67,
    "grossProfitMargin" : 74.37,
    "grossProfit" : 28.00,
    "operatingProfitMargin" : 14.79,
    "operatingProfit" : 5.57,
    "netProfitMargin" : -8.07,
    "netProfit" : -3.04
  }, {
    "date" : "2019-12-31",
    "sales" : 28.59,
    "salesGrowthYoY" : -23.78,
    "grossProfitMargin" : 32.32,
    "grossProfit" : 9.24,
    "operatingProfitMargin" : -25.01,
    "operatingProfit" : -7.15,
    "netProfitMargin" : -9.23,
    "netProfit" : -2.64
  }, {
    "date" : "2020-03-31",
    "sales" : 57.58,
    "salesGrowthYoY" : 7.93,
    "grossProfitMargin" : 54.34,
    "grossProfit" : 31.29,
    "operatingProfitMargin" : -23.57,
    "operatingProfit" : -13.57,
    "netProfitMargin" : 31.37,
    "netProfit" : 18.06
  }, {
    "date" : "2020-06-30",
    "sales" : 36.34,
    "salesGrowthYoY" : -42.55,
    "grossProfitMargin" : 95.29,
    "grossProfit" : 34.63,
    "operatingProfitMargin" : 49.94,
    "operatingProfit" : 18.15,
    "netProfitMargin" : 23.64,
    "netProfit" : 8.59
  }, {
    "date" : "2020-09-30",
    "sales" : 40.46,
    "salesGrowthYoY" : 7.46,
    "grossProfitMargin" : 94.41,
    "grossProfit" : 38.20,
    "operatingProfitMargin" : 24.77,
    "operatingProfit" : 10.02,
    "netProfitMargin" : 1.19,
    "netProfit" : 0.48
  }, {
    "date" : "2020-12-31",
    "sales" : 43.82,
    "salesGrowthYoY" : 53.27,
    "grossProfitMargin" : 92.83,
    "grossProfit" : 40.68,
    "operatingProfitMargin" : 21.15,
    "operatingProfit" : 9.27,
    "netProfitMargin" : 15.20,
    "netProfit" : 6.66
  }, {
    "date" : "2021-03-31",
    "sales" : 107.56,
    "salesGrowthYoY" : 86.80,
    "grossProfitMargin" : 45.70,
    "grossProfit" : 49.15,
    "operatingProfitMargin" : -0.05,
    "operatingProfit" : -0.05,
    "netProfitMargin" : -4.96,
    "netProfit" : -5.33
  }, {
    "date" : "2021-06-30",
    "sales" : 50.50,
    "salesGrowthYoY" : 38.97,
    "grossProfitMargin" : 79.31,
    "grossProfit" : 40.05,
    "operatingProfitMargin" : 20.26,
    "operatingProfit" : 10.23,
    "netProfitMargin" : 12.67,
    "netProfit" : 6.40
  }, {
    "date" : "2021-09-30",
    "sales" : 69.08,
    "salesGrowthYoY" : 70.74,
    "grossProfitMargin" : 72.12,
    "grossProfit" : 49.82,
    "operatingProfitMargin" : 21.13,
    "operatingProfit" : 14.60,
    "netProfitMargin" : 5.94,
    "netProfit" : 4.10
  }, {
    "date" : "2021-12-31",
    "sales" : 57.40,
    "salesGrowthYoY" : 30.99,
    "grossProfitMargin" : 100.40,
    "grossProfit" : 57.63,
    "operatingProfitMargin" : 16.62,
    "operatingProfit" : 9.54,
    "netProfitMargin" : 4.37,
    "netProfit" : 2.51
  }, {
    "date" : "2022-03-31",
    "sales" : 112.24,
    "salesGrowthYoY" : 4.35,
    "grossProfitMargin" : 93.04,
    "grossProfit" : 104.43,
    "operatingProfitMargin" : -2.33,
    "operatingProfit" : -2.62,
    "netProfitMargin" : -11.81,
    "netProfit" : -13.26
  }, {
    "date" : "2022-06-30",
    "sales" : 116.85,
    "salesGrowthYoY" : 131.39,
    "grossProfitMargin" : 53.38,
    "grossProfit" : 62.37,
    "operatingProfitMargin" : 11.54,
    "operatingProfit" : 13.48,
    "netProfitMargin" : 6.16,
    "netProfit" : 7.20
  }, {
    "date" : "2022-09-30",
    "sales" : 73.30,
    "salesGrowthYoY" : 6.11,
    "grossProfitMargin" : 57.38,
    "grossProfit" : 42.06,
    "operatingProfitMargin" : -4.82,
    "operatingProfit" : -3.53,
    "netProfitMargin" : -8.35,
    "netProfit" : -6.12
  }, {
    "date" : "2022-12-31",
    "sales" : 201.29,
    "salesGrowthYoY" : 250.68,
    "grossProfitMargin" : 41.54,
    "grossProfit" : 83.62,
    "operatingProfitMargin" : 7.67,
    "operatingProfit" : 15.44,
    "netProfitMargin" : 7.02,
    "netProfit" : 14.13
  }, {
    "date" : "2023-03-31",
    "sales" : 328.32,
    "salesGrowthYoY" : 192.52,
    "grossProfitMargin" : 59.62,
    "grossProfit" : 195.74,
    "operatingProfitMargin" : 9.56,
    "operatingProfit" : 31.39,
    "netProfitMargin" : 5.59,
    "netProfit" : 18.35
  }, {
    "date" : "2023-06-30",
    "sales" : 262.82,
    "salesGrowthYoY" : 124.92,
    "grossProfitMargin" : 54.41,
    "grossProfit" : 143.00,
    "operatingProfitMargin" : 8.32,
    "operatingProfit" : 21.87,
    "netProfitMargin" : 6.08,
    "netProfit" : 15.98
  }, {
    "date" : "2023-09-30",
    "sales" : 258.91,
    "salesGrowthYoY" : 253.22,
    "grossProfitMargin" : 69.95,
    "grossProfit" : 181.11,
    "operatingProfitMargin" : 15.58,
    "operatingProfit" : 40.34,
    "netProfitMargin" : 8.59,
    "netProfit" : 22.24
  }, {
    "date" : "2023-12-31",
    "sales" : 251.99,
    "salesGrowthYoY" : 25.19,
    "grossProfitMargin" : 48.59,
    "grossProfit" : 122.44,
    "operatingProfitMargin" : 2.97,
    "operatingProfit" : 7.48,
    "netProfitMargin" : 5.53,
    "netProfit" : 13.94
  }, {
    "date" : "2024-03-31",
    "sales" : 286.07,
    "salesGrowthYoY" : -12.87,
    "grossProfitMargin" : 61.20,
    "grossProfit" : 175.07,
    "operatingProfitMargin" : 7.69,
    "operatingProfit" : 22.00,
    "netProfitMargin" : 1.76,
    "netProfit" : 5.03
  }, {
    "date" : "2024-06-30",
    "sales" : 163.94,
    "salesGrowthYoY" : -37.62,
    "grossProfitMargin" : 57.05,
    "grossProfit" : 93.53,
    "operatingProfitMargin" : 11.25,
    "operatingProfit" : 18.44,
    "netProfitMargin" : 8.01,
    "netProfit" : 13.13
  }, {
    "date" : "2024-09-30",
    "sales" : 220.64,
    "salesGrowthYoY" : -14.78,
    "grossProfitMargin" : 56.10,
    "grossProfit" : 123.78,
    "operatingProfitMargin" : 7.17,
    "operatingProfit" : 15.82,
    "netProfitMargin" : -1.64,
    "netProfit" : -3.62
  }, {
    "date" : "2024-12-31",
    "sales" : 98.92,
    "salesGrowthYoY" : -60.74,
    "grossProfitMargin" : 51.98,
    "grossProfit" : 51.42,
    "operatingProfitMargin" : -1.71,
    "operatingProfit" : -1.69,
    "netProfitMargin" : 3.74,
    "netProfit" : 3.70
  }, {
    "date" : "2025-03-31",
    "sales" : 182.78,
    "salesGrowthYoY" : -36.11,
    "grossProfitMargin" : 55.45,
    "grossProfit" : 101.35,
    "operatingProfitMargin" : 0.54,
    "operatingProfit" : 0.99,
    "netProfitMargin" : 12.52,
    "netProfit" : 22.88
  }, {
    "date" : "2025-06-30",
    "sales" : 99.78,
    "salesGrowthYoY" : -39.14,
    "grossProfitMargin" : 56.28,
    "grossProfit" : 56.16,
    "operatingProfitMargin" : 1.32,
    "operatingProfit" : 1.32,
    "netProfitMargin" : 0.99,
    "netProfit" : 0.99
  }, {
    "date" : "2025-09-30",
    "sales" : 111.23,
    "salesGrowthYoY" : -49.59,
    "grossProfitMargin" : 54.83,
    "grossProfit" : 60.99,
    "operatingProfitMargin" : 5.81,
    "operatingProfit" : 6.46,
    "netProfitMargin" : 5.78,
    "netProfit" : 6.43
  } ],
  "latestQuarterlyResult" : {
    "date" : "2025-09-30",
    "sales" : 111.23,
    "salesGrowthYoY" : -49.59,
    "grossProfitMargin" : 54.83,
    "grossProfit" : 60.99,
    "operatingProfitMargin" : 5.81,
    "operatingProfit" : 6.46,
    "netProfitMargin" : 5.78,
    "netProfit" : 6.43
  },
  "companyScore" : {
    "priceHigherThanDma50" : 0.00,
    "priceHigherThanDma100" : 0.00,
    "priceHigherThanDma200" : 0.00,
    "dma50HigherThanDma100" : 0.00,
    "dma50HigherThanDma200" : 0.00,
    "dma100HigherThanDma200" : 0.00,
    "pricePercentageAboveDma50" : 5.22,
    "pricePercentageAboveDma100" : 5.34,
    "pricePercentageAboveDma200" : 5.58,
    "weeklyVolumeHigherThanYearlyVolume" : 0.00,
    "salesGrowthPercentile" : 1.27,
    "operatingProfitMarginPercentile" : 8.05,
    "netProfitMarginPercentile" : 2.42,
    "totalTechnicalScore" : 16.14,
    "totalFundamentalScore" : 11.73,
    "totalScore" : 27.87
  }
}