{
  "metadata" : {
    "screenerCompanyId" : "475222",
    "companyCode" : "ORIENTCEM",
    "companyName" : "Orient Cement",
    "screenerCompanyLink" : "https://www.screener.in/company/ORIENTCEM/",
    "screenerTechnicalHistoryLink" : "https://www.screener.in/api/company/475222/chart/?q=Price-DMA50-DMA200-Volume&days=365",
    "screenerQuarterlyResultsLink" : "https://www.screener.in/api/company/475222/chart/?q=GPM-OPM-NPM-Quarter+Sales&days=10000",
    "attributes" : {
      "companyCode" : "ORIENTCEM",
      "companyName" : "Orient Cement",
      "marketCap" : 3262.00,
      "peRatio" : 10.60,
      "description" : "Orient Cement Ltd is primarily engaged in the manufacture and sale of Cement and its manufacturing facilities at present are located at Devapur in Telangana, Chittapur in Karnataka and Jalgaon in Maharashtra.[1]"
    },
    "companyScore" : {
      "priceHigherThanDma50" : 0.00,
      "priceHigherThanDma100" : 0.00,
      "priceHigherThanDma200" : 0.00,
      "dma50HigherThanDma100" : 0.00,
      "dma50HigherThanDma200" : 0.00,
      "dma100HigherThanDma200" : 0.00,
      "pricePercentageAboveDma50" : 5.45,
      "pricePercentageAboveDma100" : 5.90,
      "pricePercentageAboveDma200" : 6.48,
      "weeklyVolumeHigherThanYearlyVolume" : 0.00,
      "salesGrowthPercentile" : 14.90,
      "operatingProfitMarginPercentile" : 19.27,
      "netProfitMarginPercentile" : 6.18,
      "totalTechnicalScore" : 17.83,
      "totalFundamentalScore" : 40.36,
      "totalScore" : 58.19
    }
  },
  "attributes" : {
    "companyCode" : "ORIENTCEM",
    "companyName" : "Orient Cement",
    "marketCap" : 3262.00,
    "peRatio" : 10.60,
    "description" : "Orient Cement Ltd is primarily engaged in the manufacture and sale of Cement and its manufacturing facilities at present are located at Devapur in Telangana, Chittapur in Karnataka and Jalgaon in Maharashtra.[1]"
  },
  "technicalHistory" : [ {
    "date" : "2025-01-27",
    "price" : 333.20,
    "dma50" : 336.37,
    "dma100" : null,
    "dma200" : 302.59,
    "volume" : 561540.00
  }, {
    "date" : "2025-01-28",
    "price" : 329.35,
    "dma50" : 336.09,
    "dma100" : null,
    "dma200" : 302.86,
    "volume" : 372575.00
  }, {
    "date" : "2025-01-29",
    "price" : 334.70,
    "dma50" : 336.04,
    "dma100" : null,
    "dma200" : 303.17,
    "volume" : 432801.00
  }, {
    "date" : "2025-01-30",
    "price" : 339.50,
    "dma50" : 336.17,
    "dma100" : null,
    "dma200" : 303.54,
    "volume" : 383597.00
  }, {
    "date" : "2025-01-31",
    "price" : 340.70,
    "dma50" : 336.35,
    "dma100" : null,
    "dma200" : 303.91,
    "volume" : 559009.00
  }, {
    "date" : "2025-02-01",
    "price" : 339.55,
    "dma50" : 336.48,
    "dma100" : null,
    "dma200" : 304.26,
    "volume" : 216265.00
  }, {
    "date" : "2025-02-03",
    "price" : 337.10,
    "dma50" : 336.50,
    "dma100" : null,
    "dma200" : 304.59,
    "volume" : 318617.00
  }, {
    "date" : "2025-02-04",
    "price" : 338.75,
    "dma50" : 336.59,
    "dma100" : null,
    "dma200" : 304.93,
    "volume" : 209669.00
  }, {
    "date" : "2025-02-05",
    "price" : 340.25,
    "dma50" : 336.73,
    "dma100" : null,
    "dma200" : 305.28,
    "volume" : 2263752.00
  }, {
    "date" : "2025-02-06",
    "price" : 341.20,
    "dma50" : 336.91,
    "dma100" : null,
    "dma200" : 305.64,
    "volume" : 282394.00
  }, {
    "date" : "2025-02-07",
    "price" : 338.40,
    "dma50" : 336.97,
    "dma100" : null,
    "dma200" : 305.96,
    "volume" : 481952.00
  }, {
    "date" : "2025-02-10",
    "price" : 337.75,
    "dma50" : 337.00,
    "dma100" : null,
    "dma200" : 306.28,
    "volume" : 158128.00
  }, {
    "date" : "2025-02-11",
    "price" : 336.65,
    "dma50" : 336.98,
    "dma100" : null,
    "dma200" : 306.58,
    "volume" : 236458.00
  }, {
    "date" : "2025-02-12",
    "price" : 335.05,
    "dma50" : 336.91,
    "dma100" : null,
    "dma200" : 306.86,
    "volume" : 331277.00
  }, {
    "date" : "2025-02-13",
    "price" : 335.75,
    "dma50" : 336.86,
    "dma100" : null,
    "dma200" : 307.15,
    "volume" : 343001.00
  }, {
    "date" : "2025-02-14",
    "price" : 331.90,
    "dma50" : 336.67,
    "dma100" : null,
    "dma200" : 307.40,
    "volume" : 531744.00
  }, {
    "date" : "2025-02-17",
    "price" : 329.60,
    "dma50" : 336.39,
    "dma100" : null,
    "dma200" : 307.62,
    "volume" : 300538.00
  }, {
    "date" : "2025-02-18",
    "price" : 329.45,
    "dma50" : 336.12,
    "dma100" : null,
    "dma200" : 307.83,
    "volume" : 360293.00
  }, {
    "date" : "2025-02-19",
    "price" : 328.65,
    "dma50" : 335.83,
    "dma100" : null,
    "dma200" : 308.04,
    "volume" : 458727.00
  }, {
    "date" : "2025-02-20",
    "price" : 327.95,
    "dma50" : 335.52,
    "dma100" : null,
    "dma200" : 308.24,
    "volume" : 314405.00
  }, {
    "date" : "2025-02-21",
    "price" : 322.35,
    "dma50" : 335.00,
    "dma100" : null,
    "dma200" : 308.38,
    "volume" : 1357594.00
  }, {
    "date" : "2025-02-24",
    "price" : 319.60,
    "dma50" : 334.40,
    "dma100" : null,
    "dma200" : 308.49,
    "volume" : 686962.00
  }, {
    "date" : "2025-02-25",
    "price" : 320.25,
    "dma50" : 333.84,
    "dma100" : null,
    "dma200" : 308.61,
    "volume" : 458629.00
  }, {
    "date" : "2025-02-27",
    "price" : 327.15,
    "dma50" : 333.58,
    "dma100" : null,
    "dma200" : 308.79,
    "volume" : 1476665.00
  }, {
    "date" : "2025-02-28",
    "price" : 329.55,
    "dma50" : 333.42,
    "dma100" : null,
    "dma200" : 309.00,
    "volume" : 1322844.00
  }, {
    "date" : "2025-03-03",
    "price" : 330.40,
    "dma50" : 333.30,
    "dma100" : null,
    "dma200" : 309.21,
    "volume" : 806014.00
  }, {
    "date" : "2025-03-04",
    "price" : 327.45,
    "dma50" : 333.07,
    "dma100" : null,
    "dma200" : 309.39,
    "volume" : 502544.00
  }, {
    "date" : "2025-03-05",
    "price" : 332.60,
    "dma50" : 333.05,
    "dma100" : null,
    "dma200" : 309.63,
    "volume" : 4807174.00
  }, {
    "date" : "2025-03-06",
    "price" : 337.50,
    "dma50" : 333.23,
    "dma100" : null,
    "dma200" : 309.90,
    "volume" : 377057.00
  }, {
    "date" : "2025-03-07",
    "price" : 336.45,
    "dma50" : 333.36,
    "dma100" : null,
    "dma200" : 310.17,
    "volume" : 441619.00
  }, {
    "date" : "2025-03-10",
    "price" : 340.25,
    "dma50" : 333.63,
    "dma100" : null,
    "dma200" : 310.47,
    "volume" : 760794.00
  }, {
    "date" : "2025-03-11",
    "price" : 346.75,
    "dma50" : 334.14,
    "dma100" : null,
    "dma200" : 310.83,
    "volume" : 1047266.00
  }, {
    "date" : "2025-03-12",
    "price" : 347.05,
    "dma50" : 334.65,
    "dma100" : null,
    "dma200" : 311.19,
    "volume" : 1866318.00
  }, {
    "date" : "2025-03-13",
    "price" : 347.35,
    "dma50" : 335.14,
    "dma100" : null,
    "dma200" : 311.55,
    "volume" : 723095.00
  }, {
    "date" : "2025-03-17",
    "price" : 348.75,
    "dma50" : 335.68,
    "dma100" : null,
    "dma200" : 311.92,
    "volume" : 431579.00
  }, {
    "date" : "2025-03-18",
    "price" : 347.10,
    "dma50" : 336.13,
    "dma100" : null,
    "dma200" : 312.27,
    "volume" : 595383.00
  }, {
    "date" : "2025-03-19",
    "price" : 346.00,
    "dma50" : 336.51,
    "dma100" : null,
    "dma200" : 312.60,
    "volume" : 1016404.00
  }, {
    "date" : "2025-03-20",
    "price" : 347.45,
    "dma50" : 336.94,
    "dma100" : null,
    "dma200" : 312.95,
    "volume" : 276602.00
  }, {
    "date" : "2025-03-21",
    "price" : 336.95,
    "dma50" : 336.94,
    "dma100" : null,
    "dma200" : 313.19,
    "volume" : 10263330.00
  }, {
    "date" : "2025-03-24",
    "price" : 341.95,
    "dma50" : 337.14,
    "dma100" : null,
    "dma200" : 313.48,
    "volume" : 503622.00
  }, {
    "date" : "2025-03-25",
    "price" : 337.85,
    "dma50" : 337.17,
    "dma100" : null,
    "dma200" : 313.72,
    "volume" : 993795.00
  }, {
    "date" : "2025-03-26",
    "price" : 336.65,
    "dma50" : 337.15,
    "dma100" : null,
    "dma200" : 313.95,
    "volume" : 939620.00
  }, {
    "date" : "2025-03-27",
    "price" : 338.20,
    "dma50" : 337.19,
    "dma100" : null,
    "dma200" : 314.19,
    "volume" : 363322.00
  }, {
    "date" : "2025-03-28",
    "price" : 339.95,
    "dma50" : 337.30,
    "dma100" : null,
    "dma200" : 314.44,
    "volume" : 454951.00
  }, {
    "date" : "2025-04-01",
    "price" : 340.90,
    "dma50" : 337.44,
    "dma100" : null,
    "dma200" : 314.71,
    "volume" : 189545.00
  }, {
    "date" : "2025-04-02",
    "price" : 345.95,
    "dma50" : 337.77,
    "dma100" : null,
    "dma200" : 315.02,
    "volume" : 909804.00
  }, {
    "date" : "2025-04-03",
    "price" : 351.30,
    "dma50" : 338.30,
    "dma100" : null,
    "dma200" : 315.38,
    "volume" : 1187581.00
  }, {
    "date" : "2025-04-04",
    "price" : 350.00,
    "dma50" : 338.76,
    "dma100" : null,
    "dma200" : 315.72,
    "volume" : 552241.00
  }, {
    "date" : "2025-04-07",
    "price" : 350.75,
    "dma50" : 339.23,
    "dma100" : null,
    "dma200" : 316.07,
    "volume" : 932700.00
  }, {
    "date" : "2025-04-08",
    "price" : 352.50,
    "dma50" : 339.75,
    "dma100" : null,
    "dma200" : 316.43,
    "volume" : 568541.00
  }, {
    "date" : "2025-04-09",
    "price" : 356.10,
    "dma50" : 340.39,
    "dma100" : null,
    "dma200" : 316.83,
    "volume" : 2315454.00
  }, {
    "date" : "2025-04-11",
    "price" : 357.80,
    "dma50" : 341.07,
    "dma100" : null,
    "dma200" : 317.24,
    "volume" : 1397480.00
  }, {
    "date" : "2025-04-15",
    "price" : 359.15,
    "dma50" : 341.78,
    "dma100" : null,
    "dma200" : 317.65,
    "volume" : 1807081.00
  }, {
    "date" : "2025-04-16",
    "price" : 358.60,
    "dma50" : 342.44,
    "dma100" : null,
    "dma200" : 318.06,
    "volume" : 778512.00
  }, {
    "date" : "2025-04-17",
    "price" : 356.30,
    "dma50" : 342.99,
    "dma100" : null,
    "dma200" : 318.44,
    "volume" : 670302.00
  }, {
    "date" : "2025-04-21",
    "price" : 360.10,
    "dma50" : 343.66,
    "dma100" : null,
    "dma200" : 318.86,
    "volume" : 1034826.00
  }, {
    "date" : "2025-04-22",
    "price" : 354.80,
    "dma50" : 344.09,
    "dma100" : null,
    "dma200" : 319.21,
    "volume" : 1026882.00
  }, {
    "date" : "2025-04-23",
    "price" : 353.30,
    "dma50" : 344.46,
    "dma100" : null,
    "dma200" : 319.55,
    "volume" : 1774599.00
  }, {
    "date" : "2025-04-24",
    "price" : 354.25,
    "dma50" : 344.84,
    "dma100" : null,
    "dma200" : 319.90,
    "volume" : 187011.00
  }, {
    "date" : "2025-04-25",
    "price" : 352.15,
    "dma50" : 345.13,
    "dma100" : null,
    "dma200" : 320.22,
    "volume" : 538800.00
  }, {
    "date" : "2025-04-28",
    "price" : 352.05,
    "dma50" : 345.40,
    "dma100" : null,
    "dma200" : 320.54,
    "volume" : 322355.00
  }, {
    "date" : "2025-04-29",
    "price" : 350.95,
    "dma50" : 345.62,
    "dma100" : null,
    "dma200" : 320.84,
    "volume" : 848715.00
  }, {
    "date" : "2025-04-30",
    "price" : 349.70,
    "dma50" : 345.78,
    "dma100" : null,
    "dma200" : 321.13,
    "volume" : 978250.00
  }, {
    "date" : "2025-05-02",
    "price" : 349.95,
    "dma50" : 345.94,
    "dma100" : null,
    "dma200" : 321.41,
    "volume" : 205394.00
  }, {
    "date" : "2025-05-05",
    "price" : 351.60,
    "dma50" : 346.16,
    "dma100" : null,
    "dma200" : 321.71,
    "volume" : 277291.00
  }, {
    "date" : "2025-05-06",
    "price" : 348.25,
    "dma50" : 346.24,
    "dma100" : null,
    "dma200" : 321.98,
    "volume" : 1057885.00
  }, {
    "date" : "2025-05-07",
    "price" : 350.75,
    "dma50" : 346.42,
    "dma100" : null,
    "dma200" : 322.26,
    "volume" : 477922.00
  }, {
    "date" : "2025-05-08",
    "price" : 350.75,
    "dma50" : 346.59,
    "dma100" : null,
    "dma200" : 322.55,
    "volume" : 135629.00
  }, {
    "date" : "2025-05-09",
    "price" : 354.40,
    "dma50" : 346.90,
    "dma100" : null,
    "dma200" : 322.86,
    "volume" : 1481912.00
  }, {
    "date" : "2025-05-12",
    "price" : 354.00,
    "dma50" : 347.17,
    "dma100" : null,
    "dma200" : 323.17,
    "volume" : 526559.00
  }, {
    "date" : "2025-05-13",
    "price" : 354.65,
    "dma50" : 347.47,
    "dma100" : null,
    "dma200" : 323.49,
    "volume" : 505368.00
  }, {
    "date" : "2025-05-14",
    "price" : 352.45,
    "dma50" : 347.66,
    "dma100" : null,
    "dma200" : 323.77,
    "volume" : 899060.00
  }, {
    "date" : "2025-05-15",
    "price" : 353.80,
    "dma50" : 347.90,
    "dma100" : null,
    "dma200" : 324.07,
    "volume" : 925497.00
  }, {
    "date" : "2025-05-16",
    "price" : 356.60,
    "dma50" : 348.25,
    "dma100" : null,
    "dma200" : 324.40,
    "volume" : 1635422.00
  }, {
    "date" : "2025-05-19",
    "price" : 355.05,
    "dma50" : 348.51,
    "dma100" : null,
    "dma200" : 324.70,
    "volume" : 1631177.00
  }, {
    "date" : "2025-05-20",
    "price" : 351.25,
    "dma50" : 348.62,
    "dma100" : null,
    "dma200" : 324.97,
    "volume" : 1662073.00
  }, {
    "date" : "2025-05-21",
    "price" : 349.75,
    "dma50" : 348.66,
    "dma100" : null,
    "dma200" : 325.21,
    "volume" : 1794871.00
  }, {
    "date" : "2025-05-22",
    "price" : 352.35,
    "dma50" : 348.81,
    "dma100" : null,
    "dma200" : 325.48,
    "volume" : 719483.00
  }, {
    "date" : "2025-05-23",
    "price" : 349.85,
    "dma50" : 348.85,
    "dma100" : null,
    "dma200" : 325.73,
    "volume" : 748449.00
  }, {
    "date" : "2025-05-26",
    "price" : 349.85,
    "dma50" : 348.89,
    "dma100" : null,
    "dma200" : 325.97,
    "volume" : 1106381.00
  }, {
    "date" : "2025-05-27",
    "price" : 350.80,
    "dma50" : 348.96,
    "dma100" : null,
    "dma200" : 326.21,
    "volume" : 663206.00
  }, {
    "date" : "2025-05-28",
    "price" : 352.80,
    "dma50" : 349.11,
    "dma100" : null,
    "dma200" : 326.48,
    "volume" : 598626.00
  }, {
    "date" : "2025-05-29",
    "price" : 351.60,
    "dma50" : 349.21,
    "dma100" : null,
    "dma200" : 326.73,
    "volume" : 727000.00
  }, {
    "date" : "2025-05-30",
    "price" : 350.30,
    "dma50" : 349.25,
    "dma100" : null,
    "dma200" : 326.96,
    "volume" : 762384.00
  }, {
    "date" : "2025-06-02",
    "price" : 348.70,
    "dma50" : 349.23,
    "dma100" : null,
    "dma200" : 327.18,
    "volume" : 870007.00
  }, {
    "date" : "2025-06-03",
    "price" : 347.85,
    "dma50" : 349.18,
    "dma100" : null,
    "dma200" : 327.38,
    "volume" : 1028142.00
  }, {
    "date" : "2025-06-04",
    "price" : 345.85,
    "dma50" : 349.05,
    "dma100" : null,
    "dma200" : 327.57,
    "volume" : 2332204.00
  }, {
    "date" : "2025-06-05",
    "price" : 349.75,
    "dma50" : 349.08,
    "dma100" : null,
    "dma200" : 327.79,
    "volume" : 3996344.00
  }, {
    "date" : "2025-06-06",
    "price" : 353.85,
    "dma50" : 349.26,
    "dma100" : null,
    "dma200" : 328.05,
    "volume" : 2584260.00
  }, {
    "date" : "2025-06-09",
    "price" : 333.20,
    "dma50" : 348.63,
    "dma100" : null,
    "dma200" : 328.10,
    "volume" : 2788593.00
  }, {
    "date" : "2025-06-10",
    "price" : 328.80,
    "dma50" : 347.85,
    "dma100" : null,
    "dma200" : 328.11,
    "volume" : 888713.00
  }, {
    "date" : "2025-06-11",
    "price" : 315.05,
    "dma50" : 346.57,
    "dma100" : null,
    "dma200" : 327.98,
    "volume" : 687432.00
  }, {
    "date" : "2025-06-12",
    "price" : 304.40,
    "dma50" : 344.91,
    "dma100" : null,
    "dma200" : 327.74,
    "volume" : 693521.00
  }, {
    "date" : "2025-06-13",
    "price" : 292.10,
    "dma50" : 342.84,
    "dma100" : null,
    "dma200" : 327.39,
    "volume" : 398209.00
  }, {
    "date" : "2025-06-16",
    "price" : 288.25,
    "dma50" : 340.70,
    "dma100" : null,
    "dma200" : 327.00,
    "volume" : 383139.00
  }, {
    "date" : "2025-06-17",
    "price" : 303.15,
    "dma50" : 339.23,
    "dma100" : null,
    "dma200" : 326.76,
    "volume" : 1211264.00
  }, {
    "date" : "2025-06-18",
    "price" : 253.70,
    "dma50" : 335.88,
    "dma100" : null,
    "dma200" : 326.03,
    "volume" : 11721872.00
  }, {
    "date" : "2025-06-19",
    "price" : 245.00,
    "dma50" : 332.31,
    "dma100" : null,
    "dma200" : 325.23,
    "volume" : 3050789.00
  }, {
    "date" : "2025-06-20",
    "price" : 231.00,
    "dma50" : 328.34,
    "dma100" : null,
    "dma200" : 324.29,
    "volume" : 3495311.00
  }, {
    "date" : "2025-06-23",
    "price" : 226.10,
    "dma50" : 324.33,
    "dma100" : null,
    "dma200" : 323.31,
    "volume" : 1613952.00
  }, {
    "date" : "2025-06-24",
    "price" : 222.30,
    "dma50" : 320.33,
    "dma100" : 336.44,
    "dma200" : 322.31,
    "volume" : 1780617.00
  }, {
    "date" : "2025-06-25",
    "price" : 227.50,
    "dma50" : 316.69,
    "dma100" : 335.42,
    "dma200" : 321.36,
    "volume" : 3466917.00
  }, {
    "date" : "2025-06-26",
    "price" : 238.00,
    "dma50" : 313.60,
    "dma100" : 334.46,
    "dma200" : 320.53,
    "volume" : 2719513.00
  }, {
    "date" : "2025-06-27",
    "price" : 242.40,
    "dma50" : 310.81,
    "dma100" : 333.49,
    "dma200" : 319.76,
    "volume" : 1463434.00
  }, {
    "date" : "2025-06-30",
    "price" : 242.05,
    "dma50" : 308.11,
    "dma100" : 332.50,
    "dma200" : 318.98,
    "volume" : 897338.00
  }, {
    "date" : "2025-07-01",
    "price" : 237.80,
    "dma50" : 305.36,
    "dma100" : 331.48,
    "dma200" : 318.18,
    "volume" : 811894.00
  }, {
    "date" : "2025-07-02",
    "price" : 241.02,
    "dma50" : 302.83,
    "dma100" : 330.52,
    "dma200" : 317.41,
    "volume" : 1162568.00
  }, {
    "date" : "2025-07-03",
    "price" : 238.84,
    "dma50" : 300.32,
    "dma100" : 329.52,
    "dma200" : 316.63,
    "volume" : 317480.00
  }, {
    "date" : "2025-07-04",
    "price" : 241.43,
    "dma50" : 298.01,
    "dma100" : 328.53,
    "dma200" : 315.88,
    "volume" : 818479.00
  }, {
    "date" : "2025-07-07",
    "price" : 235.73,
    "dma50" : 295.57,
    "dma100" : 327.48,
    "dma200" : 315.08,
    "volume" : 434086.00
  }, {
    "date" : "2025-07-08",
    "price" : 234.60,
    "dma50" : 293.18,
    "dma100" : 326.44,
    "dma200" : 314.28,
    "volume" : 540228.00
  }, {
    "date" : "2025-07-09",
    "price" : 236.79,
    "dma50" : 290.97,
    "dma100" : 325.43,
    "dma200" : 313.51,
    "volume" : 369082.00
  }, {
    "date" : "2025-07-10",
    "price" : 232.97,
    "dma50" : 288.69,
    "dma100" : 324.40,
    "dma200" : 312.71,
    "volume" : 357136.00
  }, {
    "date" : "2025-07-11",
    "price" : 240.88,
    "dma50" : 286.82,
    "dma100" : 323.45,
    "dma200" : 311.99,
    "volume" : 1657490.00
  }, {
    "date" : "2025-07-14",
    "price" : 237.10,
    "dma50" : 284.87,
    "dma100" : 322.47,
    "dma200" : 311.25,
    "volume" : 238330.00
  }, {
    "date" : "2025-07-15",
    "price" : 237.05,
    "dma50" : 282.99,
    "dma100" : 321.52,
    "dma200" : 310.51,
    "volume" : 466128.00
  }, {
    "date" : "2025-07-16",
    "price" : 237.39,
    "dma50" : 281.21,
    "dma100" : 320.60,
    "dma200" : 309.78,
    "volume" : 372699.00
  }, {
    "date" : "2025-07-17",
    "price" : 234.19,
    "dma50" : 279.36,
    "dma100" : 319.64,
    "dma200" : 309.03,
    "volume" : 394034.00
  }, {
    "date" : "2025-07-18",
    "price" : 235.83,
    "dma50" : 277.66,
    "dma100" : 318.72,
    "dma200" : 308.30,
    "volume" : 589538.00
  }, {
    "date" : "2025-07-21",
    "price" : 236.68,
    "dma50" : 276.05,
    "dma100" : 317.80,
    "dma200" : 307.59,
    "volume" : 352201.00
  }, {
    "date" : "2025-07-22",
    "price" : 245.01,
    "dma50" : 274.83,
    "dma100" : 317.03,
    "dma200" : 306.97,
    "volume" : 2675991.00
  }, {
    "date" : "2025-07-23",
    "price" : 255.58,
    "dma50" : 274.08,
    "dma100" : 316.39,
    "dma200" : 306.45,
    "volume" : 2929748.00
  }, {
    "date" : "2025-07-24",
    "price" : 256.86,
    "dma50" : 273.40,
    "dma100" : 315.76,
    "dma200" : 305.96,
    "volume" : 3252312.00
  }, {
    "date" : "2025-07-25",
    "price" : 252.37,
    "dma50" : 272.58,
    "dma100" : 315.01,
    "dma200" : 305.43,
    "volume" : 1680672.00
  }, {
    "date" : "2025-07-28",
    "price" : 243.53,
    "dma50" : 271.44,
    "dma100" : 314.15,
    "dma200" : 304.81,
    "volume" : 13017062.00
  }, {
    "date" : "2025-07-29",
    "price" : 244.15,
    "dma50" : 270.37,
    "dma100" : 313.28,
    "dma200" : 304.21,
    "volume" : 1552002.00
  }, {
    "date" : "2025-07-30",
    "price" : 246.58,
    "dma50" : 269.43,
    "dma100" : 312.48,
    "dma200" : 303.63,
    "volume" : 2376014.00
  }, {
    "date" : "2025-07-31",
    "price" : 247.28,
    "dma50" : 268.57,
    "dma100" : 311.62,
    "dma200" : 303.07,
    "volume" : 1400529.00
  }, {
    "date" : "2025-08-01",
    "price" : 240.25,
    "dma50" : 267.46,
    "dma100" : 310.65,
    "dma200" : 302.45,
    "volume" : 986053.00
  }, {
    "date" : "2025-08-04",
    "price" : 245.78,
    "dma50" : 266.61,
    "dma100" : 309.74,
    "dma200" : 301.88,
    "volume" : 480042.00
  }, {
    "date" : "2025-08-05",
    "price" : 245.07,
    "dma50" : 265.76,
    "dma100" : 308.79,
    "dma200" : 301.32,
    "volume" : 405568.00
  }, {
    "date" : "2025-08-06",
    "price" : 238.75,
    "dma50" : 264.70,
    "dma100" : 307.71,
    "dma200" : 300.70,
    "volume" : 565377.00
  }, {
    "date" : "2025-08-07",
    "price" : 242.69,
    "dma50" : 263.84,
    "dma100" : 306.67,
    "dma200" : 300.12,
    "volume" : 660694.00
  }, {
    "date" : "2025-08-08",
    "price" : 232.95,
    "dma50" : 262.63,
    "dma100" : 305.52,
    "dma200" : 299.45,
    "volume" : 770539.00
  }, {
    "date" : "2025-08-11",
    "price" : 236.80,
    "dma50" : 261.61,
    "dma100" : 304.40,
    "dma200" : 298.83,
    "volume" : 362513.00
  }, {
    "date" : "2025-08-12",
    "price" : 237.90,
    "dma50" : 260.68,
    "dma100" : 303.31,
    "dma200" : 298.22,
    "volume" : 477501.00
  }, {
    "date" : "2025-08-13",
    "price" : 234.83,
    "dma50" : 259.67,
    "dma100" : 302.20,
    "dma200" : 297.59,
    "volume" : 432651.00
  }, {
    "date" : "2025-08-14",
    "price" : 233.82,
    "dma50" : 258.66,
    "dma100" : 301.06,
    "dma200" : 296.96,
    "volume" : 255517.00
  }, {
    "date" : "2025-08-18",
    "price" : 238.87,
    "dma50" : 257.88,
    "dma100" : 300.08,
    "dma200" : 296.38,
    "volume" : 774711.00
  }, {
    "date" : "2025-08-19",
    "price" : 239.36,
    "dma50" : 257.15,
    "dma100" : 299.06,
    "dma200" : 295.81,
    "volume" : 295030.00
  }, {
    "date" : "2025-08-20",
    "price" : 239.64,
    "dma50" : 256.47,
    "dma100" : 298.08,
    "dma200" : 295.25,
    "volume" : 314621.00
  }, {
    "date" : "2025-08-21",
    "price" : 242.84,
    "dma50" : 255.93,
    "dma100" : 297.14,
    "dma200" : 294.73,
    "volume" : 579813.00
  }, {
    "date" : "2025-08-22",
    "price" : 237.71,
    "dma50" : 255.22,
    "dma100" : 296.13,
    "dma200" : 294.16,
    "volume" : 364903.00
  }, {
    "date" : "2025-08-25",
    "price" : 235.34,
    "dma50" : 254.44,
    "dma100" : 295.09,
    "dma200" : 293.58,
    "volume" : 201392.00
  }, {
    "date" : "2025-08-26",
    "price" : 231.91,
    "dma50" : 253.56,
    "dma100" : 294.00,
    "dma200" : 292.96,
    "volume" : 401924.00
  }, {
    "date" : "2025-08-28",
    "price" : 227.50,
    "dma50" : 252.53,
    "dma100" : 292.81,
    "dma200" : 292.31,
    "volume" : 288349.00
  }, {
    "date" : "2025-08-29",
    "price" : 217.21,
    "dma50" : 251.15,
    "dma100" : 291.47,
    "dma200" : 291.57,
    "volume" : 1660111.00
  }, {
    "date" : "2025-09-01",
    "price" : 221.84,
    "dma50" : 250.00,
    "dma100" : 290.19,
    "dma200" : 290.87,
    "volume" : 535484.00
  }, {
    "date" : "2025-09-02",
    "price" : 225.74,
    "dma50" : 249.05,
    "dma100" : 288.94,
    "dma200" : 290.22,
    "volume" : 623425.00
  }, {
    "date" : "2025-09-03",
    "price" : 225.16,
    "dma50" : 248.11,
    "dma100" : 287.67,
    "dma200" : 289.58,
    "volume" : 521858.00
  }, {
    "date" : "2025-09-04",
    "price" : 226.54,
    "dma50" : 247.26,
    "dma100" : 286.37,
    "dma200" : 288.95,
    "volume" : 508130.00
  }, {
    "date" : "2025-09-05",
    "price" : 223.99,
    "dma50" : 246.35,
    "dma100" : 285.03,
    "dma200" : 288.30,
    "volume" : 224990.00
  }, {
    "date" : "2025-09-08",
    "price" : 222.47,
    "dma50" : 245.42,
    "dma100" : 283.67,
    "dma200" : 287.65,
    "volume" : 300825.00
  }, {
    "date" : "2025-09-09",
    "price" : 222.42,
    "dma50" : 244.51,
    "dma100" : 282.30,
    "dma200" : 287.00,
    "volume" : 221933.00
  }, {
    "date" : "2025-09-10",
    "price" : 221.58,
    "dma50" : 243.61,
    "dma100" : 280.96,
    "dma200" : 286.35,
    "volume" : 318663.00
  }, {
    "date" : "2025-09-11",
    "price" : 223.07,
    "dma50" : 242.81,
    "dma100" : 279.59,
    "dma200" : 285.72,
    "volume" : 216861.00
  }, {
    "date" : "2025-09-12",
    "price" : 220.55,
    "dma50" : 241.94,
    "dma100" : 278.24,
    "dma200" : 285.07,
    "volume" : 353619.00
  }, {
    "date" : "2025-09-15",
    "price" : 222.42,
    "dma50" : 241.17,
    "dma100" : 276.94,
    "dma200" : 284.45,
    "volume" : 243275.00
  }, {
    "date" : "2025-09-16",
    "price" : 226.32,
    "dma50" : 240.59,
    "dma100" : 275.66,
    "dma200" : 283.87,
    "volume" : 451320.00
  }, {
    "date" : "2025-09-17",
    "price" : 228.77,
    "dma50" : 240.12,
    "dma100" : 274.42,
    "dma200" : 283.32,
    "volume" : 357729.00
  }, {
    "date" : "2025-09-18",
    "price" : 226.70,
    "dma50" : 239.60,
    "dma100" : 273.17,
    "dma200" : 282.76,
    "volume" : 565374.00
  }, {
    "date" : "2025-09-19",
    "price" : 219.56,
    "dma50" : 238.81,
    "dma100" : 271.86,
    "dma200" : 282.13,
    "volume" : 1784079.00
  }, {
    "date" : "2025-09-22",
    "price" : 223.39,
    "dma50" : 238.21,
    "dma100" : 270.59,
    "dma200" : 281.54,
    "volume" : 975753.00
  }, {
    "date" : "2025-09-23",
    "price" : 234.83,
    "dma50" : 238.08,
    "dma100" : 269.44,
    "dma200" : 281.08,
    "volume" : 2470061.00
  }, {
    "date" : "2025-09-24",
    "price" : 230.13,
    "dma50" : 237.76,
    "dma100" : 268.23,
    "dma200" : 280.57,
    "volume" : 1138326.00
  }, {
    "date" : "2025-09-25",
    "price" : 233.68,
    "dma50" : 237.60,
    "dma100" : 267.08,
    "dma200" : 280.10,
    "volume" : 764446.00
  }, {
    "date" : "2025-09-26",
    "price" : 225.01,
    "dma50" : 237.11,
    "dma100" : 265.82,
    "dma200" : 279.56,
    "volume" : 540984.00
  }, {
    "date" : "2025-09-29",
    "price" : 218.83,
    "dma50" : 236.39,
    "dma100" : 264.50,
    "dma200" : 278.95,
    "volume" : 852014.00
  }, {
    "date" : "2025-09-30",
    "price" : 219.32,
    "dma50" : 235.72,
    "dma100" : 263.15,
    "dma200" : 278.36,
    "volume" : 371852.00
  }, {
    "date" : "2025-10-01",
    "price" : 223.03,
    "dma50" : 235.23,
    "dma100" : 261.84,
    "dma200" : 277.81,
    "volume" : 439029.00
  }, {
    "date" : "2025-10-03",
    "price" : 224.72,
    "dma50" : 234.81,
    "dma100" : 260.54,
    "dma200" : 277.28,
    "volume" : 283200.00
  }, {
    "date" : "2025-10-06",
    "price" : 222.69,
    "dma50" : 234.34,
    "dma100" : 259.25,
    "dma200" : 276.74,
    "volume" : 241705.00
  }, {
    "date" : "2025-10-07",
    "price" : 223.96,
    "dma50" : 233.93,
    "dma100" : 257.95,
    "dma200" : 276.21,
    "volume" : 200382.00
  }, {
    "date" : "2025-10-08",
    "price" : 221.08,
    "dma50" : 233.43,
    "dma100" : 256.59,
    "dma200" : 275.66,
    "volume" : 264303.00
  }, {
    "date" : "2025-10-09",
    "price" : 221.57,
    "dma50" : 232.96,
    "dma100" : 255.26,
    "dma200" : 275.13,
    "volume" : 267839.00
  }, {
    "date" : "2025-10-10",
    "price" : 221.37,
    "dma50" : 232.51,
    "dma100" : 253.96,
    "dma200" : 274.59,
    "volume" : 227080.00
  }, {
    "date" : "2025-10-13",
    "price" : 219.35,
    "dma50" : 231.99,
    "dma100" : 252.66,
    "dma200" : 274.04,
    "volume" : 234276.00
  }, {
    "date" : "2025-10-14",
    "price" : 214.79,
    "dma50" : 231.32,
    "dma100" : 251.28,
    "dma200" : 273.45,
    "volume" : 390421.00
  }, {
    "date" : "2025-10-15",
    "price" : 215.58,
    "dma50" : 230.70,
    "dma100" : 249.94,
    "dma200" : 272.88,
    "volume" : 270166.00
  }, {
    "date" : "2025-10-16",
    "price" : 215.20,
    "dma50" : 230.09,
    "dma100" : 248.59,
    "dma200" : 272.30,
    "volume" : 213814.00
  }, {
    "date" : "2025-10-17",
    "price" : 214.47,
    "dma50" : 229.48,
    "dma100" : 247.23,
    "dma200" : 271.73,
    "volume" : 186179.00
  }, {
    "date" : "2025-10-20",
    "price" : 213.46,
    "dma50" : 228.85,
    "dma100" : 245.83,
    "dma200" : 271.15,
    "volume" : 164174.00
  }, {
    "date" : "2025-10-21",
    "price" : 215.68,
    "dma50" : 228.33,
    "dma100" : 244.47,
    "dma200" : 270.59,
    "volume" : 88205.00
  }, {
    "date" : "2025-10-23",
    "price" : 214.20,
    "dma50" : 227.78,
    "dma100" : 243.11,
    "dma200" : 270.03,
    "volume" : 213349.00
  }, {
    "date" : "2025-10-24",
    "price" : 213.18,
    "dma50" : 227.21,
    "dma100" : 241.76,
    "dma200" : 269.47,
    "volume" : 252383.00
  }, {
    "date" : "2025-10-27",
    "price" : 212.93,
    "dma50" : 226.65,
    "dma100" : 240.41,
    "dma200" : 268.90,
    "volume" : 440903.00
  }, {
    "date" : "2025-10-28",
    "price" : 213.37,
    "dma50" : 226.13,
    "dma100" : 239.08,
    "dma200" : 268.35,
    "volume" : 269089.00
  }, {
    "date" : "2025-10-29",
    "price" : 216.24,
    "dma50" : 225.74,
    "dma100" : 237.75,
    "dma200" : 267.83,
    "volume" : 212838.00
  }, {
    "date" : "2025-10-30",
    "price" : 215.95,
    "dma50" : 225.36,
    "dma100" : 236.37,
    "dma200" : 267.32,
    "volume" : 257922.00
  }, {
    "date" : "2025-10-31",
    "price" : 214.46,
    "dma50" : 224.93,
    "dma100" : 235.18,
    "dma200" : 266.79,
    "volume" : 267329.00
  }, {
    "date" : "2025-11-03",
    "price" : 218.16,
    "dma50" : 224.66,
    "dma100" : 234.08,
    "dma200" : 266.31,
    "volume" : 2573204.00
  }, {
    "date" : "2025-11-04",
    "price" : 212.25,
    "dma50" : 224.18,
    "dma100" : 233.05,
    "dma200" : 265.77,
    "volume" : 685775.00
  }, {
    "date" : "2025-11-06",
    "price" : 206.93,
    "dma50" : 223.50,
    "dma100" : 232.07,
    "dma200" : 265.18,
    "volume" : 543539.00
  }, {
    "date" : "2025-11-07",
    "price" : 203.29,
    "dma50" : 222.71,
    "dma100" : 231.19,
    "dma200" : 264.57,
    "volume" : 456667.00
  }, {
    "date" : "2025-11-10",
    "price" : 198.88,
    "dma50" : 221.77,
    "dma100" : 230.29,
    "dma200" : 263.91,
    "volume" : 576834.00
  }, {
    "date" : "2025-11-11",
    "price" : 191.31,
    "dma50" : 220.58,
    "dma100" : 229.17,
    "dma200" : 263.19,
    "volume" : 965669.00
  }, {
    "date" : "2025-11-12",
    "price" : 191.89,
    "dma50" : 219.45,
    "dma100" : 228.56,
    "dma200" : 262.48,
    "volume" : 688707.00
  }, {
    "date" : "2025-11-13",
    "price" : 188.44,
    "dma50" : 218.24,
    "dma100" : 227.99,
    "dma200" : 261.75,
    "volume" : 631443.00
  }, {
    "date" : "2025-11-14",
    "price" : 185.51,
    "dma50" : 216.95,
    "dma100" : 227.53,
    "dma200" : 260.99,
    "volume" : 455205.00
  }, {
    "date" : "2025-11-17",
    "price" : 186.37,
    "dma50" : 215.75,
    "dma100" : 227.14,
    "dma200" : 260.25,
    "volume" : 342581.00
  }, {
    "date" : "2025-11-18",
    "price" : 182.77,
    "dma50" : 214.46,
    "dma100" : 226.74,
    "dma200" : 259.47,
    "volume" : 460061.00
  }, {
    "date" : "2025-11-19",
    "price" : 182.15,
    "dma50" : 213.19,
    "dma100" : 226.29,
    "dma200" : 258.70,
    "volume" : 405486.00
  }, {
    "date" : "2025-11-20",
    "price" : 179.84,
    "dma50" : 211.89,
    "dma100" : 225.71,
    "dma200" : 257.92,
    "volume" : 331202.00
  }, {
    "date" : "2025-11-21",
    "price" : 177.14,
    "dma50" : 210.52,
    "dma100" : 225.05,
    "dma200" : 257.12,
    "volume" : 294495.00
  }, {
    "date" : "2025-11-24",
    "price" : 163.61,
    "dma50" : 208.68,
    "dma100" : 224.27,
    "dma200" : 256.19,
    "volume" : 3622668.00
  }, {
    "date" : "2025-11-25",
    "price" : 172.60,
    "dma50" : 207.27,
    "dma100" : 223.62,
    "dma200" : 255.35,
    "volume" : 1501375.00
  }, {
    "date" : "2025-11-26",
    "price" : 170.68,
    "dma50" : 205.83,
    "dma100" : 222.91,
    "dma200" : 254.51,
    "volume" : 616853.00
  }, {
    "date" : "2025-11-27",
    "price" : 169.21,
    "dma50" : 204.40,
    "dma100" : 222.22,
    "dma200" : 253.66,
    "volume" : 384852.00
  }, {
    "date" : "2025-11-28",
    "price" : 166.29,
    "dma50" : 202.90,
    "dma100" : 221.47,
    "dma200" : 252.79,
    "volume" : 339993.00
  }, {
    "date" : "2025-12-01",
    "price" : 167.69,
    "dma50" : 201.52,
    "dma100" : 220.79,
    "dma200" : 251.95,
    "volume" : 279266.00
  }, {
    "date" : "2025-12-02",
    "price" : 163.41,
    "dma50" : 200.03,
    "dma100" : 220.07,
    "dma200" : 251.07,
    "volume" : 291141.00
  }, {
    "date" : "2025-12-03",
    "price" : 164.11,
    "dma50" : 198.62,
    "dma100" : 219.35,
    "dma200" : 250.20,
    "volume" : 359607.00
  }, {
    "date" : "2025-12-04",
    "price" : 162.54,
    "dma50" : 197.20,
    "dma100" : 218.64,
    "dma200" : 249.33,
    "volume" : 340039.00
  }, {
    "date" : "2025-12-05",
    "price" : 163.47,
    "dma50" : 195.88,
    "dma100" : 217.87,
    "dma200" : 248.47,
    "volume" : 324576.00
  }, {
    "date" : "2025-12-08",
    "price" : 158.57,
    "dma50" : 194.42,
    "dma100" : 217.08,
    "dma200" : 247.58,
    "volume" : 348635.00
  }, {
    "date" : "2025-12-09",
    "price" : 153.26,
    "dma50" : 192.80,
    "dma100" : 216.25,
    "dma200" : 246.64,
    "volume" : 1181085.00
  }, {
    "date" : "2025-12-10",
    "price" : 159.36,
    "dma50" : 191.49,
    "dma100" : 215.47,
    "dma200" : 245.77,
    "volume" : 1697520.00
  }, {
    "date" : "2025-12-11",
    "price" : 162.42,
    "dma50" : 190.35,
    "dma100" : 214.75,
    "dma200" : 244.94,
    "volume" : 541679.00
  }, {
    "date" : "2025-12-12",
    "price" : 165.55,
    "dma50" : 189.38,
    "dma100" : 214.05,
    "dma200" : 244.15,
    "volume" : 470168.00
  }, {
    "date" : "2025-12-15",
    "price" : 163.15,
    "dma50" : 188.35,
    "dma100" : 213.31,
    "dma200" : 243.35,
    "volume" : 432100.00
  }, {
    "date" : "2025-12-16",
    "price" : 165.49,
    "dma50" : 187.45,
    "dma100" : 212.52,
    "dma200" : 242.57,
    "volume" : 518453.00
  }, {
    "date" : "2025-12-17",
    "price" : 161.32,
    "dma50" : 186.43,
    "dma100" : 211.57,
    "dma200" : 241.76,
    "volume" : 228498.00
  }, {
    "date" : "2025-12-18",
    "price" : 160.69,
    "dma50" : 185.42,
    "dma100" : 210.61,
    "dma200" : 240.96,
    "volume" : 273960.00
  }, {
    "date" : "2025-12-19",
    "price" : 161.70,
    "dma50" : 184.49,
    "dma100" : 209.70,
    "dma200" : 240.17,
    "volume" : 180582.00
  }, {
    "date" : "2025-12-22",
    "price" : 163.52,
    "dma50" : 183.67,
    "dma100" : 208.90,
    "dma200" : 239.41,
    "volume" : 227493.00
  }, {
    "date" : "2025-12-23",
    "price" : 171.01,
    "dma50" : 183.17,
    "dma100" : 208.17,
    "dma200" : 238.73,
    "volume" : 10160363.00
  }, {
    "date" : "2025-12-24",
    "price" : 171.11,
    "dma50" : 182.70,
    "dma100" : 207.42,
    "dma200" : 238.05,
    "volume" : 1122336.00
  }, {
    "date" : "2025-12-26",
    "price" : 171.16,
    "dma50" : 182.25,
    "dma100" : 206.66,
    "dma200" : 237.39,
    "volume" : 1380132.00
  }, {
    "date" : "2025-12-29",
    "price" : 170.19,
    "dma50" : 181.77,
    "dma100" : 205.96,
    "dma200" : 236.72,
    "volume" : 526267.00
  }, {
    "date" : "2025-12-30",
    "price" : 169.97,
    "dma50" : 181.31,
    "dma100" : 205.20,
    "dma200" : 236.05,
    "volume" : 348089.00
  }, {
    "date" : "2025-12-31",
    "price" : 170.87,
    "dma50" : 180.90,
    "dma100" : 204.46,
    "dma200" : 235.41,
    "volume" : 391771.00
  }, {
    "date" : "2026-01-01",
    "price" : 172.29,
    "dma50" : 180.56,
    "dma100" : 203.79,
    "dma200" : 234.78,
    "volume" : 384886.00
  }, {
    "date" : "2026-01-02",
    "price" : 173.75,
    "dma50" : 180.30,
    "dma100" : 203.10,
    "dma200" : 234.17,
    "volume" : 711031.00
  }, {
    "date" : "2026-01-05",
    "price" : 175.03,
    "dma50" : 180.09,
    "dma100" : 202.52,
    "dma200" : 233.58,
    "volume" : 669582.00
  }, {
    "date" : "2026-01-06",
    "price" : 172.24,
    "dma50" : 179.78,
    "dma100" : 201.88,
    "dma200" : 232.97,
    "volume" : 385611.00
  }, {
    "date" : "2026-01-07",
    "price" : 171.58,
    "dma50" : 179.46,
    "dma100" : 201.21,
    "dma200" : 232.36,
    "volume" : 837555.00
  }, {
    "date" : "2026-01-08",
    "price" : 166.84,
    "dma50" : 178.97,
    "dma100" : 200.53,
    "dma200" : 231.71,
    "volume" : 454423.00
  }, {
    "date" : "2026-01-09",
    "price" : 164.22,
    "dma50" : 178.39,
    "dma100" : 199.84,
    "dma200" : 231.04,
    "volume" : 508651.00
  }, {
    "date" : "2026-01-12",
    "price" : 165.41,
    "dma50" : 177.88,
    "dma100" : 199.10,
    "dma200" : 230.38,
    "volume" : 463371.00
  }, {
    "date" : "2026-01-13",
    "price" : 165.16,
    "dma50" : 177.38,
    "dma100" : 198.36,
    "dma200" : 229.74,
    "volume" : 313507.00
  }, {
    "date" : "2026-01-14",
    "price" : 169.07,
    "dma50" : 177.05,
    "dma100" : 197.66,
    "dma200" : 229.13,
    "volume" : 554841.00
  }, {
    "date" : "2026-01-16",
    "price" : 169.72,
    "dma50" : 176.77,
    "dma100" : 196.92,
    "dma200" : 228.54,
    "volume" : 493695.00
  }, {
    "date" : "2026-01-19",
    "price" : 169.23,
    "dma50" : 176.47,
    "dma100" : 196.24,
    "dma200" : 227.95,
    "volume" : 425988.00
  }, {
    "date" : "2026-01-20",
    "price" : 164.44,
    "dma50" : 176.00,
    "dma100" : 195.53,
    "dma200" : 227.32,
    "volume" : 1061938.00
  }, {
    "date" : "2026-01-21",
    "price" : 164.45,
    "dma50" : 175.55,
    "dma100" : 194.86,
    "dma200" : 226.69,
    "volume" : 514115.00
  }, {
    "date" : "2026-01-22",
    "price" : 166.99,
    "dma50" : 175.21,
    "dma100" : 194.25,
    "dma200" : 226.10,
    "volume" : 302539.00
  }, {
    "date" : "2026-01-23",
    "price" : 158.78,
    "dma50" : 174.57,
    "dma100" : 193.67,
    "dma200" : 225.43,
    "volume" : 543200.00
  } ],
  "latestTechnicalAttributes" : {
    "date" : "2026-01-23",
    "price" : 158.78,
    "dma50" : 174.57,
    "dma100" : 193.67,
    "dma200" : 225.43,
    "volume" : 543200.00
  },
  "quarterlyResults" : [ {
    "date" : "2012-03-31",
    "sales" : 0.00,
    "salesGrowthYoY" : null,
    "grossProfitMargin" : 0.00,
    "grossProfit" : 0.00,
    "operatingProfitMargin" : 0.00,
    "operatingProfit" : 0.00,
    "netProfitMargin" : 0.00,
    "netProfit" : 0.00
  }, {
    "date" : "2012-06-30",
    "sales" : 391.22,
    "salesGrowthYoY" : null,
    "grossProfitMargin" : 64.80,
    "grossProfit" : 253.51,
    "operatingProfitMargin" : 26.78,
    "operatingProfit" : 104.77,
    "netProfitMargin" : 14.73,
    "netProfit" : 57.63
  }, {
    "date" : "2012-09-30",
    "sales" : 355.93,
    "salesGrowthYoY" : null,
    "grossProfitMargin" : 57.49,
    "grossProfit" : 204.62,
    "operatingProfitMargin" : 20.36,
    "operatingProfit" : 72.47,
    "netProfitMargin" : 10.29,
    "netProfit" : 36.63
  }, {
    "date" : "2012-12-31",
    "sales" : 346.86,
    "salesGrowthYoY" : null,
    "grossProfitMargin" : 56.99,
    "grossProfit" : 197.68,
    "operatingProfitMargin" : 18.35,
    "operatingProfit" : 63.65,
    "netProfitMargin" : 9.03,
    "netProfit" : 31.32
  }, {
    "date" : "2013-03-31",
    "sales" : 408.04,
    "salesGrowthYoY" : 100.00,
    "grossProfitMargin" : 58.99,
    "grossProfit" : 240.70,
    "operatingProfitMargin" : 19.19,
    "operatingProfit" : 78.30,
    "netProfitMargin" : 8.85,
    "netProfit" : 36.11
  }, {
    "date" : "2013-06-30",
    "sales" : 373.59,
    "salesGrowthYoY" : -4.51,
    "grossProfitMargin" : 59.44,
    "grossProfit" : 222.06,
    "operatingProfitMargin" : 19.44,
    "operatingProfit" : 72.63,
    "netProfitMargin" : 9.99,
    "netProfit" : 37.32
  }, {
    "date" : "2013-09-30",
    "sales" : 322.29,
    "salesGrowthYoY" : -9.45,
    "grossProfitMargin" : 53.47,
    "grossProfit" : 172.33,
    "operatingProfitMargin" : 11.10,
    "operatingProfit" : 35.77,
    "netProfitMargin" : 4.48,
    "netProfit" : 14.44
  }, {
    "date" : "2013-12-31",
    "sales" : 341.18,
    "salesGrowthYoY" : -1.64,
    "grossProfitMargin" : 53.79,
    "grossProfit" : 183.52,
    "operatingProfitMargin" : 14.59,
    "operatingProfit" : 49.78,
    "netProfitMargin" : 6.71,
    "netProfit" : 22.89
  }, {
    "date" : "2014-03-31",
    "sales" : 401.39,
    "salesGrowthYoY" : -1.63,
    "grossProfitMargin" : 54.98,
    "grossProfit" : 220.68,
    "operatingProfitMargin" : 14.10,
    "operatingProfit" : 56.60,
    "netProfitMargin" : 6.56,
    "netProfit" : 26.33
  }, {
    "date" : "2014-06-30",
    "sales" : 382.66,
    "salesGrowthYoY" : 2.43,
    "grossProfitMargin" : 60.51,
    "grossProfit" : 231.55,
    "operatingProfitMargin" : 17.35,
    "operatingProfit" : 66.39,
    "netProfitMargin" : 9.11,
    "netProfit" : 34.86
  }, {
    "date" : "2014-09-30",
    "sales" : 385.94,
    "salesGrowthYoY" : 19.75,
    "grossProfitMargin" : 62.23,
    "grossProfit" : 240.17,
    "operatingProfitMargin" : 20.50,
    "operatingProfit" : 79.12,
    "netProfitMargin" : 11.23,
    "netProfit" : 43.34
  }, {
    "date" : "2014-12-31",
    "sales" : 384.10,
    "salesGrowthYoY" : 12.58,
    "grossProfitMargin" : 60.05,
    "grossProfit" : 230.65,
    "operatingProfitMargin" : 15.95,
    "operatingProfit" : 61.26,
    "netProfitMargin" : 8.10,
    "netProfit" : 31.11
  }, {
    "date" : "2015-03-31",
    "sales" : 394.31,
    "salesGrowthYoY" : -1.76,
    "grossProfitMargin" : 63.15,
    "grossProfit" : 249.01,
    "operatingProfitMargin" : 25.34,
    "operatingProfit" : 99.92,
    "netProfitMargin" : 21.68,
    "netProfit" : 85.49
  }, {
    "date" : "2015-06-30",
    "sales" : 339.20,
    "salesGrowthYoY" : -11.36,
    "grossProfitMargin" : 60.00,
    "grossProfit" : 203.52,
    "operatingProfitMargin" : 18.05,
    "operatingProfit" : 61.23,
    "netProfitMargin" : 8.49,
    "netProfit" : 28.80
  }, {
    "date" : "2015-09-30",
    "sales" : 345.40,
    "salesGrowthYoY" : -10.50,
    "grossProfitMargin" : 59.68,
    "grossProfit" : 206.13,
    "operatingProfitMargin" : 11.09,
    "operatingProfit" : 38.30,
    "netProfitMargin" : 8.11,
    "netProfit" : 28.01
  }, {
    "date" : "2015-12-31",
    "sales" : 342.28,
    "salesGrowthYoY" : -10.89,
    "grossProfitMargin" : 55.28,
    "grossProfit" : 189.21,
    "operatingProfitMargin" : 7.10,
    "operatingProfit" : 24.30,
    "netProfitMargin" : -3.77,
    "netProfit" : -12.90
  }, {
    "date" : "2016-03-31",
    "sales" : 435.55,
    "salesGrowthYoY" : 10.46,
    "grossProfitMargin" : 58.84,
    "grossProfit" : 256.28,
    "operatingProfitMargin" : 14.18,
    "operatingProfit" : 61.76,
    "netProfitMargin" : 4.24,
    "netProfit" : 18.47
  }, {
    "date" : "2016-06-30",
    "sales" : 437.13,
    "salesGrowthYoY" : 28.87,
    "grossProfitMargin" : 55.70,
    "grossProfit" : 243.48,
    "operatingProfitMargin" : 9.25,
    "operatingProfit" : 40.43,
    "netProfitMargin" : -1.73,
    "netProfit" : -7.56
  }, {
    "date" : "2016-09-30",
    "sales" : 384.79,
    "salesGrowthYoY" : 11.40,
    "grossProfitMargin" : 54.60,
    "grossProfit" : 210.10,
    "operatingProfitMargin" : 4.31,
    "operatingProfit" : 16.58,
    "netProfitMargin" : -7.64,
    "netProfit" : -29.40
  }, {
    "date" : "2016-12-31",
    "sales" : 456.44,
    "salesGrowthYoY" : 33.35,
    "grossProfitMargin" : 58.04,
    "grossProfit" : 264.92,
    "operatingProfitMargin" : 9.98,
    "operatingProfit" : 45.55,
    "netProfitMargin" : -2.56,
    "netProfit" : -11.68
  }, {
    "date" : "2017-03-31",
    "sales" : 596.68,
    "salesGrowthYoY" : 36.99,
    "grossProfitMargin" : 59.76,
    "grossProfit" : 356.58,
    "operatingProfitMargin" : 12.66,
    "operatingProfit" : 75.54,
    "netProfitMargin" : 2.77,
    "netProfit" : 16.53
  }, {
    "date" : "2017-06-30",
    "sales" : 568.00,
    "salesGrowthYoY" : 29.94,
    "grossProfitMargin" : 64.93,
    "grossProfit" : 368.80,
    "operatingProfitMargin" : 20.58,
    "operatingProfit" : 116.89,
    "netProfitMargin" : 6.85,
    "netProfit" : 38.91
  }, {
    "date" : "2017-09-30",
    "sales" : 523.07,
    "salesGrowthYoY" : 35.94,
    "grossProfitMargin" : 64.73,
    "grossProfit" : 338.58,
    "operatingProfitMargin" : 14.26,
    "operatingProfit" : 74.59,
    "netProfitMargin" : 1.94,
    "netProfit" : 10.15
  }, {
    "date" : "2017-12-31",
    "sales" : 511.53,
    "salesGrowthYoY" : 12.07,
    "grossProfitMargin" : 58.87,
    "grossProfit" : 301.14,
    "operatingProfitMargin" : 7.65,
    "operatingProfit" : 39.13,
    "netProfitMargin" : -3.45,
    "netProfit" : -17.65
  }, {
    "date" : "2018-03-31",
    "sales" : 619.74,
    "salesGrowthYoY" : 3.86,
    "grossProfitMargin" : 59.88,
    "grossProfit" : 371.10,
    "operatingProfitMargin" : 12.03,
    "operatingProfit" : 74.55,
    "netProfitMargin" : 2.07,
    "netProfit" : 12.83
  }, {
    "date" : "2018-06-30",
    "sales" : 639.90,
    "salesGrowthYoY" : 12.66,
    "grossProfitMargin" : 63.90,
    "grossProfit" : 408.90,
    "operatingProfitMargin" : 13.35,
    "operatingProfit" : 85.43,
    "netProfitMargin" : 2.50,
    "netProfit" : 16.00
  }, {
    "date" : "2018-09-30",
    "sales" : 560.78,
    "salesGrowthYoY" : 7.21,
    "grossProfitMargin" : 59.06,
    "grossProfit" : 331.20,
    "operatingProfitMargin" : 6.38,
    "operatingProfit" : 35.78,
    "netProfitMargin" : -2.99,
    "netProfit" : -16.77
  }, {
    "date" : "2018-12-31",
    "sales" : 570.67,
    "salesGrowthYoY" : 11.56,
    "grossProfitMargin" : 62.12,
    "grossProfit" : 354.50,
    "operatingProfitMargin" : 6.64,
    "operatingProfit" : 37.89,
    "netProfitMargin" : -2.40,
    "netProfit" : -13.70
  }, {
    "date" : "2019-03-31",
    "sales" : 750.81,
    "salesGrowthYoY" : 21.15,
    "grossProfitMargin" : 66.30,
    "grossProfit" : 497.79,
    "operatingProfitMargin" : 20.38,
    "operatingProfit" : 153.02,
    "netProfitMargin" : 8.26,
    "netProfit" : 62.02
  }, {
    "date" : "2019-06-30",
    "sales" : 687.79,
    "salesGrowthYoY" : 7.48,
    "grossProfitMargin" : 69.55,
    "grossProfit" : 478.36,
    "operatingProfitMargin" : 21.75,
    "operatingProfit" : 149.59,
    "netProfitMargin" : 8.13,
    "netProfit" : 55.92
  }, {
    "date" : "2019-09-30",
    "sales" : 514.99,
    "salesGrowthYoY" : -8.17,
    "grossProfitMargin" : 65.58,
    "grossProfit" : 337.73,
    "operatingProfitMargin" : 10.41,
    "operatingProfit" : 53.61,
    "netProfitMargin" : -1.50,
    "netProfit" : -7.72
  }, {
    "date" : "2019-12-31",
    "sales" : 564.49,
    "salesGrowthYoY" : -1.08,
    "grossProfitMargin" : 63.71,
    "grossProfit" : 359.64,
    "operatingProfitMargin" : 9.74,
    "operatingProfit" : 54.98,
    "netProfitMargin" : -1.01,
    "netProfit" : -5.70
  }, {
    "date" : "2020-03-31",
    "sales" : 654.52,
    "salesGrowthYoY" : -12.82,
    "grossProfitMargin" : 64.04,
    "grossProfit" : 419.15,
    "operatingProfitMargin" : 19.05,
    "operatingProfit" : 124.69,
    "netProfitMargin" : 6.73,
    "netProfit" : 44.05
  }, {
    "date" : "2020-06-30",
    "sales" : 410.36,
    "salesGrowthYoY" : -40.34,
    "grossProfitMargin" : 70.07,
    "grossProfit" : 287.54,
    "operatingProfitMargin" : 23.94,
    "operatingProfit" : 98.24,
    "netProfitMargin" : 6.24,
    "netProfit" : 25.61
  }, {
    "date" : "2020-09-30",
    "sales" : 477.50,
    "salesGrowthYoY" : -7.28,
    "grossProfitMargin" : 66.80,
    "grossProfit" : 318.97,
    "operatingProfitMargin" : 23.71,
    "operatingProfit" : 113.22,
    "netProfitMargin" : 7.29,
    "netProfit" : 34.81
  }, {
    "date" : "2020-12-31",
    "sales" : 604.61,
    "salesGrowthYoY" : 7.11,
    "grossProfitMargin" : 67.06,
    "grossProfit" : 405.45,
    "operatingProfitMargin" : 22.61,
    "operatingProfit" : 136.70,
    "netProfitMargin" : 8.91,
    "netProfit" : 53.87
  }, {
    "date" : "2021-03-31",
    "sales" : 831.62,
    "salesGrowthYoY" : 27.06,
    "grossProfitMargin" : 66.21,
    "grossProfit" : 550.62,
    "operatingProfitMargin" : 24.35,
    "operatingProfit" : 202.50,
    "netProfitMargin" : 12.01,
    "netProfit" : 99.88
  }, {
    "date" : "2021-06-30",
    "sales" : 690.90,
    "salesGrowthYoY" : 68.36,
    "grossProfitMargin" : 67.70,
    "grossProfit" : 467.74,
    "operatingProfitMargin" : 26.95,
    "operatingProfit" : 186.20,
    "netProfitMargin" : 12.95,
    "netProfit" : 89.47
  }, {
    "date" : "2021-09-30",
    "sales" : 613.12,
    "salesGrowthYoY" : 28.40,
    "grossProfitMargin" : 65.59,
    "grossProfit" : 402.15,
    "operatingProfitMargin" : 21.85,
    "operatingProfit" : 133.97,
    "netProfitMargin" : 9.28,
    "netProfit" : 56.90
  }, {
    "date" : "2021-12-31",
    "sales" : 617.53,
    "salesGrowthYoY" : 2.14,
    "grossProfitMargin" : 63.60,
    "grossProfit" : 392.75,
    "operatingProfitMargin" : 19.03,
    "operatingProfit" : 117.52,
    "netProfitMargin" : 7.07,
    "netProfit" : 43.66
  }, {
    "date" : "2022-03-31",
    "sales" : 803.86,
    "salesGrowthYoY" : -3.34,
    "grossProfitMargin" : 60.17,
    "grossProfit" : 483.68,
    "operatingProfitMargin" : 19.08,
    "operatingProfit" : 153.38,
    "netProfitMargin" : 9.11,
    "netProfit" : 73.23
  }, {
    "date" : "2022-06-30",
    "sales" : 713.94,
    "salesGrowthYoY" : 3.33,
    "grossProfitMargin" : 57.06,
    "grossProfit" : 407.37,
    "operatingProfitMargin" : 14.31,
    "operatingProfit" : 102.16,
    "netProfitMargin" : 5.24,
    "netProfit" : 37.41
  }, {
    "date" : "2022-09-30",
    "sales" : 615.28,
    "salesGrowthYoY" : 0.35,
    "grossProfitMargin" : 51.11,
    "grossProfit" : 314.47,
    "operatingProfitMargin" : 5.29,
    "operatingProfit" : 32.55,
    "netProfitMargin" : -1.54,
    "netProfit" : -9.48
  }, {
    "date" : "2022-12-31",
    "sales" : 732.29,
    "salesGrowthYoY" : 18.58,
    "grossProfitMargin" : 56.04,
    "grossProfit" : 410.38,
    "operatingProfitMargin" : 12.34,
    "operatingProfit" : 90.36,
    "netProfitMargin" : 3.76,
    "netProfit" : 27.53
  }, {
    "date" : "2023-03-31",
    "sales" : 876.03,
    "salesGrowthYoY" : 8.98,
    "grossProfitMargin" : 56.03,
    "grossProfit" : 490.84,
    "operatingProfitMargin" : 15.92,
    "operatingProfit" : 139.46,
    "netProfitMargin" : 7.69,
    "netProfit" : 67.37
  }, {
    "date" : "2023-06-30",
    "sales" : 825.18,
    "salesGrowthYoY" : 15.58,
    "grossProfitMargin" : 55.10,
    "grossProfit" : 454.67,
    "operatingProfitMargin" : 12.02,
    "operatingProfit" : 99.19,
    "netProfitMargin" : 4.49,
    "netProfit" : 37.05
  }, {
    "date" : "2023-09-30",
    "sales" : 720.58,
    "salesGrowthYoY" : 17.11,
    "grossProfitMargin" : 56.42,
    "grossProfit" : 406.55,
    "operatingProfitMargin" : 12.01,
    "operatingProfit" : 86.54,
    "netProfitMargin" : 3.42,
    "netProfit" : 24.64
  }, {
    "date" : "2023-12-31",
    "sales" : 751.31,
    "salesGrowthYoY" : 2.60,
    "grossProfitMargin" : 59.03,
    "grossProfit" : 443.50,
    "operatingProfitMargin" : 15.36,
    "operatingProfit" : 115.40,
    "netProfitMargin" : 5.99,
    "netProfit" : 45.00
  }, {
    "date" : "2024-03-31",
    "sales" : 888.03,
    "salesGrowthYoY" : 1.37,
    "grossProfitMargin" : 59.16,
    "grossProfit" : 525.36,
    "operatingProfitMargin" : 16.68,
    "operatingProfit" : 148.12,
    "netProfitMargin" : 7.68,
    "netProfit" : 68.20
  }, {
    "date" : "2024-06-30",
    "sales" : 696.27,
    "salesGrowthYoY" : -15.62,
    "grossProfitMargin" : 60.16,
    "grossProfit" : 418.88,
    "operatingProfitMargin" : 13.79,
    "operatingProfit" : 96.02,
    "netProfitMargin" : 5.27,
    "netProfit" : 36.69
  }, {
    "date" : "2024-09-30",
    "sales" : 544.03,
    "salesGrowthYoY" : -24.50,
    "grossProfitMargin" : 58.85,
    "grossProfit" : 320.16,
    "operatingProfitMargin" : 8.13,
    "operatingProfit" : 44.23,
    "netProfitMargin" : 0.43,
    "netProfit" : 2.34
  }, {
    "date" : "2024-12-31",
    "sales" : 643.35,
    "salesGrowthYoY" : -14.37,
    "grossProfitMargin" : 58.36,
    "grossProfit" : 375.46,
    "operatingProfitMargin" : 9.03,
    "operatingProfit" : 58.09,
    "netProfitMargin" : 1.58,
    "netProfit" : 10.16
  }, {
    "date" : "2025-03-31",
    "sales" : 825.19,
    "salesGrowthYoY" : -7.08,
    "grossProfitMargin" : 58.07,
    "grossProfit" : 479.19,
    "operatingProfitMargin" : 12.49,
    "operatingProfit" : 103.07,
    "netProfitMargin" : 5.10,
    "netProfit" : 42.08
  }, {
    "date" : "2025-06-30",
    "sales" : 866.48,
    "salesGrowthYoY" : 24.45,
    "grossProfitMargin" : 56.68,
    "grossProfit" : 491.12,
    "operatingProfitMargin" : 21.07,
    "operatingProfit" : 182.57,
    "netProfitMargin" : 23.70,
    "netProfit" : 205.36
  }, {
    "date" : "2025-09-30",
    "sales" : 643.32,
    "salesGrowthYoY" : 18.25,
    "grossProfitMargin" : 43.72,
    "grossProfit" : 281.26,
    "operatingProfitMargin" : 25.71,
    "operatingProfit" : 165.40,
    "netProfitMargin" : 7.63,
    "netProfit" : 49.09
  } ],
  "latestQuarterlyResult" : {
    "date" : "2025-09-30",
    "sales" : 643.32,
    "salesGrowthYoY" : 18.25,
    "grossProfitMargin" : 43.72,
    "grossProfit" : 281.26,
    "operatingProfitMargin" : 25.71,
    "operatingProfit" : 165.40,
    "netProfitMargin" : 7.63,
    "netProfit" : 49.09
  },
  "companyScore" : {
    "priceHigherThanDma50" : 0.00,
    "priceHigherThanDma100" : 0.00,
    "priceHigherThanDma200" : 0.00,
    "dma50HigherThanDma100" : 0.00,
    "dma50HigherThanDma200" : 0.00,
    "dma100HigherThanDma200" : 0.00,
    "pricePercentageAboveDma50" : 5.45,
    "pricePercentageAboveDma100" : 5.90,
    "pricePercentageAboveDma200" : 6.48,
    "weeklyVolumeHigherThanYearlyVolume" : 0.00,
    "salesGrowthPercentile" : 14.90,
    "operatingProfitMarginPercentile" : 19.27,
    "netProfitMarginPercentile" : 6.18,
    "totalTechnicalScore" : 17.83,
    "totalFundamentalScore" : 40.36,
    "totalScore" : 58.19
  }
}