{
  "metadata" : {
    "screenerCompanyId" : "2462",
    "companyCode" : "PFIZER",
    "companyName" : "Pfizer",
    "screenerCompanyLink" : "https://www.screener.in/company/PFIZER/",
    "screenerTechnicalHistoryLink" : "https://www.screener.in/api/company/2462/chart/?q=Price-DMA50-DMA200-Volume&days=365",
    "screenerQuarterlyResultsLink" : "https://www.screener.in/api/company/2462/chart/?q=GPM-OPM-NPM-Quarter+Sales&days=10000",
    "attributes" : {
      "companyCode" : "PFIZER",
      "companyName" : "Pfizer",
      "marketCap" : 22562.00,
      "peRatio" : 29.60,
      "description" : "Pfizer Ltd is engaged in manufacturing, marketing, trading and export of pharmaceutical products. It manufactures products through its own facility and also has various independent contract/ third party manufacturers based across the country and sells its products through independent distributors primarily in India.[1] It is the 3rd largest multinational pharmaceutical company in India.[2]"
    },
    "companyScore" : {
      "priceHigherThanDma50" : 5.00,
      "priceHigherThanDma100" : 0.00,
      "priceHigherThanDma200" : 0.00,
      "dma50HigherThanDma100" : 0.00,
      "dma50HigherThanDma200" : 0.00,
      "dma100HigherThanDma200" : 5.00,
      "pricePercentageAboveDma50" : 4.96,
      "pricePercentageAboveDma100" : 5.07,
      "pricePercentageAboveDma200" : 5.07,
      "weeklyVolumeHigherThanYearlyVolume" : 0.00,
      "salesGrowthPercentile" : 17.22,
      "operatingProfitMarginPercentile" : 18.80,
      "netProfitMarginPercentile" : 9.52,
      "totalTechnicalScore" : 25.10,
      "totalFundamentalScore" : 45.53,
      "totalScore" : 70.63
    }
  },
  "attributes" : {
    "companyCode" : "PFIZER",
    "companyName" : "Pfizer",
    "marketCap" : 22562.00,
    "peRatio" : 29.60,
    "description" : "Pfizer Ltd is engaged in manufacturing, marketing, trading and export of pharmaceutical products. It manufactures products through its own facility and also has various independent contract/ third party manufacturers based across the country and sells its products through independent distributors primarily in India.[1] It is the 3rd largest multinational pharmaceutical company in India.[2]"
  },
  "technicalHistory" : [ {
    "date" : "2025-02-21",
    "price" : 4095.10,
    "dma50" : 4642.20,
    "dma100" : null,
    "dma200" : 4937.22,
    "volume" : 18248.00
  }, {
    "date" : "2025-02-24",
    "price" : 4192.75,
    "dma50" : 4624.58,
    "dma100" : null,
    "dma200" : 4929.81,
    "volume" : 1130169.00
  }, {
    "date" : "2025-02-25",
    "price" : 4125.15,
    "dma50" : 4604.99,
    "dma100" : null,
    "dma200" : 4921.80,
    "volume" : 47935.00
  }, {
    "date" : "2025-02-27",
    "price" : 4050.10,
    "dma50" : 4583.23,
    "dma100" : null,
    "dma200" : 4913.13,
    "volume" : 36288.00
  }, {
    "date" : "2025-02-28",
    "price" : 4050.75,
    "dma50" : 4562.35,
    "dma100" : null,
    "dma200" : 4904.55,
    "volume" : 55154.00
  }, {
    "date" : "2025-03-03",
    "price" : 3940.85,
    "dma50" : 4537.98,
    "dma100" : null,
    "dma200" : 4894.96,
    "volume" : 63880.00
  }, {
    "date" : "2025-03-04",
    "price" : 3986.15,
    "dma50" : 4516.34,
    "dma100" : null,
    "dma200" : 4885.92,
    "volume" : 33848.00
  }, {
    "date" : "2025-03-05",
    "price" : 4072.45,
    "dma50" : 4498.93,
    "dma100" : null,
    "dma200" : 4877.82,
    "volume" : 24675.00
  }, {
    "date" : "2025-03-06",
    "price" : 4111.15,
    "dma50" : 4483.72,
    "dma100" : null,
    "dma200" : 4870.19,
    "volume" : 16615.00
  }, {
    "date" : "2025-03-07",
    "price" : 4138.40,
    "dma50" : 4470.18,
    "dma100" : null,
    "dma200" : 4862.91,
    "volume" : 19168.00
  }, {
    "date" : "2025-03-10",
    "price" : 4148.35,
    "dma50" : 4457.56,
    "dma100" : null,
    "dma200" : 4855.80,
    "volume" : 32516.00
  }, {
    "date" : "2025-03-11",
    "price" : 4091.95,
    "dma50" : 4443.22,
    "dma100" : null,
    "dma200" : 4848.20,
    "volume" : 45029.00
  }, {
    "date" : "2025-03-12",
    "price" : 4075.55,
    "dma50" : 4428.80,
    "dma100" : null,
    "dma200" : 4840.51,
    "volume" : 25422.00
  }, {
    "date" : "2025-03-13",
    "price" : 4065.35,
    "dma50" : 4414.55,
    "dma100" : null,
    "dma200" : 4832.80,
    "volume" : 37374.00
  }, {
    "date" : "2025-03-17",
    "price" : 4093.70,
    "dma50" : 4401.97,
    "dma100" : null,
    "dma200" : 4825.45,
    "volume" : 13485.00
  }, {
    "date" : "2025-03-18",
    "price" : 4076.20,
    "dma50" : 4389.19,
    "dma100" : null,
    "dma200" : 4817.99,
    "volume" : 38193.00
  }, {
    "date" : "2025-03-19",
    "price" : 4068.15,
    "dma50" : 4376.60,
    "dma100" : null,
    "dma200" : 4810.53,
    "volume" : 24882.00
  }, {
    "date" : "2025-03-20",
    "price" : 4115.35,
    "dma50" : 4366.36,
    "dma100" : null,
    "dma200" : 4803.61,
    "volume" : 31734.00
  }, {
    "date" : "2025-03-21",
    "price" : 4117.10,
    "dma50" : 4356.58,
    "dma100" : null,
    "dma200" : 4796.78,
    "volume" : 41359.00
  }, {
    "date" : "2025-03-24",
    "price" : 4097.75,
    "dma50" : 4346.43,
    "dma100" : null,
    "dma200" : 4789.83,
    "volume" : 40644.00
  }, {
    "date" : "2025-03-25",
    "price" : 4092.15,
    "dma50" : 4336.46,
    "dma100" : null,
    "dma200" : 4782.88,
    "volume" : 17798.00
  }, {
    "date" : "2025-03-26",
    "price" : 4010.10,
    "dma50" : 4323.66,
    "dma100" : null,
    "dma200" : 4775.20,
    "volume" : 32595.00
  }, {
    "date" : "2025-03-27",
    "price" : 3973.05,
    "dma50" : 4309.91,
    "dma100" : null,
    "dma200" : 4767.21,
    "volume" : 46542.00
  }, {
    "date" : "2025-03-28",
    "price" : 4004.50,
    "dma50" : 4297.94,
    "dma100" : null,
    "dma200" : 4759.62,
    "volume" : 60148.00
  }, {
    "date" : "2025-04-01",
    "price" : 4036.05,
    "dma50" : 4287.67,
    "dma100" : null,
    "dma200" : 4752.42,
    "volume" : 16319.00
  }, {
    "date" : "2025-04-02",
    "price" : 4047.35,
    "dma50" : 4278.24,
    "dma100" : null,
    "dma200" : 4745.41,
    "volume" : 14643.00
  }, {
    "date" : "2025-04-03",
    "price" : 4069.90,
    "dma50" : 4270.07,
    "dma100" : null,
    "dma200" : 4738.69,
    "volume" : 31905.00
  }, {
    "date" : "2025-04-04",
    "price" : 4017.30,
    "dma50" : 4260.16,
    "dma100" : null,
    "dma200" : 4731.51,
    "volume" : 26978.00
  }, {
    "date" : "2025-04-07",
    "price" : 3913.75,
    "dma50" : 4246.57,
    "dma100" : null,
    "dma200" : 4723.37,
    "volume" : 29488.00
  }, {
    "date" : "2025-04-08",
    "price" : 4023.70,
    "dma50" : 4237.83,
    "dma100" : null,
    "dma200" : 4716.41,
    "volume" : 21775.00
  }, {
    "date" : "2025-04-09",
    "price" : 4034.90,
    "dma50" : 4229.88,
    "dma100" : null,
    "dma200" : 4709.63,
    "volume" : 18591.00
  }, {
    "date" : "2025-04-11",
    "price" : 4080.25,
    "dma50" : 4224.01,
    "dma100" : null,
    "dma200" : 4703.37,
    "volume" : 21507.00
  }, {
    "date" : "2025-04-15",
    "price" : 4197.90,
    "dma50" : 4222.98,
    "dma100" : null,
    "dma200" : 4698.34,
    "volume" : 35428.00
  }, {
    "date" : "2025-04-16",
    "price" : 4201.80,
    "dma50" : 4222.15,
    "dma100" : null,
    "dma200" : 4693.40,
    "volume" : 15713.00
  }, {
    "date" : "2025-04-17",
    "price" : 4164.20,
    "dma50" : 4219.88,
    "dma100" : null,
    "dma200" : 4688.13,
    "volume" : 18431.00
  }, {
    "date" : "2025-04-21",
    "price" : 4191.40,
    "dma50" : 4218.76,
    "dma100" : null,
    "dma200" : 4683.19,
    "volume" : 22853.00
  }, {
    "date" : "2025-04-22",
    "price" : 4254.50,
    "dma50" : 4220.16,
    "dma100" : null,
    "dma200" : 4678.92,
    "volume" : 23567.00
  }, {
    "date" : "2025-04-23",
    "price" : 4243.50,
    "dma50" : 4221.08,
    "dma100" : null,
    "dma200" : 4674.59,
    "volume" : 18416.00
  }, {
    "date" : "2025-04-24",
    "price" : 4275.90,
    "dma50" : 4223.23,
    "dma100" : null,
    "dma200" : 4670.62,
    "volume" : 26976.00
  }, {
    "date" : "2025-04-25",
    "price" : 4248.90,
    "dma50" : 4224.24,
    "dma100" : null,
    "dma200" : 4666.43,
    "volume" : 29517.00
  }, {
    "date" : "2025-04-28",
    "price" : 4274.10,
    "dma50" : 4226.19,
    "dma100" : null,
    "dma200" : 4662.52,
    "volume" : 23576.00
  }, {
    "date" : "2025-04-29",
    "price" : 4268.40,
    "dma50" : 4227.85,
    "dma100" : null,
    "dma200" : 4658.60,
    "volume" : 14632.00
  }, {
    "date" : "2025-04-30",
    "price" : 4292.80,
    "dma50" : 4230.39,
    "dma100" : null,
    "dma200" : 4654.96,
    "volume" : 21314.00
  }, {
    "date" : "2025-05-02",
    "price" : 4297.20,
    "dma50" : 4233.01,
    "dma100" : null,
    "dma200" : 4651.40,
    "volume" : 15535.00
  }, {
    "date" : "2025-05-05",
    "price" : 4260.10,
    "dma50" : 4234.08,
    "dma100" : null,
    "dma200" : 4647.51,
    "volume" : 11792.00
  }, {
    "date" : "2025-05-06",
    "price" : 4243.60,
    "dma50" : 4234.45,
    "dma100" : null,
    "dma200" : 4643.49,
    "volume" : 18322.00
  }, {
    "date" : "2025-05-07",
    "price" : 4275.60,
    "dma50" : 4236.06,
    "dma100" : null,
    "dma200" : 4639.83,
    "volume" : 18709.00
  }, {
    "date" : "2025-05-08",
    "price" : 4263.00,
    "dma50" : 4237.12,
    "dma100" : null,
    "dma200" : 4636.08,
    "volume" : 14400.00
  }, {
    "date" : "2025-05-09",
    "price" : 4249.90,
    "dma50" : 4237.62,
    "dma100" : null,
    "dma200" : 4632.24,
    "volume" : 14365.00
  }, {
    "date" : "2025-05-12",
    "price" : 4249.40,
    "dma50" : 4238.08,
    "dma100" : null,
    "dma200" : 4628.43,
    "volume" : 15468.00
  }, {
    "date" : "2025-05-13",
    "price" : 4324.00,
    "dma50" : 4241.45,
    "dma100" : null,
    "dma200" : 4625.40,
    "volume" : 18772.00
  }, {
    "date" : "2025-05-14",
    "price" : 4405.00,
    "dma50" : 4247.87,
    "dma100" : null,
    "dma200" : 4623.21,
    "volume" : 21899.00
  }, {
    "date" : "2025-05-15",
    "price" : 4459.20,
    "dma50" : 4256.15,
    "dma100" : null,
    "dma200" : 4621.57,
    "volume" : 19319.00
  }, {
    "date" : "2025-05-16",
    "price" : 4413.20,
    "dma50" : 4262.31,
    "dma100" : null,
    "dma200" : 4619.50,
    "volume" : 11149.00
  }, {
    "date" : "2025-05-19",
    "price" : 4468.00,
    "dma50" : 4270.38,
    "dma100" : null,
    "dma200" : 4617.99,
    "volume" : 15652.00
  }, {
    "date" : "2025-05-20",
    "price" : 4949.80,
    "dma50" : 4297.02,
    "dma100" : null,
    "dma200" : 4621.29,
    "volume" : 1499113.00
  }, {
    "date" : "2025-05-21",
    "price" : 4978.90,
    "dma50" : 4323.76,
    "dma100" : null,
    "dma200" : 4624.85,
    "volume" : 152704.00
  }, {
    "date" : "2025-05-22",
    "price" : 5139.40,
    "dma50" : 4355.75,
    "dma100" : null,
    "dma200" : 4629.97,
    "volume" : 123217.00
  }, {
    "date" : "2025-05-23",
    "price" : 5147.80,
    "dma50" : 4386.81,
    "dma100" : null,
    "dma200" : 4635.12,
    "volume" : 49183.00
  }, {
    "date" : "2025-05-26",
    "price" : 5182.60,
    "dma50" : 4418.02,
    "dma100" : null,
    "dma200" : 4640.57,
    "volume" : 97490.00
  }, {
    "date" : "2025-05-27",
    "price" : 5417.60,
    "dma50" : 4457.22,
    "dma100" : null,
    "dma200" : 4648.30,
    "volume" : 131210.00
  }, {
    "date" : "2025-05-28",
    "price" : 5511.00,
    "dma50" : 4498.54,
    "dma100" : null,
    "dma200" : 4656.89,
    "volume" : 92500.00
  }, {
    "date" : "2025-05-29",
    "price" : 5585.30,
    "dma50" : 4541.16,
    "dma100" : null,
    "dma200" : 4666.13,
    "volume" : 43336.00
  }, {
    "date" : "2025-05-30",
    "price" : 5613.30,
    "dma50" : 4583.20,
    "dma100" : null,
    "dma200" : 4675.55,
    "volume" : 45496.00
  }, {
    "date" : "2025-06-02",
    "price" : 5623.50,
    "dma50" : 4624.00,
    "dma100" : null,
    "dma200" : 4684.98,
    "volume" : 43872.00
  }, {
    "date" : "2025-06-03",
    "price" : 5693.50,
    "dma50" : 4665.94,
    "dma100" : null,
    "dma200" : 4695.02,
    "volume" : 58824.00
  }, {
    "date" : "2025-06-04",
    "price" : 5750.50,
    "dma50" : 4708.47,
    "dma100" : null,
    "dma200" : 4705.52,
    "volume" : 48382.00
  }, {
    "date" : "2025-06-05",
    "price" : 5797.00,
    "dma50" : 4751.16,
    "dma100" : null,
    "dma200" : 4716.38,
    "volume" : 39382.00
  }, {
    "date" : "2025-06-06",
    "price" : 5706.50,
    "dma50" : 4788.62,
    "dma100" : null,
    "dma200" : 4726.23,
    "volume" : 28213.00
  }, {
    "date" : "2025-06-09",
    "price" : 5608.50,
    "dma50" : 4820.78,
    "dma100" : null,
    "dma200" : 4735.01,
    "volume" : 27275.00
  }, {
    "date" : "2025-06-10",
    "price" : 5773.50,
    "dma50" : 4858.14,
    "dma100" : null,
    "dma200" : 4745.34,
    "volume" : 54236.00
  }, {
    "date" : "2025-06-11",
    "price" : 5776.00,
    "dma50" : 4894.13,
    "dma100" : null,
    "dma200" : 4755.60,
    "volume" : 23230.00
  }, {
    "date" : "2025-06-12",
    "price" : 5889.00,
    "dma50" : 4933.15,
    "dma100" : null,
    "dma200" : 4766.88,
    "volume" : 65038.00
  }, {
    "date" : "2025-06-13",
    "price" : 5882.50,
    "dma50" : 4970.38,
    "dma100" : null,
    "dma200" : 4777.98,
    "volume" : 25461.00
  }, {
    "date" : "2025-06-16",
    "price" : 5873.00,
    "dma50" : 5005.77,
    "dma100" : null,
    "dma200" : 4788.87,
    "volume" : 27797.00
  }, {
    "date" : "2025-06-17",
    "price" : 5860.50,
    "dma50" : 5039.29,
    "dma100" : null,
    "dma200" : 4799.54,
    "volume" : 30917.00
  }, {
    "date" : "2025-06-18",
    "price" : 5792.50,
    "dma50" : 5068.83,
    "dma100" : null,
    "dma200" : 4809.42,
    "volume" : 21157.00
  }, {
    "date" : "2025-06-19",
    "price" : 5664.00,
    "dma50" : 5092.17,
    "dma100" : null,
    "dma200" : 4817.92,
    "volume" : 31044.00
  }, {
    "date" : "2025-06-20",
    "price" : 5584.50,
    "dma50" : 5111.48,
    "dma100" : null,
    "dma200" : 4825.55,
    "volume" : 58617.00
  }, {
    "date" : "2025-06-23",
    "price" : 5639.50,
    "dma50" : 5132.18,
    "dma100" : null,
    "dma200" : 4833.65,
    "volume" : 19379.00
  }, {
    "date" : "2025-06-24",
    "price" : 5560.00,
    "dma50" : 5148.96,
    "dma100" : null,
    "dma200" : 4840.87,
    "volume" : 28036.00
  }, {
    "date" : "2025-06-25",
    "price" : 5572.50,
    "dma50" : 5165.57,
    "dma100" : null,
    "dma200" : 4848.15,
    "volume" : 21047.00
  }, {
    "date" : "2025-06-26",
    "price" : 5677.50,
    "dma50" : 5185.65,
    "dma100" : null,
    "dma200" : 4856.41,
    "volume" : 28779.00
  }, {
    "date" : "2025-06-27",
    "price" : 5698.00,
    "dma50" : 5205.74,
    "dma100" : null,
    "dma200" : 4864.78,
    "volume" : 65118.00
  }, {
    "date" : "2025-06-30",
    "price" : 5677.50,
    "dma50" : 5224.24,
    "dma100" : null,
    "dma200" : 4872.87,
    "volume" : 39931.00
  }, {
    "date" : "2025-07-01",
    "price" : 5698.50,
    "dma50" : 5242.84,
    "dma100" : null,
    "dma200" : 4881.08,
    "volume" : 46451.00
  }, {
    "date" : "2025-07-02",
    "price" : 5715.00,
    "dma50" : 5261.35,
    "dma100" : null,
    "dma200" : 4889.38,
    "volume" : 45232.00
  }, {
    "date" : "2025-07-03",
    "price" : 5783.00,
    "dma50" : 5281.81,
    "dma100" : null,
    "dma200" : 4898.27,
    "volume" : 73864.00
  }, {
    "date" : "2025-07-04",
    "price" : 5784.00,
    "dma50" : 5301.50,
    "dma100" : null,
    "dma200" : 4907.09,
    "volume" : 72416.00
  }, {
    "date" : "2025-07-07",
    "price" : 5836.00,
    "dma50" : 5322.46,
    "dma100" : null,
    "dma200" : 4916.33,
    "volume" : 85768.00
  }, {
    "date" : "2025-07-08",
    "price" : 5851.00,
    "dma50" : 5343.19,
    "dma100" : null,
    "dma200" : 4925.63,
    "volume" : 91041.00
  }, {
    "date" : "2025-07-09",
    "price" : 5669.00,
    "dma50" : 5355.97,
    "dma100" : null,
    "dma200" : 4933.03,
    "volume" : 67656.00
  }, {
    "date" : "2025-07-10",
    "price" : 5474.00,
    "dma50" : 5360.60,
    "dma100" : null,
    "dma200" : 4938.41,
    "volume" : 47801.00
  }, {
    "date" : "2025-07-11",
    "price" : 5517.00,
    "dma50" : 5366.73,
    "dma100" : null,
    "dma200" : 4944.17,
    "volume" : 44168.00
  }, {
    "date" : "2025-07-14",
    "price" : 5411.00,
    "dma50" : 5368.47,
    "dma100" : null,
    "dma200" : 4948.81,
    "volume" : 25510.00
  }, {
    "date" : "2025-07-15",
    "price" : 5431.00,
    "dma50" : 5370.92,
    "dma100" : null,
    "dma200" : 4953.61,
    "volume" : 26435.00
  }, {
    "date" : "2025-07-16",
    "price" : 5352.00,
    "dma50" : 5370.18,
    "dma100" : null,
    "dma200" : 4957.57,
    "volume" : 27915.00
  }, {
    "date" : "2025-07-17",
    "price" : 5362.00,
    "dma50" : 5369.86,
    "dma100" : null,
    "dma200" : 4961.60,
    "volume" : 14525.00
  }, {
    "date" : "2025-07-18",
    "price" : 5319.50,
    "dma50" : 5367.88,
    "dma100" : null,
    "dma200" : 4965.16,
    "volume" : 19698.00
  }, {
    "date" : "2025-07-21",
    "price" : 5334.50,
    "dma50" : 5366.57,
    "dma100" : null,
    "dma200" : 4968.83,
    "volume" : 22880.00
  }, {
    "date" : "2025-07-22",
    "price" : 5293.50,
    "dma50" : 5363.71,
    "dma100" : 4808.98,
    "dma200" : 4972.06,
    "volume" : 15630.00
  }, {
    "date" : "2025-07-23",
    "price" : 5291.00,
    "dma50" : 5360.86,
    "dma100" : 4819.97,
    "dma200" : 4975.24,
    "volume" : 13826.00
  }, {
    "date" : "2025-07-24",
    "price" : 5289.00,
    "dma50" : 5358.04,
    "dma100" : 4831.61,
    "dma200" : 4978.36,
    "volume" : 16111.00
  }, {
    "date" : "2025-07-25",
    "price" : 5371.50,
    "dma50" : 5358.57,
    "dma100" : 4844.82,
    "dma200" : 4982.27,
    "volume" : 54816.00
  }, {
    "date" : "2025-07-28",
    "price" : 5300.50,
    "dma50" : 5356.29,
    "dma100" : 4857.32,
    "dma200" : 4985.44,
    "volume" : 17490.00
  }, {
    "date" : "2025-07-29",
    "price" : 5277.00,
    "dma50" : 5353.18,
    "dma100" : 4870.68,
    "dma200" : 4988.34,
    "volume" : 11916.00
  }, {
    "date" : "2025-07-30",
    "price" : 5260.50,
    "dma50" : 5349.54,
    "dma100" : 4883.42,
    "dma200" : 4991.05,
    "volume" : 17486.00
  }, {
    "date" : "2025-07-31",
    "price" : 5194.50,
    "dma50" : 5343.46,
    "dma100" : 4894.64,
    "dma200" : 4993.07,
    "volume" : 16068.00
  }, {
    "date" : "2025-08-01",
    "price" : 5054.50,
    "dma50" : 5332.13,
    "dma100" : 4904.08,
    "dma200" : 4993.68,
    "volume" : 16592.00
  }, {
    "date" : "2025-08-04",
    "price" : 5009.00,
    "dma50" : 5319.46,
    "dma100" : 4912.78,
    "dma200" : 4993.83,
    "volume" : 24263.00
  }, {
    "date" : "2025-08-05",
    "price" : 5090.50,
    "dma50" : 5310.48,
    "dma100" : 4922.20,
    "dma200" : 4994.80,
    "volume" : 18734.00
  }, {
    "date" : "2025-08-06",
    "price" : 5051.50,
    "dma50" : 5300.33,
    "dma100" : 4931.80,
    "dma200" : 4995.36,
    "volume" : 16134.00
  }, {
    "date" : "2025-08-07",
    "price" : 5020.00,
    "dma50" : 5289.33,
    "dma100" : 4941.24,
    "dma200" : 4995.61,
    "volume" : 19766.00
  }, {
    "date" : "2025-08-08",
    "price" : 4993.00,
    "dma50" : 5277.71,
    "dma100" : 4950.52,
    "dma200" : 4995.58,
    "volume" : 12809.00
  }, {
    "date" : "2025-08-11",
    "price" : 5060.50,
    "dma50" : 5269.19,
    "dma100" : 4960.19,
    "dma200" : 4996.23,
    "volume" : 15193.00
  }, {
    "date" : "2025-08-12",
    "price" : 5102.00,
    "dma50" : 5262.64,
    "dma100" : 4970.45,
    "dma200" : 4997.28,
    "volume" : 30315.00
  }, {
    "date" : "2025-08-13",
    "price" : 5107.00,
    "dma50" : 5256.53,
    "dma100" : 4980.83,
    "dma200" : 4998.37,
    "volume" : 16153.00
  }, {
    "date" : "2025-08-14",
    "price" : 5328.00,
    "dma50" : 5259.34,
    "dma100" : 4992.96,
    "dma200" : 5001.65,
    "volume" : 454589.00
  }, {
    "date" : "2025-08-18",
    "price" : 5766.50,
    "dma50" : 5279.22,
    "dma100" : 5009.46,
    "dma200" : 5009.26,
    "volume" : 431739.00
  }, {
    "date" : "2025-08-19",
    "price" : 5698.50,
    "dma50" : 5295.67,
    "dma100" : 5025.46,
    "dma200" : 5016.12,
    "volume" : 90897.00
  }, {
    "date" : "2025-08-20",
    "price" : 5655.50,
    "dma50" : 5309.78,
    "dma100" : 5041.10,
    "dma200" : 5022.48,
    "volume" : 20151.00
  }, {
    "date" : "2025-08-21",
    "price" : 5680.50,
    "dma50" : 5324.32,
    "dma100" : 5057.80,
    "dma200" : 5029.03,
    "volume" : 28832.00
  }, {
    "date" : "2025-08-22",
    "price" : 5668.50,
    "dma50" : 5337.81,
    "dma100" : 5074.76,
    "dma200" : 5035.39,
    "volume" : 25608.00
  }, {
    "date" : "2025-08-25",
    "price" : 5466.50,
    "dma50" : 5342.86,
    "dma100" : 5089.38,
    "dma200" : 5039.68,
    "volume" : 44148.00
  }, {
    "date" : "2025-08-26",
    "price" : 5249.00,
    "dma50" : 5339.18,
    "dma100" : 5101.50,
    "dma200" : 5041.76,
    "volume" : 49009.00
  }, {
    "date" : "2025-08-28",
    "price" : 5168.00,
    "dma50" : 5332.47,
    "dma100" : 5112.71,
    "dma200" : 5043.02,
    "volume" : 24029.00
  }, {
    "date" : "2025-08-29",
    "price" : 5156.00,
    "dma50" : 5325.55,
    "dma100" : 5123.57,
    "dma200" : 5044.14,
    "volume" : 23176.00
  }, {
    "date" : "2025-09-01",
    "price" : 5135.00,
    "dma50" : 5318.07,
    "dma100" : 5134.75,
    "dma200" : 5045.05,
    "volume" : 15782.00
  }, {
    "date" : "2025-09-02",
    "price" : 5107.50,
    "dma50" : 5309.82,
    "dma100" : 5146.69,
    "dma200" : 5045.67,
    "volume" : 18992.00
  }, {
    "date" : "2025-09-03",
    "price" : 5174.00,
    "dma50" : 5304.49,
    "dma100" : 5158.19,
    "dma200" : 5046.95,
    "volume" : 22609.00
  }, {
    "date" : "2025-09-04",
    "price" : 5155.00,
    "dma50" : 5298.63,
    "dma100" : 5169.39,
    "dma200" : 5048.02,
    "volume" : 21986.00
  }, {
    "date" : "2025-09-05",
    "price" : 5118.00,
    "dma50" : 5291.54,
    "dma100" : 5179.77,
    "dma200" : 5048.72,
    "volume" : 18068.00
  }, {
    "date" : "2025-09-08",
    "price" : 5143.50,
    "dma50" : 5285.74,
    "dma100" : 5189.22,
    "dma200" : 5049.66,
    "volume" : 11541.00
  }, {
    "date" : "2025-09-09",
    "price" : 5153.00,
    "dma50" : 5280.53,
    "dma100" : 5198.74,
    "dma200" : 5050.69,
    "volume" : 14251.00
  }, {
    "date" : "2025-09-10",
    "price" : 5140.50,
    "dma50" : 5275.04,
    "dma100" : 5208.50,
    "dma200" : 5051.58,
    "volume" : 11428.00
  }, {
    "date" : "2025-09-11",
    "price" : 5167.50,
    "dma50" : 5270.82,
    "dma100" : 5218.26,
    "dma200" : 5052.74,
    "volume" : 20490.00
  }, {
    "date" : "2025-09-12",
    "price" : 5227.00,
    "dma50" : 5269.11,
    "dma100" : 5227.98,
    "dma200" : 5054.47,
    "volume" : 34242.00
  }, {
    "date" : "2025-09-15",
    "price" : 5162.50,
    "dma50" : 5264.93,
    "dma100" : 5237.17,
    "dma200" : 5055.54,
    "volume" : 15131.00
  }, {
    "date" : "2025-09-16",
    "price" : 5140.50,
    "dma50" : 5260.05,
    "dma100" : 5245.82,
    "dma200" : 5056.39,
    "volume" : 8291.00
  }, {
    "date" : "2025-09-17",
    "price" : 5202.50,
    "dma50" : 5257.79,
    "dma100" : 5255.36,
    "dma200" : 5057.84,
    "volume" : 10955.00
  }, {
    "date" : "2025-09-18",
    "price" : 5192.50,
    "dma50" : 5255.23,
    "dma100" : 5264.54,
    "dma200" : 5059.18,
    "volume" : 19897.00
  }, {
    "date" : "2025-09-19",
    "price" : 5107.50,
    "dma50" : 5249.44,
    "dma100" : 5272.93,
    "dma200" : 5059.66,
    "volume" : 23629.00
  }, {
    "date" : "2025-09-22",
    "price" : 5066.50,
    "dma50" : 5242.26,
    "dma100" : 5280.67,
    "dma200" : 5059.73,
    "volume" : 17334.00
  }, {
    "date" : "2025-09-23",
    "price" : 5026.00,
    "dma50" : 5233.78,
    "dma100" : 5287.96,
    "dma200" : 5059.40,
    "volume" : 14234.00
  }, {
    "date" : "2025-09-24",
    "price" : 5005.00,
    "dma50" : 5224.81,
    "dma100" : 5295.41,
    "dma200" : 5058.86,
    "volume" : 11643.00
  }, {
    "date" : "2025-09-25",
    "price" : 4977.00,
    "dma50" : 5215.09,
    "dma100" : 5302.74,
    "dma200" : 5058.04,
    "volume" : 6214.00
  }, {
    "date" : "2025-09-26",
    "price" : 4931.00,
    "dma50" : 5203.95,
    "dma100" : 5309.29,
    "dma200" : 5056.78,
    "volume" : 24945.00
  }, {
    "date" : "2025-09-29",
    "price" : 4905.50,
    "dma50" : 5192.25,
    "dma100" : 5315.72,
    "dma200" : 5055.27,
    "volume" : 16159.00
  }, {
    "date" : "2025-09-30",
    "price" : 5036.00,
    "dma50" : 5186.12,
    "dma100" : 5323.58,
    "dma200" : 5055.08,
    "volume" : 18268.00
  }, {
    "date" : "2025-10-01",
    "price" : 5151.00,
    "dma50" : 5184.74,
    "dma100" : 5332.60,
    "dma200" : 5056.03,
    "volume" : 394631.00
  }, {
    "date" : "2025-10-03",
    "price" : 5222.50,
    "dma50" : 5186.22,
    "dma100" : 5341.58,
    "dma200" : 5057.69,
    "volume" : 31878.00
  }, {
    "date" : "2025-10-06",
    "price" : 5223.50,
    "dma50" : 5187.68,
    "dma100" : 5349.77,
    "dma200" : 5059.34,
    "volume" : 15845.00
  }, {
    "date" : "2025-10-07",
    "price" : 5223.00,
    "dma50" : 5189.07,
    "dma100" : 5357.40,
    "dma200" : 5060.97,
    "volume" : 36119.00
  }, {
    "date" : "2025-10-08",
    "price" : 5188.00,
    "dma50" : 5189.03,
    "dma100" : 5365.15,
    "dma200" : 5062.23,
    "volume" : 11172.00
  }, {
    "date" : "2025-10-09",
    "price" : 5266.50,
    "dma50" : 5192.07,
    "dma100" : 5373.14,
    "dma200" : 5064.27,
    "volume" : 21280.00
  }, {
    "date" : "2025-10-10",
    "price" : 5333.00,
    "dma50" : 5197.59,
    "dma100" : 5376.97,
    "dma200" : 5066.94,
    "volume" : 15255.00
  }, {
    "date" : "2025-10-13",
    "price" : 5529.50,
    "dma50" : 5210.61,
    "dma100" : 5382.47,
    "dma200" : 5071.54,
    "volume" : 52817.00
  }, {
    "date" : "2025-10-14",
    "price" : 5390.00,
    "dma50" : 5217.64,
    "dma100" : 5384.98,
    "dma200" : 5074.71,
    "volume" : 20850.00
  }, {
    "date" : "2025-10-15",
    "price" : 5335.00,
    "dma50" : 5222.25,
    "dma100" : 5386.85,
    "dma200" : 5077.30,
    "volume" : 10605.00
  }, {
    "date" : "2025-10-16",
    "price" : 5321.50,
    "dma50" : 5226.14,
    "dma100" : 5388.24,
    "dma200" : 5079.73,
    "volume" : 20648.00
  }, {
    "date" : "2025-10-17",
    "price" : 5354.00,
    "dma50" : 5231.15,
    "dma100" : 5387.61,
    "dma200" : 5082.46,
    "volume" : 18648.00
  }, {
    "date" : "2025-10-20",
    "price" : 5324.50,
    "dma50" : 5234.81,
    "dma100" : 5385.74,
    "dma200" : 5084.87,
    "volume" : 16795.00
  }, {
    "date" : "2025-10-21",
    "price" : 5351.50,
    "dma50" : 5239.39,
    "dma100" : 5383.40,
    "dma200" : 5087.52,
    "volume" : 2072.00
  }, {
    "date" : "2025-10-23",
    "price" : 5297.50,
    "dma50" : 5241.67,
    "dma100" : 5380.24,
    "dma200" : 5089.61,
    "volume" : 23062.00
  }, {
    "date" : "2025-10-24",
    "price" : 5341.00,
    "dma50" : 5245.56,
    "dma100" : 5377.42,
    "dma200" : 5092.11,
    "volume" : 12849.00
  }, {
    "date" : "2025-10-27",
    "price" : 5309.00,
    "dma50" : 5248.05,
    "dma100" : 5373.57,
    "dma200" : 5094.27,
    "volume" : 11394.00
  }, {
    "date" : "2025-10-28",
    "price" : 5290.50,
    "dma50" : 5249.72,
    "dma100" : 5368.97,
    "dma200" : 5096.22,
    "volume" : 9456.00
  }, {
    "date" : "2025-10-29",
    "price" : 5269.50,
    "dma50" : 5250.49,
    "dma100" : 5363.70,
    "dma200" : 5097.95,
    "volume" : 6582.00
  }, {
    "date" : "2025-10-30",
    "price" : 5318.00,
    "dma50" : 5253.14,
    "dma100" : 5359.81,
    "dma200" : 5100.14,
    "volume" : 18306.00
  }, {
    "date" : "2025-10-31",
    "price" : 5209.00,
    "dma50" : 5251.41,
    "dma100" : 5355.82,
    "dma200" : 5101.22,
    "volume" : 12179.00
  }, {
    "date" : "2025-11-03",
    "price" : 5181.50,
    "dma50" : 5248.67,
    "dma100" : 5349.90,
    "dma200" : 5102.02,
    "volume" : 15272.00
  }, {
    "date" : "2025-11-04",
    "price" : 5115.00,
    "dma50" : 5243.42,
    "dma100" : 5343.29,
    "dma200" : 5102.15,
    "volume" : 7427.00
  }, {
    "date" : "2025-11-06",
    "price" : 5067.50,
    "dma50" : 5236.53,
    "dma100" : 5335.07,
    "dma200" : 5101.80,
    "volume" : 9852.00
  }, {
    "date" : "2025-11-07",
    "price" : 5075.00,
    "dma50" : 5230.19,
    "dma100" : 5327.00,
    "dma200" : 5101.54,
    "volume" : 10021.00
  }, {
    "date" : "2025-11-10",
    "price" : 5140.00,
    "dma50" : 5226.65,
    "dma100" : 5319.67,
    "dma200" : 5101.92,
    "volume" : 12220.00
  }, {
    "date" : "2025-11-11",
    "price" : 4997.00,
    "dma50" : 5217.65,
    "dma100" : 5311.03,
    "dma200" : 5100.87,
    "volume" : 19802.00
  }, {
    "date" : "2025-11-12",
    "price" : 5015.50,
    "dma50" : 5209.72,
    "dma100" : 5303.26,
    "dma200" : 5100.03,
    "volume" : 23786.00
  }, {
    "date" : "2025-11-13",
    "price" : 5043.50,
    "dma50" : 5203.20,
    "dma100" : 5297.06,
    "dma200" : 5099.46,
    "volume" : 178586.00
  }, {
    "date" : "2025-11-14",
    "price" : 5074.00,
    "dma50" : 5198.14,
    "dma100" : 5291.95,
    "dma200" : 5099.21,
    "volume" : 11918.00
  }, {
    "date" : "2025-11-17",
    "price" : 5061.50,
    "dma50" : 5192.78,
    "dma100" : 5286.17,
    "dma200" : 5098.83,
    "volume" : 7329.00
  }, {
    "date" : "2025-11-18",
    "price" : 5010.00,
    "dma50" : 5185.61,
    "dma100" : 5280.67,
    "dma200" : 5097.95,
    "volume" : 6558.00
  }, {
    "date" : "2025-11-19",
    "price" : 5002.00,
    "dma50" : 5178.41,
    "dma100" : 5274.97,
    "dma200" : 5097.00,
    "volume" : 8640.00
  }, {
    "date" : "2025-11-20",
    "price" : 5028.50,
    "dma50" : 5172.53,
    "dma100" : 5268.48,
    "dma200" : 5096.31,
    "volume" : 6892.00
  }, {
    "date" : "2025-11-21",
    "price" : 5000.50,
    "dma50" : 5165.78,
    "dma100" : 5261.50,
    "dma200" : 5095.36,
    "volume" : 17718.00
  }, {
    "date" : "2025-11-24",
    "price" : 4968.50,
    "dma50" : 5158.05,
    "dma100" : 5254.41,
    "dma200" : 5094.10,
    "volume" : 10815.00
  }, {
    "date" : "2025-11-25",
    "price" : 5000.00,
    "dma50" : 5151.85,
    "dma100" : 5247.43,
    "dma200" : 5093.16,
    "volume" : 407276.00
  }, {
    "date" : "2025-11-26",
    "price" : 4985.00,
    "dma50" : 5145.31,
    "dma100" : 5240.13,
    "dma200" : 5092.09,
    "volume" : 22953.00
  }, {
    "date" : "2025-11-27",
    "price" : 4989.50,
    "dma50" : 5139.20,
    "dma100" : 5232.19,
    "dma200" : 5091.07,
    "volume" : 26496.00
  }, {
    "date" : "2025-11-28",
    "price" : 4975.00,
    "dma50" : 5132.76,
    "dma100" : 5224.10,
    "dma200" : 5089.91,
    "volume" : 64156.00
  }, {
    "date" : "2025-12-01",
    "price" : 4966.50,
    "dma50" : 5126.24,
    "dma100" : 5215.41,
    "dma200" : 5088.68,
    "volume" : 7556.00
  }, {
    "date" : "2025-12-02",
    "price" : 4994.60,
    "dma50" : 5121.08,
    "dma100" : 5206.85,
    "dma200" : 5087.75,
    "volume" : 22540.00
  }, {
    "date" : "2025-12-03",
    "price" : 4972.50,
    "dma50" : 5115.25,
    "dma100" : 5199.88,
    "dma200" : 5086.60,
    "volume" : 21061.00
  }, {
    "date" : "2025-12-04",
    "price" : 5001.00,
    "dma50" : 5110.77,
    "dma100" : 5195.15,
    "dma200" : 5085.75,
    "volume" : 29764.00
  }, {
    "date" : "2025-12-05",
    "price" : 5000.00,
    "dma50" : 5106.42,
    "dma100" : 5189.98,
    "dma200" : 5084.89,
    "volume" : 16454.00
  }, {
    "date" : "2025-12-08",
    "price" : 4965.40,
    "dma50" : 5100.89,
    "dma100" : 5185.52,
    "dma200" : 5083.71,
    "volume" : 17398.00
  }, {
    "date" : "2025-12-09",
    "price" : 4979.60,
    "dma50" : 5096.14,
    "dma100" : 5181.01,
    "dma200" : 5082.67,
    "volume" : 20057.00
  }, {
    "date" : "2025-12-10",
    "price" : 5025.20,
    "dma50" : 5093.36,
    "dma100" : 5177.74,
    "dma200" : 5082.10,
    "volume" : 82980.00
  }, {
    "date" : "2025-12-11",
    "price" : 5007.70,
    "dma50" : 5090.00,
    "dma100" : 5174.20,
    "dma200" : 5081.36,
    "volume" : 7027.00
  }, {
    "date" : "2025-12-12",
    "price" : 5000.20,
    "dma50" : 5086.48,
    "dma100" : 5171.01,
    "dma200" : 5080.55,
    "volume" : 18312.00
  }, {
    "date" : "2025-12-15",
    "price" : 5016.90,
    "dma50" : 5083.75,
    "dma100" : 5167.83,
    "dma200" : 5079.92,
    "volume" : 9374.00
  }, {
    "date" : "2025-12-16",
    "price" : 5021.20,
    "dma50" : 5081.29,
    "dma100" : 5165.11,
    "dma200" : 5079.33,
    "volume" : 10741.00
  }, {
    "date" : "2025-12-17",
    "price" : 5058.50,
    "dma50" : 5080.40,
    "dma100" : 5162.78,
    "dma200" : 5079.13,
    "volume" : 13950.00
  }, {
    "date" : "2025-12-18",
    "price" : 5100.70,
    "dma50" : 5081.20,
    "dma100" : 5160.90,
    "dma200" : 5079.34,
    "volume" : 16042.00
  }, {
    "date" : "2025-12-19",
    "price" : 5097.60,
    "dma50" : 5081.84,
    "dma100" : 5158.16,
    "dma200" : 5079.52,
    "volume" : 20717.00
  }, {
    "date" : "2025-12-22",
    "price" : 5093.10,
    "dma50" : 5082.28,
    "dma100" : 5156.09,
    "dma200" : 5079.66,
    "volume" : 19526.00
  }, {
    "date" : "2025-12-23",
    "price" : 5067.80,
    "dma50" : 5081.71,
    "dma100" : 5153.99,
    "dma200" : 5079.54,
    "volume" : 11386.00
  }, {
    "date" : "2025-12-24",
    "price" : 5036.30,
    "dma50" : 5079.93,
    "dma100" : 5151.75,
    "dma200" : 5079.11,
    "volume" : 12398.00
  }, {
    "date" : "2025-12-26",
    "price" : 5052.30,
    "dma50" : 5078.85,
    "dma100" : 5150.33,
    "dma200" : 5078.84,
    "volume" : 10105.00
  }, {
    "date" : "2025-12-29",
    "price" : 4959.20,
    "dma50" : 5074.16,
    "dma100" : 5149.38,
    "dma200" : 5077.65,
    "volume" : 15696.00
  }, {
    "date" : "2025-12-30",
    "price" : 4926.60,
    "dma50" : 5068.37,
    "dma100" : 5148.55,
    "dma200" : 5076.15,
    "volume" : 67320.00
  }, {
    "date" : "2025-12-31",
    "price" : 4987.70,
    "dma50" : 5065.21,
    "dma100" : 5147.53,
    "dma200" : 5075.27,
    "volume" : 13806.00
  }, {
    "date" : "2026-01-01",
    "price" : 4915.80,
    "dma50" : 5059.35,
    "dma100" : 5146.17,
    "dma200" : 5073.68,
    "volume" : 15240.00
  }, {
    "date" : "2026-01-02",
    "price" : 4887.20,
    "dma50" : 5052.60,
    "dma100" : 5144.84,
    "dma200" : 5071.83,
    "volume" : 17176.00
  }, {
    "date" : "2026-01-05",
    "price" : 4870.50,
    "dma50" : 5045.46,
    "dma100" : 5143.62,
    "dma200" : 5069.82,
    "volume" : 9873.00
  }, {
    "date" : "2026-01-06",
    "price" : 4907.20,
    "dma50" : 5040.03,
    "dma100" : 5142.08,
    "dma200" : 5068.20,
    "volume" : 14110.00
  }, {
    "date" : "2026-01-07",
    "price" : 4928.30,
    "dma50" : 5035.65,
    "dma100" : 5140.35,
    "dma200" : 5066.81,
    "volume" : 18093.00
  }, {
    "date" : "2026-01-08",
    "price" : 4806.00,
    "dma50" : 5026.65,
    "dma100" : 5137.34,
    "dma200" : 5064.22,
    "volume" : 11015.00
  }, {
    "date" : "2026-01-09",
    "price" : 4871.80,
    "dma50" : 5020.57,
    "dma100" : 5132.77,
    "dma200" : 5062.30,
    "volume" : 18442.00
  }, {
    "date" : "2026-01-12",
    "price" : 4823.80,
    "dma50" : 5012.86,
    "dma100" : 5123.35,
    "dma200" : 5059.93,
    "volume" : 9893.00
  }, {
    "date" : "2026-01-13",
    "price" : 4857.30,
    "dma50" : 5006.76,
    "dma100" : 5114.93,
    "dma200" : 5057.91,
    "volume" : 12635.00
  }, {
    "date" : "2026-01-14",
    "price" : 4819.60,
    "dma50" : 4999.42,
    "dma100" : 5106.58,
    "dma200" : 5055.54,
    "volume" : 10408.00
  }, {
    "date" : "2026-01-16",
    "price" : 4760.90,
    "dma50" : 4990.06,
    "dma100" : 5097.38,
    "dma200" : 5052.61,
    "volume" : 11584.00
  }, {
    "date" : "2026-01-19",
    "price" : 4694.50,
    "dma50" : 4978.47,
    "dma100" : 5087.64,
    "dma200" : 5049.05,
    "volume" : 6426.00
  }, {
    "date" : "2026-01-20",
    "price" : 4659.40,
    "dma50" : 4965.96,
    "dma100" : 5079.57,
    "dma200" : 5045.17,
    "volume" : 12726.00
  }, {
    "date" : "2026-01-21",
    "price" : 4610.30,
    "dma50" : 4952.01,
    "dma100" : 5073.18,
    "dma200" : 5040.84,
    "volume" : 22230.00
  }, {
    "date" : "2026-01-22",
    "price" : 4723.30,
    "dma50" : 4943.04,
    "dma100" : 5068.73,
    "dma200" : 5037.68,
    "volume" : 16350.00
  }, {
    "date" : "2026-01-23",
    "price" : 4591.00,
    "dma50" : 4929.24,
    "dma100" : 5063.08,
    "dma200" : 5033.24,
    "volume" : 8124.00
  }, {
    "date" : "2026-01-27",
    "price" : 4607.80,
    "dma50" : 4916.63,
    "dma100" : 5057.81,
    "dma200" : 5029.01,
    "volume" : 12477.00
  }, {
    "date" : "2026-01-28",
    "price" : 4698.70,
    "dma50" : 4908.09,
    "dma100" : 5053.72,
    "dma200" : 5025.72,
    "volume" : 10139.00
  }, {
    "date" : "2026-01-29",
    "price" : 4599.20,
    "dma50" : 4895.97,
    "dma100" : 5047.98,
    "dma200" : 5021.47,
    "volume" : 12605.00
  }, {
    "date" : "2026-01-30",
    "price" : 4563.60,
    "dma50" : 4882.94,
    "dma100" : 5042.06,
    "dma200" : 5016.92,
    "volume" : 12881.00
  }, {
    "date" : "2026-02-01",
    "price" : 4526.50,
    "dma50" : 4868.96,
    "dma100" : 5036.15,
    "dma200" : 5012.04,
    "volume" : 4425.00
  }, {
    "date" : "2026-02-02",
    "price" : 4551.00,
    "dma50" : 4856.49,
    "dma100" : 5030.22,
    "dma200" : 5007.45,
    "volume" : 9768.00
  }, {
    "date" : "2026-02-03",
    "price" : 4667.60,
    "dma50" : 4849.08,
    "dma100" : 5025.37,
    "dma200" : 5004.07,
    "volume" : 11129.00
  }, {
    "date" : "2026-02-04",
    "price" : 4743.50,
    "dma50" : 4844.94,
    "dma100" : 5021.40,
    "dma200" : 5001.48,
    "volume" : 10664.00
  }, {
    "date" : "2026-02-05",
    "price" : 4697.30,
    "dma50" : 4839.15,
    "dma100" : 5016.70,
    "dma200" : 4998.45,
    "volume" : 7838.00
  }, {
    "date" : "2026-02-06",
    "price" : 4590.30,
    "dma50" : 4829.39,
    "dma100" : 5010.33,
    "dma200" : 4994.39,
    "volume" : 10040.00
  }, {
    "date" : "2026-02-09",
    "price" : 4764.10,
    "dma50" : 4826.83,
    "dma100" : 5006.35,
    "dma200" : 4992.10,
    "volume" : 15793.00
  }, {
    "date" : "2026-02-10",
    "price" : 4960.80,
    "dma50" : 4832.09,
    "dma100" : 5004.55,
    "dma200" : 4991.79,
    "volume" : 1004858.00
  }, {
    "date" : "2026-02-11",
    "price" : 5197.80,
    "dma50" : 4846.43,
    "dma100" : 5004.50,
    "dma200" : 4993.84,
    "volume" : 152475.00
  }, {
    "date" : "2026-02-12",
    "price" : 5121.40,
    "dma50" : 4857.21,
    "dma100" : 5003.79,
    "dma200" : 4995.11,
    "volume" : 39379.00
  }, {
    "date" : "2026-02-13",
    "price" : 5037.40,
    "dma50" : 4864.28,
    "dma100" : 5003.09,
    "dma200" : 4995.53,
    "volume" : 32835.00
  }, {
    "date" : "2026-02-16",
    "price" : 5017.20,
    "dma50" : 4870.28,
    "dma100" : 5002.60,
    "dma200" : 4995.74,
    "volume" : 11024.00
  }, {
    "date" : "2026-02-17",
    "price" : 5052.80,
    "dma50" : 4877.43,
    "dma100" : 5002.86,
    "dma200" : 4996.31,
    "volume" : 13511.00
  }, {
    "date" : "2026-02-18",
    "price" : 5149.80,
    "dma50" : 4888.11,
    "dma100" : 5004.31,
    "dma200" : 4997.84,
    "volume" : 30020.00
  }, {
    "date" : "2026-02-19",
    "price" : 4991.00,
    "dma50" : 4892.15,
    "dma100" : 5004.45,
    "dma200" : 4997.77,
    "volume" : 15085.00
  }, {
    "date" : "2026-02-20",
    "price" : 4931.70,
    "dma50" : 4893.70,
    "dma100" : 5004.46,
    "dma200" : 4997.11,
    "volume" : 11443.00
  } ],
  "latestTechnicalAttributes" : {
    "date" : "2026-02-20",
    "price" : 4931.70,
    "dma50" : 4893.70,
    "dma100" : 5004.46,
    "dma200" : 4997.11,
    "volume" : 11443.00
  },
  "quarterlyResults" : [ {
    "date" : "2005-02-28",
    "sales" : 132.93,
    "salesGrowthYoY" : null,
    "grossProfitMargin" : 62.10,
    "grossProfit" : 82.55,
    "operatingProfitMargin" : 17.15,
    "operatingProfit" : 22.80,
    "netProfitMargin" : 12.74,
    "netProfit" : 16.94
  }, {
    "date" : "2005-05-31",
    "sales" : 144.46,
    "salesGrowthYoY" : null,
    "grossProfitMargin" : 67.08,
    "grossProfit" : 96.90,
    "operatingProfitMargin" : 17.02,
    "operatingProfit" : 24.59,
    "netProfitMargin" : 13.19,
    "netProfit" : 19.05
  }, {
    "date" : "2005-08-31",
    "sales" : 173.73,
    "salesGrowthYoY" : null,
    "grossProfitMargin" : 69.58,
    "grossProfit" : 120.88,
    "operatingProfitMargin" : 20.75,
    "operatingProfit" : 36.05,
    "netProfitMargin" : 15.55,
    "netProfit" : 27.02
  }, {
    "date" : "2005-11-30",
    "sales" : 179.56,
    "salesGrowthYoY" : null,
    "grossProfitMargin" : 75.10,
    "grossProfit" : 134.85,
    "operatingProfitMargin" : 13.38,
    "operatingProfit" : 24.03,
    "netProfitMargin" : 11.81,
    "netProfit" : 21.21
  }, {
    "date" : "2006-02-28",
    "sales" : 155.99,
    "salesGrowthYoY" : 17.35,
    "grossProfitMargin" : 70.06,
    "grossProfit" : 109.29,
    "operatingProfitMargin" : 22.78,
    "operatingProfit" : 35.53,
    "netProfitMargin" : 18.27,
    "netProfit" : 28.50
  }, {
    "date" : "2006-05-31",
    "sales" : 177.45,
    "salesGrowthYoY" : 22.84,
    "grossProfitMargin" : 64.37,
    "grossProfit" : 114.22,
    "operatingProfitMargin" : 20.76,
    "operatingProfit" : 36.84,
    "netProfitMargin" : 17.84,
    "netProfit" : 31.66
  }, {
    "date" : "2006-08-31",
    "sales" : 190.09,
    "salesGrowthYoY" : 9.42,
    "grossProfitMargin" : 69.32,
    "grossProfit" : 131.77,
    "operatingProfitMargin" : 21.38,
    "operatingProfit" : 40.64,
    "netProfitMargin" : 16.74,
    "netProfit" : 31.82
  }, {
    "date" : "2006-11-30",
    "sales" : 181.93,
    "salesGrowthYoY" : 1.32,
    "grossProfitMargin" : 68.65,
    "grossProfit" : 124.89,
    "operatingProfitMargin" : 14.33,
    "operatingProfit" : 26.07,
    "netProfitMargin" : 11.22,
    "netProfit" : 20.41
  }, {
    "date" : "2007-02-28",
    "sales" : 164.08,
    "salesGrowthYoY" : 5.19,
    "grossProfitMargin" : 68.07,
    "grossProfit" : 111.69,
    "operatingProfitMargin" : 22.80,
    "operatingProfit" : 37.41,
    "netProfitMargin" : 18.25,
    "netProfit" : 29.94
  }, {
    "date" : "2007-05-31",
    "sales" : 164.67,
    "salesGrowthYoY" : -7.20,
    "grossProfitMargin" : 61.75,
    "grossProfit" : 101.68,
    "operatingProfitMargin" : 21.38,
    "operatingProfit" : 35.21,
    "netProfitMargin" : 24.21,
    "netProfit" : 39.87
  }, {
    "date" : "2007-08-31",
    "sales" : 175.65,
    "salesGrowthYoY" : -7.60,
    "grossProfitMargin" : 67.30,
    "grossProfit" : 118.21,
    "operatingProfitMargin" : 24.47,
    "operatingProfit" : 42.98,
    "netProfitMargin" : 21.01,
    "netProfit" : 36.90
  }, {
    "date" : "2007-11-30",
    "sales" : 177.34,
    "salesGrowthYoY" : -2.52,
    "grossProfitMargin" : 66.92,
    "grossProfit" : 118.68,
    "operatingProfitMargin" : 10.59,
    "operatingProfit" : 18.78,
    "netProfitMargin" : 13.31,
    "netProfit" : 23.60
  }, {
    "date" : "2008-02-29",
    "sales" : 150.37,
    "salesGrowthYoY" : -8.36,
    "grossProfitMargin" : 67.05,
    "grossProfit" : 100.82,
    "operatingProfitMargin" : 23.16,
    "operatingProfit" : 34.83,
    "netProfitMargin" : 24.54,
    "netProfit" : 36.90
  }, {
    "date" : "2008-05-31",
    "sales" : 163.44,
    "salesGrowthYoY" : -0.75,
    "grossProfitMargin" : 65.63,
    "grossProfit" : 107.27,
    "operatingProfitMargin" : 22.58,
    "operatingProfit" : 36.90,
    "netProfitMargin" : 23.45,
    "netProfit" : 38.33
  }, {
    "date" : "2008-08-31",
    "sales" : 190.69,
    "salesGrowthYoY" : 8.56,
    "grossProfitMargin" : 64.47,
    "grossProfit" : 122.94,
    "operatingProfitMargin" : 22.28,
    "operatingProfit" : 42.49,
    "netProfitMargin" : 20.19,
    "netProfit" : 38.50
  }, {
    "date" : "2008-11-30",
    "sales" : 184.84,
    "salesGrowthYoY" : 4.23,
    "grossProfitMargin" : 65.31,
    "grossProfit" : 120.72,
    "operatingProfitMargin" : 14.49,
    "operatingProfit" : 26.78,
    "netProfitMargin" : 16.65,
    "netProfit" : 30.78
  }, {
    "date" : "2009-02-28",
    "sales" : 190.24,
    "salesGrowthYoY" : 26.51,
    "grossProfitMargin" : 63.44,
    "grossProfit" : 120.69,
    "operatingProfitMargin" : 22.94,
    "operatingProfit" : 43.64,
    "netProfitMargin" : 20.51,
    "netProfit" : 39.02
  }, {
    "date" : "2009-05-31",
    "sales" : 192.65,
    "salesGrowthYoY" : 17.87,
    "grossProfitMargin" : 59.93,
    "grossProfit" : 115.46,
    "operatingProfitMargin" : 17.10,
    "operatingProfit" : 32.94,
    "netProfitMargin" : 17.73,
    "netProfit" : 34.16
  }, {
    "date" : "2009-08-31",
    "sales" : 210.07,
    "salesGrowthYoY" : 10.16,
    "grossProfitMargin" : 63.90,
    "grossProfit" : 134.23,
    "operatingProfitMargin" : 24.33,
    "operatingProfit" : 51.11,
    "netProfitMargin" : 20.23,
    "netProfit" : 42.50
  }, {
    "date" : "2009-11-30",
    "sales" : 203.01,
    "salesGrowthYoY" : 9.83,
    "grossProfitMargin" : 69.06,
    "grossProfit" : 140.20,
    "operatingProfitMargin" : 14.99,
    "operatingProfit" : 30.43,
    "netProfitMargin" : 13.95,
    "netProfit" : 28.32
  }, {
    "date" : "2010-02-28",
    "sales" : 208.87,
    "salesGrowthYoY" : 9.79,
    "grossProfitMargin" : 62.74,
    "grossProfit" : 131.05,
    "operatingProfitMargin" : 24.77,
    "operatingProfit" : 51.74,
    "netProfitMargin" : 20.32,
    "netProfit" : 42.44
  }, {
    "date" : "2010-05-31",
    "sales" : 224.78,
    "salesGrowthYoY" : 16.68,
    "grossProfitMargin" : 67.00,
    "grossProfit" : 150.60,
    "operatingProfitMargin" : 16.11,
    "operatingProfit" : 36.21,
    "netProfitMargin" : 15.78,
    "netProfit" : 35.47
  }, {
    "date" : "2010-08-31",
    "sales" : 238.03,
    "salesGrowthYoY" : 13.31,
    "grossProfitMargin" : 70.48,
    "grossProfit" : 167.76,
    "operatingProfitMargin" : 21.98,
    "operatingProfit" : 52.32,
    "netProfitMargin" : 18.25,
    "netProfit" : 43.44
  }, {
    "date" : "2010-11-30",
    "sales" : 262.30,
    "salesGrowthYoY" : 29.21,
    "grossProfitMargin" : 67.35,
    "grossProfit" : 176.66,
    "operatingProfitMargin" : 18.42,
    "operatingProfit" : 48.32,
    "netProfitMargin" : 16.69,
    "netProfit" : 43.78
  }, {
    "date" : "2011-06-30",
    "sales" : 260.91,
    "salesGrowthYoY" : 24.92,
    "grossProfitMargin" : 67.38,
    "grossProfit" : 175.80,
    "operatingProfitMargin" : 16.14,
    "operatingProfit" : 42.11,
    "netProfitMargin" : 15.81,
    "netProfit" : 41.25
  }, {
    "date" : "2011-09-30",
    "sales" : 289.52,
    "salesGrowthYoY" : 28.80,
    "grossProfitMargin" : 65.31,
    "grossProfit" : 189.09,
    "operatingProfitMargin" : 17.87,
    "operatingProfit" : 51.74,
    "netProfitMargin" : 16.23,
    "netProfit" : 46.99
  }, {
    "date" : "2011-12-31",
    "sales" : 270.19,
    "salesGrowthYoY" : 13.51,
    "grossProfitMargin" : 69.51,
    "grossProfit" : 187.81,
    "operatingProfitMargin" : 19.25,
    "operatingProfit" : 52.01,
    "netProfitMargin" : 17.96,
    "netProfit" : 48.53
  }, {
    "date" : "2012-03-31",
    "sales" : 272.64,
    "salesGrowthYoY" : 3.94,
    "grossProfitMargin" : 66.56,
    "grossProfit" : 181.47,
    "operatingProfitMargin" : 18.60,
    "operatingProfit" : 50.71,
    "netProfitMargin" : 17.64,
    "netProfit" : 48.09
  }, {
    "date" : "2012-06-30",
    "sales" : 242.64,
    "salesGrowthYoY" : -7.00,
    "grossProfitMargin" : 70.25,
    "grossProfit" : 170.45,
    "operatingProfitMargin" : 13.11,
    "operatingProfit" : 31.81,
    "netProfitMargin" : 17.03,
    "netProfit" : 41.32
  }, {
    "date" : "2012-09-30",
    "sales" : 268.44,
    "salesGrowthYoY" : -7.28,
    "grossProfitMargin" : 66.64,
    "grossProfit" : 178.89,
    "operatingProfitMargin" : 21.44,
    "operatingProfit" : 57.55,
    "netProfitMargin" : 19.48,
    "netProfit" : 52.29
  }, {
    "date" : "2012-12-31",
    "sales" : 256.35,
    "salesGrowthYoY" : -5.12,
    "grossProfitMargin" : 69.71,
    "grossProfit" : 178.70,
    "operatingProfitMargin" : 15.55,
    "operatingProfit" : 39.86,
    "netProfitMargin" : 16.70,
    "netProfit" : 42.81
  }, {
    "date" : "2013-03-31",
    "sales" : 281.41,
    "salesGrowthYoY" : 3.22,
    "grossProfitMargin" : 66.71,
    "grossProfit" : 187.73,
    "operatingProfitMargin" : 19.49,
    "operatingProfit" : 54.85,
    "netProfitMargin" : 20.67,
    "netProfit" : 58.17
  }, {
    "date" : "2013-06-30",
    "sales" : 266.16,
    "salesGrowthYoY" : 9.69,
    "grossProfitMargin" : 67.37,
    "grossProfit" : 179.31,
    "operatingProfitMargin" : 16.80,
    "operatingProfit" : 44.71,
    "netProfitMargin" : 17.90,
    "netProfit" : 47.64
  }, {
    "date" : "2013-09-30",
    "sales" : 298.97,
    "salesGrowthYoY" : 11.37,
    "grossProfitMargin" : 65.91,
    "grossProfit" : 197.05,
    "operatingProfitMargin" : 24.92,
    "operatingProfit" : 74.50,
    "netProfitMargin" : 23.28,
    "netProfit" : 69.60
  }, {
    "date" : "2013-12-31",
    "sales" : 272.19,
    "salesGrowthYoY" : 6.18,
    "grossProfitMargin" : 64.16,
    "grossProfit" : 174.64,
    "operatingProfitMargin" : 17.05,
    "operatingProfit" : 46.41,
    "netProfitMargin" : 17.49,
    "netProfit" : 47.61
  }, {
    "date" : "2014-03-31",
    "sales" : 274.48,
    "salesGrowthYoY" : -2.46,
    "grossProfitMargin" : 67.73,
    "grossProfit" : 185.91,
    "operatingProfitMargin" : 26.56,
    "operatingProfit" : 72.90,
    "netProfitMargin" : 20.41,
    "netProfit" : 56.02
  }, {
    "date" : "2014-06-30",
    "sales" : 435.49,
    "salesGrowthYoY" : 63.62,
    "grossProfitMargin" : 60.11,
    "grossProfit" : 261.77,
    "operatingProfitMargin" : 22.95,
    "operatingProfit" : 99.94,
    "netProfitMargin" : 8.62,
    "netProfit" : 37.54
  }, {
    "date" : "2014-09-30",
    "sales" : 480.54,
    "salesGrowthYoY" : 60.73,
    "grossProfitMargin" : 58.36,
    "grossProfit" : 280.44,
    "operatingProfitMargin" : 20.25,
    "operatingProfit" : 97.31,
    "netProfitMargin" : 15.74,
    "netProfit" : 75.64
  }, {
    "date" : "2014-12-31",
    "sales" : 474.18,
    "salesGrowthYoY" : 74.21,
    "grossProfitMargin" : 59.09,
    "grossProfit" : 280.19,
    "operatingProfitMargin" : 12.85,
    "operatingProfit" : 60.93,
    "netProfitMargin" : 4.29,
    "netProfit" : 20.34
  }, {
    "date" : "2015-03-31",
    "sales" : 463.10,
    "salesGrowthYoY" : 68.72,
    "grossProfitMargin" : 62.84,
    "grossProfit" : 291.01,
    "operatingProfitMargin" : 26.94,
    "operatingProfit" : 124.76,
    "netProfitMargin" : 9.22,
    "netProfit" : 42.70
  }, {
    "date" : "2015-06-30",
    "sales" : 483.17,
    "salesGrowthYoY" : 10.95,
    "grossProfitMargin" : 60.26,
    "grossProfit" : 291.16,
    "operatingProfitMargin" : 23.43,
    "operatingProfit" : 113.21,
    "netProfitMargin" : 15.56,
    "netProfit" : 75.18
  }, {
    "date" : "2015-09-30",
    "sales" : 511.10,
    "salesGrowthYoY" : 6.36,
    "grossProfitMargin" : 61.44,
    "grossProfit" : 314.02,
    "operatingProfitMargin" : 22.59,
    "operatingProfit" : 115.46,
    "netProfitMargin" : 14.27,
    "netProfit" : 72.93
  }, {
    "date" : "2015-12-31",
    "sales" : 505.60,
    "salesGrowthYoY" : 6.63,
    "grossProfitMargin" : 59.33,
    "grossProfit" : 299.97,
    "operatingProfitMargin" : 11.04,
    "operatingProfit" : 55.82,
    "netProfitMargin" : 11.82,
    "netProfit" : 59.76
  }, {
    "date" : "2016-03-31",
    "sales" : 512.47,
    "salesGrowthYoY" : 10.66,
    "grossProfitMargin" : 62.47,
    "grossProfit" : 320.14,
    "operatingProfitMargin" : 23.96,
    "operatingProfit" : 122.79,
    "netProfitMargin" : 17.02,
    "netProfit" : 87.22
  }, {
    "date" : "2016-06-30",
    "sales" : 501.23,
    "salesGrowthYoY" : 3.74,
    "grossProfitMargin" : 60.89,
    "grossProfit" : 305.20,
    "operatingProfitMargin" : 20.17,
    "operatingProfit" : 101.10,
    "netProfitMargin" : 14.91,
    "netProfit" : 74.73
  }, {
    "date" : "2016-09-30",
    "sales" : 535.60,
    "salesGrowthYoY" : 4.79,
    "grossProfitMargin" : 56.09,
    "grossProfit" : 300.42,
    "operatingProfitMargin" : 17.03,
    "operatingProfit" : 91.21,
    "netProfitMargin" : 4.27,
    "netProfit" : 22.87
  }, {
    "date" : "2016-12-31",
    "sales" : 491.38,
    "salesGrowthYoY" : -2.81,
    "grossProfitMargin" : 58.54,
    "grossProfit" : 287.65,
    "operatingProfitMargin" : 12.65,
    "operatingProfit" : 62.16,
    "netProfitMargin" : 10.41,
    "netProfit" : 51.15
  }, {
    "date" : "2017-03-31",
    "sales" : 438.06,
    "salesGrowthYoY" : -14.52,
    "grossProfitMargin" : 63.12,
    "grossProfit" : 276.50,
    "operatingProfitMargin" : 21.61,
    "operatingProfit" : 94.66,
    "netProfitMargin" : 15.53,
    "netProfit" : 68.03
  }, {
    "date" : "2017-06-30",
    "sales" : 420.91,
    "salesGrowthYoY" : -16.02,
    "grossProfitMargin" : 66.08,
    "grossProfit" : 278.14,
    "operatingProfitMargin" : 18.21,
    "operatingProfit" : 76.65,
    "netProfitMargin" : 13.58,
    "netProfit" : 57.16
  }, {
    "date" : "2017-09-30",
    "sales" : 571.11,
    "salesGrowthYoY" : 6.63,
    "grossProfitMargin" : 58.08,
    "grossProfit" : 331.70,
    "operatingProfitMargin" : 29.28,
    "operatingProfit" : 167.22,
    "netProfitMargin" : 19.46,
    "netProfit" : 111.14
  }, {
    "date" : "2017-12-31",
    "sales" : 456.54,
    "salesGrowthYoY" : -7.09,
    "grossProfitMargin" : 64.21,
    "grossProfit" : 293.14,
    "operatingProfitMargin" : 25.83,
    "operatingProfit" : 117.92,
    "netProfitMargin" : 19.11,
    "netProfit" : 87.24
  }, {
    "date" : "2018-03-31",
    "sales" : 519.95,
    "salesGrowthYoY" : 18.69,
    "grossProfitMargin" : 62.67,
    "grossProfit" : 325.85,
    "operatingProfitMargin" : 26.63,
    "operatingProfit" : 138.46,
    "netProfitMargin" : 20.10,
    "netProfit" : 104.51
  }, {
    "date" : "2018-06-30",
    "sales" : 512.31,
    "salesGrowthYoY" : 21.71,
    "grossProfitMargin" : 64.00,
    "grossProfit" : 327.88,
    "operatingProfitMargin" : 25.40,
    "operatingProfit" : 130.13,
    "netProfitMargin" : 17.93,
    "netProfit" : 91.86
  }, {
    "date" : "2018-09-30",
    "sales" : 519.74,
    "salesGrowthYoY" : -8.99,
    "grossProfitMargin" : 60.96,
    "grossProfit" : 316.83,
    "operatingProfitMargin" : 24.97,
    "operatingProfit" : 129.78,
    "netProfitMargin" : 18.43,
    "netProfit" : 95.79
  }, {
    "date" : "2018-12-31",
    "sales" : 513.79,
    "salesGrowthYoY" : 12.54,
    "grossProfitMargin" : 65.59,
    "grossProfit" : 336.99,
    "operatingProfitMargin" : 30.04,
    "operatingProfit" : 154.34,
    "netProfitMargin" : 25.68,
    "netProfit" : 131.94
  }, {
    "date" : "2019-03-31",
    "sales" : 535.66,
    "salesGrowthYoY" : 3.02,
    "grossProfitMargin" : 65.69,
    "grossProfit" : 351.88,
    "operatingProfitMargin" : 28.19,
    "operatingProfit" : 151.00,
    "netProfitMargin" : 20.44,
    "netProfit" : 109.49
  }, {
    "date" : "2019-06-30",
    "sales" : 544.40,
    "salesGrowthYoY" : 6.26,
    "grossProfitMargin" : 64.91,
    "grossProfit" : 353.37,
    "operatingProfitMargin" : 30.53,
    "operatingProfit" : 166.21,
    "netProfitMargin" : 20.72,
    "netProfit" : 112.80
  }, {
    "date" : "2019-09-30",
    "sales" : 567.06,
    "salesGrowthYoY" : 9.10,
    "grossProfitMargin" : 63.07,
    "grossProfit" : 357.64,
    "operatingProfitMargin" : 28.95,
    "operatingProfit" : 164.16,
    "netProfitMargin" : 27.20,
    "netProfit" : 154.24
  }, {
    "date" : "2019-12-31",
    "sales" : 538.18,
    "salesGrowthYoY" : 4.75,
    "grossProfitMargin" : 62.69,
    "grossProfit" : 337.39,
    "operatingProfitMargin" : 24.79,
    "operatingProfit" : 133.41,
    "netProfitMargin" : 25.84,
    "netProfit" : 139.07
  }, {
    "date" : "2020-03-31",
    "sales" : 502.01,
    "salesGrowthYoY" : -6.28,
    "grossProfitMargin" : 61.92,
    "grossProfit" : 310.84,
    "operatingProfitMargin" : 21.65,
    "operatingProfit" : 108.69,
    "netProfitMargin" : 20.52,
    "netProfit" : 103.01
  }, {
    "date" : "2020-06-30",
    "sales" : 514.89,
    "salesGrowthYoY" : -5.42,
    "grossProfitMargin" : 65.51,
    "grossProfit" : 337.30,
    "operatingProfitMargin" : 36.18,
    "operatingProfit" : 186.29,
    "netProfitMargin" : 24.17,
    "netProfit" : 124.45
  }, {
    "date" : "2020-09-30",
    "sales" : 595.41,
    "salesGrowthYoY" : 5.00,
    "grossProfitMargin" : 64.43,
    "grossProfit" : 383.62,
    "operatingProfitMargin" : 34.15,
    "operatingProfit" : 203.33,
    "netProfitMargin" : 22.06,
    "netProfit" : 131.35
  }, {
    "date" : "2020-12-31",
    "sales" : 593.49,
    "salesGrowthYoY" : 10.28,
    "grossProfitMargin" : 64.18,
    "grossProfit" : 380.90,
    "operatingProfitMargin" : 33.15,
    "operatingProfit" : 196.74,
    "netProfitMargin" : 23.80,
    "netProfit" : 141.25
  }, {
    "date" : "2021-03-31",
    "sales" : 534.76,
    "salesGrowthYoY" : 6.52,
    "grossProfitMargin" : 63.39,
    "grossProfit" : 338.98,
    "operatingProfitMargin" : 23.51,
    "operatingProfit" : 125.72,
    "netProfitMargin" : 18.80,
    "netProfit" : 100.53
  }, {
    "date" : "2021-06-30",
    "sales" : 749.17,
    "salesGrowthYoY" : 45.50,
    "grossProfitMargin" : 63.36,
    "grossProfit" : 474.67,
    "operatingProfitMargin" : 38.14,
    "operatingProfit" : 285.73,
    "netProfitMargin" : 26.68,
    "netProfit" : 199.88
  }, {
    "date" : "2021-09-30",
    "sales" : 636.26,
    "salesGrowthYoY" : 6.86,
    "grossProfitMargin" : 63.63,
    "grossProfit" : 404.85,
    "operatingProfitMargin" : 29.76,
    "operatingProfit" : 189.35,
    "netProfitMargin" : 22.47,
    "netProfit" : 142.97
  }, {
    "date" : "2021-12-31",
    "sales" : 675.90,
    "salesGrowthYoY" : 13.89,
    "grossProfitMargin" : 62.66,
    "grossProfit" : 423.52,
    "operatingProfitMargin" : 28.88,
    "operatingProfit" : 195.20,
    "netProfitMargin" : 21.29,
    "netProfit" : 143.90
  }, {
    "date" : "2022-03-31",
    "sales" : 549.66,
    "salesGrowthYoY" : 2.79,
    "grossProfitMargin" : 65.49,
    "grossProfit" : 359.97,
    "operatingProfitMargin" : 30.10,
    "operatingProfit" : 165.45,
    "netProfitMargin" : 22.89,
    "netProfit" : 125.82
  }, {
    "date" : "2022-06-30",
    "sales" : 592.90,
    "salesGrowthYoY" : -20.86,
    "grossProfitMargin" : 63.59,
    "grossProfit" : 377.03,
    "operatingProfitMargin" : 32.36,
    "operatingProfit" : 191.86,
    "netProfitMargin" : 24.06,
    "netProfit" : 142.65
  }, {
    "date" : "2022-09-30",
    "sales" : 637.47,
    "salesGrowthYoY" : 0.19,
    "grossProfitMargin" : 64.77,
    "grossProfit" : 412.89,
    "operatingProfitMargin" : 36.35,
    "operatingProfit" : 231.72,
    "netProfitMargin" : 26.82,
    "netProfit" : 170.97
  }, {
    "date" : "2022-12-31",
    "sales" : 621.75,
    "salesGrowthYoY" : -8.01,
    "grossProfitMargin" : 65.07,
    "grossProfit" : 404.57,
    "operatingProfitMargin" : 32.72,
    "operatingProfit" : 203.44,
    "netProfitMargin" : 24.23,
    "netProfit" : 150.65
  }, {
    "date" : "2023-03-31",
    "sales" : 572.64,
    "salesGrowthYoY" : 4.18,
    "grossProfitMargin" : 62.28,
    "grossProfit" : 356.64,
    "operatingProfitMargin" : 31.76,
    "operatingProfit" : 181.87,
    "netProfitMargin" : 24.68,
    "netProfit" : 141.33
  }, {
    "date" : "2023-06-30",
    "sales" : 531.36,
    "salesGrowthYoY" : -10.38,
    "grossProfitMargin" : 59.37,
    "grossProfit" : 315.47,
    "operatingProfitMargin" : 20.84,
    "operatingProfit" : 110.74,
    "netProfitMargin" : 17.60,
    "netProfit" : 93.52
  }, {
    "date" : "2023-09-30",
    "sales" : 575.21,
    "salesGrowthYoY" : -9.77,
    "grossProfitMargin" : 64.40,
    "grossProfit" : 370.44,
    "operatingProfitMargin" : 31.75,
    "operatingProfit" : 182.63,
    "netProfitMargin" : 25.90,
    "netProfit" : 148.98
  }, {
    "date" : "2023-12-31",
    "sales" : 539.97,
    "salesGrowthYoY" : -13.15,
    "grossProfitMargin" : 66.19,
    "grossProfit" : 357.41,
    "operatingProfitMargin" : 28.25,
    "operatingProfit" : 152.54,
    "netProfitMargin" : 22.98,
    "netProfit" : 124.09
  }, {
    "date" : "2024-03-31",
    "sales" : 546.63,
    "salesGrowthYoY" : -4.54,
    "grossProfitMargin" : 65.36,
    "grossProfit" : 357.28,
    "operatingProfitMargin" : 34.65,
    "operatingProfit" : 189.41,
    "netProfitMargin" : 32.72,
    "netProfit" : 178.86
  }, {
    "date" : "2024-06-30",
    "sales" : 562.86,
    "salesGrowthYoY" : 5.93,
    "grossProfitMargin" : 64.34,
    "grossProfit" : 362.14,
    "operatingProfitMargin" : 31.53,
    "operatingProfit" : 177.47,
    "netProfitMargin" : 26.78,
    "netProfit" : 150.73
  }, {
    "date" : "2024-09-30",
    "sales" : 588.59,
    "salesGrowthYoY" : 2.33,
    "grossProfitMargin" : 64.20,
    "grossProfit" : 377.87,
    "operatingProfitMargin" : 32.15,
    "operatingProfit" : 189.23,
    "netProfitMargin" : 26.90,
    "netProfit" : 158.33
  }, {
    "date" : "2024-12-31",
    "sales" : 537.99,
    "salesGrowthYoY" : -0.37,
    "grossProfitMargin" : 63.46,
    "grossProfit" : 341.41,
    "operatingProfitMargin" : 27.14,
    "operatingProfit" : 146.01,
    "netProfitMargin" : 23.72,
    "netProfit" : 127.61
  }, {
    "date" : "2025-03-31",
    "sales" : 591.91,
    "salesGrowthYoY" : 8.28,
    "grossProfitMargin" : 65.79,
    "grossProfit" : 389.42,
    "operatingProfitMargin" : 38.43,
    "operatingProfit" : 227.47,
    "netProfitMargin" : 33.51,
    "netProfit" : 198.35
  }, {
    "date" : "2025-06-30",
    "sales" : 603.05,
    "salesGrowthYoY" : 7.14,
    "grossProfitMargin" : 64.97,
    "grossProfit" : 391.80,
    "operatingProfitMargin" : 34.83,
    "operatingProfit" : 210.04,
    "netProfitMargin" : 31.80,
    "netProfit" : 191.77
  }, {
    "date" : "2025-09-30",
    "sales" : 642.34,
    "salesGrowthYoY" : 9.13,
    "grossProfitMargin" : 64.51,
    "grossProfit" : 414.37,
    "operatingProfitMargin" : 35.80,
    "operatingProfit" : 229.96,
    "netProfitMargin" : 29.43,
    "netProfit" : 189.04
  }, {
    "date" : "2025-12-31",
    "sales" : 645.03,
    "salesGrowthYoY" : 19.90,
    "grossProfitMargin" : 65.15,
    "grossProfit" : 420.24,
    "operatingProfitMargin" : 35.38,
    "operatingProfit" : 228.21,
    "netProfitMargin" : 28.29,
    "netProfit" : 182.48
  } ],
  "latestQuarterlyResult" : {
    "date" : "2025-12-31",
    "sales" : 645.03,
    "salesGrowthYoY" : 19.90,
    "grossProfitMargin" : 65.15,
    "grossProfit" : 420.24,
    "operatingProfitMargin" : 35.38,
    "operatingProfit" : 228.21,
    "netProfitMargin" : 28.29,
    "netProfit" : 182.48
  },
  "companyScore" : {
    "priceHigherThanDma50" : 5.00,
    "priceHigherThanDma100" : 0.00,
    "priceHigherThanDma200" : 0.00,
    "dma50HigherThanDma100" : 0.00,
    "dma50HigherThanDma200" : 0.00,
    "dma100HigherThanDma200" : 5.00,
    "pricePercentageAboveDma50" : 4.96,
    "pricePercentageAboveDma100" : 5.07,
    "pricePercentageAboveDma200" : 5.07,
    "weeklyVolumeHigherThanYearlyVolume" : 0.00,
    "salesGrowthPercentile" : 17.22,
    "operatingProfitMarginPercentile" : 18.80,
    "netProfitMarginPercentile" : 9.52,
    "totalTechnicalScore" : 25.10,
    "totalFundamentalScore" : 45.53,
    "totalScore" : 70.63
  }
}