{
  "metadata" : {
    "screenerCompanyId" : "2475",
    "companyCode" : "PICCADIL",
    "companyName" : "Piccadily Agro",
    "screenerCompanyLink" : "https://www.screener.in/company/PICCADIL/consolidated/",
    "screenerTechnicalHistoryLink" : "https://www.screener.in/api/company/2475/chart/?q=Price-DMA50-DMA200-Volume&days=365",
    "screenerQuarterlyResultsLink" : "https://www.screener.in/api/company/2475/chart/?q=GPM-OPM-NPM-Quarter+Sales&days=10000",
    "attributes" : {
      "companyCode" : "PICCADIL",
      "companyName" : "Piccadily Agro",
      "marketCap" : 5751.00,
      "peRatio" : 43.40,
      "description" : "Piccadily Agro Industries Ltd (PAIL), was incorporated in the year 1994 and started its commercial operations in 1997 as a sugar processing company. Later in 2007, PAIL has set up a distillery unit. At present the company is engaged in manufacturing sugar and distillery products at a manufacturing plant in Haryana. [1]"
    },
    "companyScore" : {
      "priceHigherThanDma50" : 0.00,
      "priceHigherThanDma100" : 0.00,
      "priceHigherThanDma200" : 0.00,
      "dma50HigherThanDma100" : 0.00,
      "dma50HigherThanDma200" : 0.00,
      "dma100HigherThanDma200" : 5.00,
      "pricePercentageAboveDma50" : 5.08,
      "pricePercentageAboveDma100" : 5.27,
      "pricePercentageAboveDma200" : 5.26,
      "weeklyVolumeHigherThanYearlyVolume" : 0.00,
      "salesGrowthPercentile" : 17.00,
      "operatingProfitMarginPercentile" : 19.29,
      "netProfitMarginPercentile" : 9.76,
      "totalTechnicalScore" : 20.62,
      "totalFundamentalScore" : 46.05,
      "totalScore" : 66.67
    }
  },
  "attributes" : {
    "companyCode" : "PICCADIL",
    "companyName" : "Piccadily Agro",
    "marketCap" : 5751.00,
    "peRatio" : 43.40,
    "description" : "Piccadily Agro Industries Ltd (PAIL), was incorporated in the year 1994 and started its commercial operations in 1997 as a sugar processing company. Later in 2007, PAIL has set up a distillery unit. At present the company is engaged in manufacturing sugar and distillery products at a manufacturing plant in Haryana. [1]"
  },
  "technicalHistory" : [ {
    "date" : "2025-02-14",
    "price" : 587.60,
    "dma50" : 778.59,
    "dma100" : null,
    "dma200" : 712.37,
    "volume" : 155762.00
  }, {
    "date" : "2025-02-17",
    "price" : 561.85,
    "dma50" : 770.09,
    "dma100" : null,
    "dma200" : 710.88,
    "volume" : 311908.00
  }, {
    "date" : "2025-02-18",
    "price" : 534.10,
    "dma50" : 760.83,
    "dma100" : null,
    "dma200" : 709.12,
    "volume" : 187213.00
  }, {
    "date" : "2025-02-19",
    "price" : 560.80,
    "dma50" : 752.99,
    "dma100" : null,
    "dma200" : 707.64,
    "volume" : 91931.00
  }, {
    "date" : "2025-02-20",
    "price" : 588.80,
    "dma50" : 746.55,
    "dma100" : null,
    "dma200" : 706.46,
    "volume" : 38834.00
  }, {
    "date" : "2025-02-21",
    "price" : 616.65,
    "dma50" : 741.46,
    "dma100" : null,
    "dma200" : 705.57,
    "volume" : 221446.00
  }, {
    "date" : "2025-02-24",
    "price" : 597.65,
    "dma50" : 735.82,
    "dma100" : null,
    "dma200" : 704.49,
    "volume" : 97424.00
  }, {
    "date" : "2025-02-25",
    "price" : 611.85,
    "dma50" : 730.96,
    "dma100" : null,
    "dma200" : 703.57,
    "volume" : 153725.00
  }, {
    "date" : "2025-02-27",
    "price" : 583.20,
    "dma50" : 725.16,
    "dma100" : null,
    "dma200" : 702.37,
    "volume" : 88981.00
  }, {
    "date" : "2025-02-28",
    "price" : 612.35,
    "dma50" : 720.74,
    "dma100" : null,
    "dma200" : 701.48,
    "volume" : 205436.00
  }, {
    "date" : "2025-03-03",
    "price" : 614.50,
    "dma50" : 716.57,
    "dma100" : null,
    "dma200" : 700.61,
    "volume" : 110055.00
  }, {
    "date" : "2025-03-04",
    "price" : 627.50,
    "dma50" : 713.08,
    "dma100" : null,
    "dma200" : 699.88,
    "volume" : 122930.00
  }, {
    "date" : "2025-03-05",
    "price" : 636.05,
    "dma50" : 710.06,
    "dma100" : null,
    "dma200" : 699.25,
    "volume" : 91193.00
  }, {
    "date" : "2025-03-06",
    "price" : 641.30,
    "dma50" : 707.36,
    "dma100" : null,
    "dma200" : 698.67,
    "volume" : 134369.00
  }, {
    "date" : "2025-03-07",
    "price" : 636.60,
    "dma50" : 704.59,
    "dma100" : null,
    "dma200" : 698.05,
    "volume" : 135767.00
  }, {
    "date" : "2025-03-10",
    "price" : 616.80,
    "dma50" : 701.14,
    "dma100" : null,
    "dma200" : 697.25,
    "volume" : 105079.00
  }, {
    "date" : "2025-03-11",
    "price" : 595.25,
    "dma50" : 696.99,
    "dma100" : null,
    "dma200" : 696.23,
    "volume" : 152523.00
  }, {
    "date" : "2025-03-12",
    "price" : 606.05,
    "dma50" : 693.42,
    "dma100" : null,
    "dma200" : 695.33,
    "volume" : 98018.00
  }, {
    "date" : "2025-03-13",
    "price" : 600.15,
    "dma50" : 689.77,
    "dma100" : null,
    "dma200" : 694.39,
    "volume" : 39942.00
  }, {
    "date" : "2025-03-17",
    "price" : 581.10,
    "dma50" : 685.51,
    "dma100" : null,
    "dma200" : 693.26,
    "volume" : 132492.00
  }, {
    "date" : "2025-03-18",
    "price" : 603.15,
    "dma50" : 682.28,
    "dma100" : null,
    "dma200" : 692.36,
    "volume" : 120325.00
  }, {
    "date" : "2025-03-19",
    "price" : 633.05,
    "dma50" : 680.35,
    "dma100" : null,
    "dma200" : 691.77,
    "volume" : 129905.00
  }, {
    "date" : "2025-03-20",
    "price" : 632.45,
    "dma50" : 678.47,
    "dma100" : null,
    "dma200" : 691.18,
    "volume" : 116307.00
  }, {
    "date" : "2025-03-21",
    "price" : 635.00,
    "dma50" : 676.76,
    "dma100" : null,
    "dma200" : 690.62,
    "volume" : 74043.00
  }, {
    "date" : "2025-03-24",
    "price" : 642.50,
    "dma50" : 675.42,
    "dma100" : null,
    "dma200" : 690.14,
    "volume" : 95976.00
  }, {
    "date" : "2025-03-25",
    "price" : 632.75,
    "dma50" : 673.75,
    "dma100" : null,
    "dma200" : 689.57,
    "volume" : 73800.00
  }, {
    "date" : "2025-03-26",
    "price" : 601.15,
    "dma50" : 670.90,
    "dma100" : null,
    "dma200" : 688.69,
    "volume" : 102804.00
  }, {
    "date" : "2025-03-27",
    "price" : 574.45,
    "dma50" : 667.12,
    "dma100" : null,
    "dma200" : 687.56,
    "volume" : 215183.00
  }, {
    "date" : "2025-03-28",
    "price" : 564.85,
    "dma50" : 663.11,
    "dma100" : null,
    "dma200" : 686.34,
    "volume" : 170061.00
  }, {
    "date" : "2025-04-01",
    "price" : 577.55,
    "dma50" : 659.75,
    "dma100" : null,
    "dma200" : 685.25,
    "volume" : 95998.00
  }, {
    "date" : "2025-04-02",
    "price" : 581.95,
    "dma50" : 656.70,
    "dma100" : null,
    "dma200" : 684.23,
    "volume" : 88810.00
  }, {
    "date" : "2025-04-03",
    "price" : 586.65,
    "dma50" : 653.95,
    "dma100" : null,
    "dma200" : 683.25,
    "volume" : 65006.00
  }, {
    "date" : "2025-04-04",
    "price" : 566.70,
    "dma50" : 650.53,
    "dma100" : null,
    "dma200" : 682.09,
    "volume" : 73858.00
  }, {
    "date" : "2025-04-07",
    "price" : 533.15,
    "dma50" : 645.93,
    "dma100" : null,
    "dma200" : 680.61,
    "volume" : 135350.00
  }, {
    "date" : "2025-04-08",
    "price" : 570.30,
    "dma50" : 642.96,
    "dma100" : null,
    "dma200" : 679.52,
    "volume" : 57005.00
  }, {
    "date" : "2025-04-09",
    "price" : 555.45,
    "dma50" : 639.53,
    "dma100" : null,
    "dma200" : 678.28,
    "volume" : 62293.00
  }, {
    "date" : "2025-04-11",
    "price" : 567.85,
    "dma50" : 636.72,
    "dma100" : null,
    "dma200" : 677.18,
    "volume" : 59396.00
  }, {
    "date" : "2025-04-15",
    "price" : 597.00,
    "dma50" : 635.16,
    "dma100" : null,
    "dma200" : 676.38,
    "volume" : 142599.00
  }, {
    "date" : "2025-04-16",
    "price" : 599.00,
    "dma50" : 633.74,
    "dma100" : null,
    "dma200" : 675.61,
    "volume" : 62086.00
  }, {
    "date" : "2025-04-17",
    "price" : 590.05,
    "dma50" : 632.03,
    "dma100" : null,
    "dma200" : 674.76,
    "volume" : 73883.00
  }, {
    "date" : "2025-04-21",
    "price" : 591.40,
    "dma50" : 630.44,
    "dma100" : null,
    "dma200" : 673.93,
    "volume" : 84225.00
  }, {
    "date" : "2025-04-22",
    "price" : 608.20,
    "dma50" : 629.56,
    "dma100" : null,
    "dma200" : 673.28,
    "volume" : 155500.00
  }, {
    "date" : "2025-04-23",
    "price" : 604.75,
    "dma50" : 628.59,
    "dma100" : null,
    "dma200" : 672.60,
    "volume" : 78475.00
  }, {
    "date" : "2025-04-24",
    "price" : 592.40,
    "dma50" : 627.17,
    "dma100" : null,
    "dma200" : 671.80,
    "volume" : 49461.00
  }, {
    "date" : "2025-04-25",
    "price" : 562.90,
    "dma50" : 624.65,
    "dma100" : null,
    "dma200" : 670.72,
    "volume" : 147946.00
  }, {
    "date" : "2025-04-28",
    "price" : 554.30,
    "dma50" : 621.89,
    "dma100" : null,
    "dma200" : 669.56,
    "volume" : 68246.00
  }, {
    "date" : "2025-04-29",
    "price" : 555.30,
    "dma50" : 619.28,
    "dma100" : null,
    "dma200" : 668.42,
    "volume" : 65985.00
  }, {
    "date" : "2025-04-30",
    "price" : 528.00,
    "dma50" : 615.70,
    "dma100" : null,
    "dma200" : 667.02,
    "volume" : 115837.00
  }, {
    "date" : "2025-05-02",
    "price" : 532.05,
    "dma50" : 612.42,
    "dma100" : null,
    "dma200" : 665.68,
    "volume" : 66672.00
  }, {
    "date" : "2025-05-05",
    "price" : 553.40,
    "dma50" : 610.11,
    "dma100" : null,
    "dma200" : 664.56,
    "volume" : 65181.00
  }, {
    "date" : "2025-05-06",
    "price" : 542.90,
    "dma50" : 607.47,
    "dma100" : null,
    "dma200" : 663.35,
    "volume" : 111689.00
  }, {
    "date" : "2025-05-07",
    "price" : 527.20,
    "dma50" : 604.32,
    "dma100" : null,
    "dma200" : 662.00,
    "volume" : 120308.00
  }, {
    "date" : "2025-05-08",
    "price" : 518.55,
    "dma50" : 600.96,
    "dma100" : null,
    "dma200" : 660.57,
    "volume" : 51537.00
  }, {
    "date" : "2025-05-09",
    "price" : 493.10,
    "dma50" : 596.73,
    "dma100" : null,
    "dma200" : 658.90,
    "volume" : 184059.00
  }, {
    "date" : "2025-05-12",
    "price" : 542.40,
    "dma50" : 594.60,
    "dma100" : null,
    "dma200" : 657.74,
    "volume" : 136231.00
  }, {
    "date" : "2025-05-13",
    "price" : 566.65,
    "dma50" : 593.50,
    "dma100" : null,
    "dma200" : 656.84,
    "volume" : 130561.00
  }, {
    "date" : "2025-05-14",
    "price" : 559.55,
    "dma50" : 592.17,
    "dma100" : null,
    "dma200" : 655.87,
    "volume" : 107840.00
  }, {
    "date" : "2025-05-15",
    "price" : 580.15,
    "dma50" : 591.70,
    "dma100" : null,
    "dma200" : 655.12,
    "volume" : 136958.00
  }, {
    "date" : "2025-05-16",
    "price" : 622.10,
    "dma50" : 592.89,
    "dma100" : null,
    "dma200" : 654.79,
    "volume" : 222266.00
  }, {
    "date" : "2025-05-19",
    "price" : 636.65,
    "dma50" : 594.61,
    "dma100" : null,
    "dma200" : 654.61,
    "volume" : 151203.00
  }, {
    "date" : "2025-05-20",
    "price" : 602.30,
    "dma50" : 594.91,
    "dma100" : null,
    "dma200" : 654.09,
    "volume" : 220237.00
  }, {
    "date" : "2025-05-21",
    "price" : 563.85,
    "dma50" : 593.69,
    "dma100" : null,
    "dma200" : 653.19,
    "volume" : 596287.00
  }, {
    "date" : "2025-05-22",
    "price" : 557.30,
    "dma50" : 592.26,
    "dma100" : null,
    "dma200" : 652.24,
    "volume" : 186965.00
  }, {
    "date" : "2025-05-23",
    "price" : 559.30,
    "dma50" : 590.97,
    "dma100" : null,
    "dma200" : 651.31,
    "volume" : 117031.00
  }, {
    "date" : "2025-05-26",
    "price" : 557.85,
    "dma50" : 589.67,
    "dma100" : null,
    "dma200" : 650.38,
    "volume" : 110249.00
  }, {
    "date" : "2025-05-27",
    "price" : 560.25,
    "dma50" : 588.52,
    "dma100" : null,
    "dma200" : 649.48,
    "volume" : 123429.00
  }, {
    "date" : "2025-05-28",
    "price" : 557.85,
    "dma50" : 587.32,
    "dma100" : null,
    "dma200" : 648.57,
    "volume" : 76229.00
  }, {
    "date" : "2025-05-29",
    "price" : 574.65,
    "dma50" : 586.82,
    "dma100" : null,
    "dma200" : 647.84,
    "volume" : 151853.00
  }, {
    "date" : "2025-05-30",
    "price" : 580.80,
    "dma50" : 586.58,
    "dma100" : null,
    "dma200" : 647.17,
    "volume" : 137065.00
  }, {
    "date" : "2025-06-02",
    "price" : 571.75,
    "dma50" : 586.00,
    "dma100" : null,
    "dma200" : 646.42,
    "volume" : 78337.00
  }, {
    "date" : "2025-06-03",
    "price" : 565.25,
    "dma50" : 585.19,
    "dma100" : null,
    "dma200" : 645.61,
    "volume" : 78027.00
  }, {
    "date" : "2025-06-04",
    "price" : 575.75,
    "dma50" : 584.82,
    "dma100" : null,
    "dma200" : 644.92,
    "volume" : 82060.00
  }, {
    "date" : "2025-06-05",
    "price" : 590.45,
    "dma50" : 585.04,
    "dma100" : null,
    "dma200" : 644.37,
    "volume" : 131030.00
  }, {
    "date" : "2025-06-06",
    "price" : 605.90,
    "dma50" : 585.86,
    "dma100" : null,
    "dma200" : 643.99,
    "volume" : 171952.00
  }, {
    "date" : "2025-06-09",
    "price" : 612.00,
    "dma50" : 586.88,
    "dma100" : null,
    "dma200" : 643.67,
    "volume" : 94023.00
  }, {
    "date" : "2025-06-10",
    "price" : 597.30,
    "dma50" : 587.29,
    "dma100" : null,
    "dma200" : 643.21,
    "volume" : 80824.00
  }, {
    "date" : "2025-06-11",
    "price" : 592.05,
    "dma50" : 587.48,
    "dma100" : null,
    "dma200" : 642.70,
    "volume" : 64091.00
  }, {
    "date" : "2025-06-12",
    "price" : 593.70,
    "dma50" : 587.72,
    "dma100" : null,
    "dma200" : 642.22,
    "volume" : 108084.00
  }, {
    "date" : "2025-06-13",
    "price" : 580.75,
    "dma50" : 587.45,
    "dma100" : null,
    "dma200" : 641.60,
    "volume" : 65318.00
  }, {
    "date" : "2025-06-16",
    "price" : 575.75,
    "dma50" : 586.99,
    "dma100" : null,
    "dma200" : 640.95,
    "volume" : 62705.00
  }, {
    "date" : "2025-06-17",
    "price" : 565.20,
    "dma50" : 586.13,
    "dma100" : null,
    "dma200" : 640.19,
    "volume" : 53388.00
  }, {
    "date" : "2025-06-18",
    "price" : 572.90,
    "dma50" : 585.62,
    "dma100" : null,
    "dma200" : 639.52,
    "volume" : 45818.00
  }, {
    "date" : "2025-06-19",
    "price" : 563.00,
    "dma50" : 584.73,
    "dma100" : null,
    "dma200" : 638.76,
    "volume" : 45932.00
  }, {
    "date" : "2025-06-20",
    "price" : 565.30,
    "dma50" : 583.97,
    "dma100" : null,
    "dma200" : 638.03,
    "volume" : 43006.00
  }, {
    "date" : "2025-06-23",
    "price" : 563.30,
    "dma50" : 583.16,
    "dma100" : null,
    "dma200" : 637.29,
    "volume" : 33518.00
  }, {
    "date" : "2025-06-24",
    "price" : 572.65,
    "dma50" : 582.74,
    "dma100" : null,
    "dma200" : 636.65,
    "volume" : 39808.00
  }, {
    "date" : "2025-06-25",
    "price" : 575.20,
    "dma50" : 582.45,
    "dma100" : null,
    "dma200" : 636.03,
    "volume" : 47707.00
  }, {
    "date" : "2025-06-26",
    "price" : 572.65,
    "dma50" : 582.06,
    "dma100" : null,
    "dma200" : 635.40,
    "volume" : 27515.00
  }, {
    "date" : "2025-06-27",
    "price" : 572.45,
    "dma50" : 581.69,
    "dma100" : null,
    "dma200" : 634.78,
    "volume" : 38835.00
  }, {
    "date" : "2025-06-30",
    "price" : 572.20,
    "dma50" : 581.32,
    "dma100" : null,
    "dma200" : 634.15,
    "volume" : 44098.00
  }, {
    "date" : "2025-07-01",
    "price" : 621.70,
    "dma50" : 582.90,
    "dma100" : null,
    "dma200" : 634.03,
    "volume" : 632647.00
  }, {
    "date" : "2025-07-02",
    "price" : 603.45,
    "dma50" : 583.70,
    "dma100" : null,
    "dma200" : 633.73,
    "volume" : 231540.00
  }, {
    "date" : "2025-07-03",
    "price" : 595.45,
    "dma50" : 584.17,
    "dma100" : null,
    "dma200" : 633.35,
    "volume" : 92153.00
  }, {
    "date" : "2025-07-04",
    "price" : 600.05,
    "dma50" : 584.79,
    "dma100" : null,
    "dma200" : 633.01,
    "volume" : 116834.00
  }, {
    "date" : "2025-07-07",
    "price" : 605.20,
    "dma50" : 585.59,
    "dma100" : null,
    "dma200" : 632.74,
    "volume" : 102495.00
  }, {
    "date" : "2025-07-08",
    "price" : 593.85,
    "dma50" : 585.91,
    "dma100" : null,
    "dma200" : 632.35,
    "volume" : 84276.00
  }, {
    "date" : "2025-07-09",
    "price" : 587.10,
    "dma50" : 585.96,
    "dma100" : null,
    "dma200" : 631.90,
    "volume" : 62898.00
  }, {
    "date" : "2025-07-10",
    "price" : 595.55,
    "dma50" : 586.34,
    "dma100" : null,
    "dma200" : 631.54,
    "volume" : 76107.00
  }, {
    "date" : "2025-07-11",
    "price" : 590.45,
    "dma50" : 586.50,
    "dma100" : null,
    "dma200" : 631.13,
    "volume" : 69129.00
  }, {
    "date" : "2025-07-14",
    "price" : 577.45,
    "dma50" : 586.14,
    "dma100" : null,
    "dma200" : 630.60,
    "volume" : 96422.00
  }, {
    "date" : "2025-07-15",
    "price" : 582.55,
    "dma50" : 586.00,
    "dma100" : 583.62,
    "dma200" : 630.12,
    "volume" : 68824.00
  }, {
    "date" : "2025-07-16",
    "price" : 581.05,
    "dma50" : 585.81,
    "dma100" : 583.81,
    "dma200" : 629.63,
    "volume" : 61867.00
  }, {
    "date" : "2025-07-17",
    "price" : 597.90,
    "dma50" : 586.28,
    "dma100" : 584.45,
    "dma200" : 629.31,
    "volume" : 243596.00
  }, {
    "date" : "2025-07-18",
    "price" : 601.95,
    "dma50" : 586.90,
    "dma100" : 584.86,
    "dma200" : 629.04,
    "volume" : 126395.00
  }, {
    "date" : "2025-07-21",
    "price" : 590.35,
    "dma50" : 587.03,
    "dma100" : 584.88,
    "dma200" : 628.66,
    "volume" : 252961.00
  }, {
    "date" : "2025-07-22",
    "price" : 601.55,
    "dma50" : 587.60,
    "dma100" : 584.73,
    "dma200" : 628.39,
    "volume" : 113289.00
  }, {
    "date" : "2025-07-23",
    "price" : 607.25,
    "dma50" : 588.37,
    "dma100" : 584.82,
    "dma200" : 628.18,
    "volume" : 79658.00
  }, {
    "date" : "2025-07-24",
    "price" : 617.90,
    "dma50" : 589.53,
    "dma100" : 584.88,
    "dma200" : 628.07,
    "volume" : 331828.00
  }, {
    "date" : "2025-07-25",
    "price" : 608.20,
    "dma50" : 590.26,
    "dma100" : 585.13,
    "dma200" : 627.88,
    "volume" : 178707.00
  }, {
    "date" : "2025-07-28",
    "price" : 595.40,
    "dma50" : 590.46,
    "dma100" : 584.96,
    "dma200" : 627.55,
    "volume" : 176358.00
  }, {
    "date" : "2025-07-29",
    "price" : 610.30,
    "dma50" : 591.24,
    "dma100" : 584.92,
    "dma200" : 627.38,
    "volume" : 114525.00
  }, {
    "date" : "2025-07-30",
    "price" : 620.40,
    "dma50" : 592.38,
    "dma100" : 584.85,
    "dma200" : 627.31,
    "volume" : 134863.00
  }, {
    "date" : "2025-07-31",
    "price" : 617.55,
    "dma50" : 593.37,
    "dma100" : 584.66,
    "dma200" : 627.21,
    "volume" : 269372.00
  }, {
    "date" : "2025-08-01",
    "price" : 631.50,
    "dma50" : 594.87,
    "dma100" : 584.57,
    "dma200" : 627.26,
    "volume" : 190474.00
  }, {
    "date" : "2025-08-04",
    "price" : 673.90,
    "dma50" : 597.97,
    "dma100" : 584.94,
    "dma200" : 627.72,
    "volume" : 773416.00
  }, {
    "date" : "2025-08-05",
    "price" : 659.35,
    "dma50" : 600.37,
    "dma100" : 585.37,
    "dma200" : 628.04,
    "volume" : 322662.00
  }, {
    "date" : "2025-08-06",
    "price" : 641.15,
    "dma50" : 601.97,
    "dma100" : 585.82,
    "dma200" : 628.17,
    "volume" : 169083.00
  }, {
    "date" : "2025-08-07",
    "price" : 640.35,
    "dma50" : 603.48,
    "dma100" : 586.17,
    "dma200" : 628.29,
    "volume" : 132286.00
  }, {
    "date" : "2025-08-08",
    "price" : 633.95,
    "dma50" : 604.67,
    "dma100" : 586.51,
    "dma200" : 628.34,
    "volume" : 109226.00
  }, {
    "date" : "2025-08-11",
    "price" : 635.80,
    "dma50" : 605.89,
    "dma100" : 587.05,
    "dma200" : 628.42,
    "volume" : 166593.00
  }, {
    "date" : "2025-08-12",
    "price" : 601.80,
    "dma50" : 605.73,
    "dma100" : 587.04,
    "dma200" : 628.15,
    "volume" : 414763.00
  }, {
    "date" : "2025-08-13",
    "price" : 627.60,
    "dma50" : 606.59,
    "dma100" : 586.98,
    "dma200" : 628.15,
    "volume" : 292653.00
  }, {
    "date" : "2025-08-14",
    "price" : 621.55,
    "dma50" : 607.18,
    "dma100" : 586.88,
    "dma200" : 628.08,
    "volume" : 70885.00
  }, {
    "date" : "2025-08-18",
    "price" : 604.80,
    "dma50" : 607.08,
    "dma100" : 586.57,
    "dma200" : 627.85,
    "volume" : 133098.00
  }, {
    "date" : "2025-08-19",
    "price" : 607.45,
    "dma50" : 607.10,
    "dma100" : 586.22,
    "dma200" : 627.65,
    "volume" : 84884.00
  }, {
    "date" : "2025-08-20",
    "price" : 603.20,
    "dma50" : 606.94,
    "dma100" : 585.93,
    "dma200" : 627.40,
    "volume" : 107233.00
  }, {
    "date" : "2025-08-21",
    "price" : 599.30,
    "dma50" : 606.65,
    "dma100" : 585.91,
    "dma200" : 627.12,
    "volume" : 104845.00
  }, {
    "date" : "2025-08-22",
    "price" : 596.15,
    "dma50" : 606.23,
    "dma100" : 586.13,
    "dma200" : 626.82,
    "volume" : 68585.00
  }, {
    "date" : "2025-08-25",
    "price" : 598.40,
    "dma50" : 605.93,
    "dma100" : 586.46,
    "dma200" : 626.53,
    "volume" : 105838.00
  }, {
    "date" : "2025-08-26",
    "price" : 595.80,
    "dma50" : 605.53,
    "dma100" : 586.64,
    "dma200" : 626.23,
    "volume" : 101634.00
  }, {
    "date" : "2025-08-28",
    "price" : 585.05,
    "dma50" : 604.73,
    "dma100" : 586.67,
    "dma200" : 625.82,
    "volume" : 85104.00
  }, {
    "date" : "2025-08-29",
    "price" : 583.20,
    "dma50" : 603.88,
    "dma100" : 586.64,
    "dma200" : 625.39,
    "volume" : 60482.00
  }, {
    "date" : "2025-09-01",
    "price" : 592.35,
    "dma50" : 603.43,
    "dma100" : 586.90,
    "dma200" : 625.07,
    "volume" : 84474.00
  }, {
    "date" : "2025-09-02",
    "price" : 602.95,
    "dma50" : 603.41,
    "dma100" : 587.59,
    "dma200" : 624.85,
    "volume" : 104756.00
  }, {
    "date" : "2025-09-03",
    "price" : 609.55,
    "dma50" : 603.65,
    "dma100" : 587.99,
    "dma200" : 624.69,
    "volume" : 223749.00
  }, {
    "date" : "2025-09-04",
    "price" : 599.70,
    "dma50" : 603.50,
    "dma100" : 588.43,
    "dma200" : 624.44,
    "volume" : 78859.00
  }, {
    "date" : "2025-09-05",
    "price" : 601.10,
    "dma50" : 603.40,
    "dma100" : 588.76,
    "dma200" : 624.21,
    "volume" : 55766.00
  }, {
    "date" : "2025-09-08",
    "price" : 593.70,
    "dma50" : 603.02,
    "dma100" : 588.73,
    "dma200" : 623.91,
    "volume" : 62179.00
  }, {
    "date" : "2025-09-09",
    "price" : 601.45,
    "dma50" : 602.96,
    "dma100" : 588.75,
    "dma200" : 623.69,
    "volume" : 89190.00
  }, {
    "date" : "2025-09-10",
    "price" : 637.30,
    "dma50" : 604.31,
    "dma100" : 589.23,
    "dma200" : 623.82,
    "volume" : 716152.00
  }, {
    "date" : "2025-09-11",
    "price" : 724.40,
    "dma50" : 609.02,
    "dma100" : 590.56,
    "dma200" : 624.82,
    "volume" : 4599214.00
  }, {
    "date" : "2025-09-12",
    "price" : 712.65,
    "dma50" : 613.08,
    "dma100" : 591.60,
    "dma200" : 625.70,
    "volume" : 721166.00
  }, {
    "date" : "2025-09-15",
    "price" : 710.85,
    "dma50" : 616.91,
    "dma100" : 592.66,
    "dma200" : 626.54,
    "volume" : 318976.00
  }, {
    "date" : "2025-09-16",
    "price" : 715.15,
    "dma50" : 620.77,
    "dma100" : 593.89,
    "dma200" : 627.42,
    "volume" : 200920.00
  }, {
    "date" : "2025-09-17",
    "price" : 715.30,
    "dma50" : 624.47,
    "dma100" : 595.41,
    "dma200" : 628.30,
    "volume" : 182532.00
  }, {
    "date" : "2025-09-18",
    "price" : 719.85,
    "dma50" : 628.21,
    "dma100" : 597.07,
    "dma200" : 629.21,
    "volume" : 124757.00
  }, {
    "date" : "2025-09-19",
    "price" : 723.05,
    "dma50" : 631.93,
    "dma100" : 598.75,
    "dma200" : 630.14,
    "volume" : 214905.00
  }, {
    "date" : "2025-09-22",
    "price" : 758.55,
    "dma50" : 636.90,
    "dma100" : 601.05,
    "dma200" : 631.42,
    "volume" : 995175.00
  }, {
    "date" : "2025-09-23",
    "price" : 741.10,
    "dma50" : 640.99,
    "dma100" : 603.14,
    "dma200" : 632.51,
    "volume" : 189133.00
  }, {
    "date" : "2025-09-24",
    "price" : 713.05,
    "dma50" : 643.81,
    "dma100" : 604.74,
    "dma200" : 633.31,
    "volume" : 146383.00
  }, {
    "date" : "2025-09-25",
    "price" : 702.90,
    "dma50" : 646.13,
    "dma100" : 606.34,
    "dma200" : 634.01,
    "volume" : 102853.00
  }, {
    "date" : "2025-09-26",
    "price" : 670.95,
    "dma50" : 647.10,
    "dma100" : 607.78,
    "dma200" : 634.37,
    "volume" : 185754.00
  }, {
    "date" : "2025-09-29",
    "price" : 678.80,
    "dma50" : 648.35,
    "dma100" : 609.38,
    "dma200" : 634.82,
    "volume" : 99125.00
  }, {
    "date" : "2025-09-30",
    "price" : 661.10,
    "dma50" : 648.85,
    "dma100" : 611.06,
    "dma200" : 635.08,
    "volume" : 72920.00
  }, {
    "date" : "2025-10-01",
    "price" : 675.90,
    "dma50" : 649.91,
    "dma100" : 612.39,
    "dma200" : 635.48,
    "volume" : 84372.00
  }, {
    "date" : "2025-10-03",
    "price" : 689.40,
    "dma50" : 651.45,
    "dma100" : 613.62,
    "dma200" : 636.02,
    "volume" : 114681.00
  }, {
    "date" : "2025-10-06",
    "price" : 677.20,
    "dma50" : 652.46,
    "dma100" : 614.80,
    "dma200" : 636.43,
    "volume" : 185991.00
  }, {
    "date" : "2025-10-07",
    "price" : 663.10,
    "dma50" : 652.88,
    "dma100" : 615.63,
    "dma200" : 636.70,
    "volume" : 77177.00
  }, {
    "date" : "2025-10-08",
    "price" : 672.35,
    "dma50" : 653.65,
    "dma100" : 616.13,
    "dma200" : 637.05,
    "volume" : 110166.00
  }, {
    "date" : "2025-10-09",
    "price" : 672.45,
    "dma50" : 654.38,
    "dma100" : 616.49,
    "dma200" : 637.40,
    "volume" : 90439.00
  }, {
    "date" : "2025-10-10",
    "price" : 649.45,
    "dma50" : 654.19,
    "dma100" : 616.96,
    "dma200" : 637.52,
    "volume" : 180465.00
  }, {
    "date" : "2025-10-13",
    "price" : 651.40,
    "dma50" : 654.08,
    "dma100" : 617.83,
    "dma200" : 637.66,
    "volume" : 113775.00
  }, {
    "date" : "2025-10-14",
    "price" : 641.00,
    "dma50" : 653.57,
    "dma100" : 618.67,
    "dma200" : 637.69,
    "volume" : 68026.00
  }, {
    "date" : "2025-10-15",
    "price" : 650.35,
    "dma50" : 653.44,
    "dma100" : 619.58,
    "dma200" : 637.82,
    "volume" : 72203.00
  }, {
    "date" : "2025-10-16",
    "price" : 670.35,
    "dma50" : 654.10,
    "dma100" : 620.71,
    "dma200" : 638.14,
    "volume" : 145874.00
  }, {
    "date" : "2025-10-17",
    "price" : 649.10,
    "dma50" : 653.91,
    "dma100" : 621.60,
    "dma200" : 638.25,
    "volume" : 66276.00
  }, {
    "date" : "2025-10-20",
    "price" : 654.70,
    "dma50" : 653.94,
    "dma100" : 622.56,
    "dma200" : 638.42,
    "volume" : 93951.00
  }, {
    "date" : "2025-10-21",
    "price" : 664.25,
    "dma50" : 654.34,
    "dma100" : 623.46,
    "dma200" : 638.67,
    "volume" : 28917.00
  }, {
    "date" : "2025-10-23",
    "price" : 670.85,
    "dma50" : 654.99,
    "dma100" : 624.36,
    "dma200" : 638.99,
    "volume" : 182975.00
  }, {
    "date" : "2025-10-24",
    "price" : 660.85,
    "dma50" : 655.22,
    "dma100" : 625.25,
    "dma200" : 639.21,
    "volume" : 49160.00
  }, {
    "date" : "2025-10-27",
    "price" : 651.20,
    "dma50" : 655.06,
    "dma100" : 626.11,
    "dma200" : 639.33,
    "volume" : 82388.00
  }, {
    "date" : "2025-10-28",
    "price" : 646.45,
    "dma50" : 654.72,
    "dma100" : 626.82,
    "dma200" : 639.40,
    "volume" : 61831.00
  }, {
    "date" : "2025-10-29",
    "price" : 651.65,
    "dma50" : 654.60,
    "dma100" : 627.43,
    "dma200" : 639.52,
    "volume" : 64064.00
  }, {
    "date" : "2025-10-30",
    "price" : 651.70,
    "dma50" : 654.49,
    "dma100" : 627.89,
    "dma200" : 639.64,
    "volume" : 44026.00
  }, {
    "date" : "2025-10-31",
    "price" : 680.25,
    "dma50" : 655.50,
    "dma100" : 628.57,
    "dma200" : 640.05,
    "volume" : 549473.00
  }, {
    "date" : "2025-11-03",
    "price" : 707.10,
    "dma50" : 657.52,
    "dma100" : 629.67,
    "dma200" : 640.71,
    "volume" : 370558.00
  }, {
    "date" : "2025-11-04",
    "price" : 690.60,
    "dma50" : 658.82,
    "dma100" : 630.65,
    "dma200" : 641.21,
    "volume" : 117393.00
  }, {
    "date" : "2025-11-06",
    "price" : 667.10,
    "dma50" : 659.15,
    "dma100" : 631.39,
    "dma200" : 641.47,
    "volume" : 181683.00
  }, {
    "date" : "2025-11-07",
    "price" : 701.90,
    "dma50" : 660.82,
    "dma100" : 632.60,
    "dma200" : 642.07,
    "volume" : 301492.00
  }, {
    "date" : "2025-11-10",
    "price" : 646.00,
    "dma50" : 660.24,
    "dma100" : 633.30,
    "dma200" : 642.11,
    "volume" : 449215.00
  }, {
    "date" : "2025-11-11",
    "price" : 644.45,
    "dma50" : 659.62,
    "dma100" : 634.09,
    "dma200" : 642.13,
    "volume" : 127426.00
  }, {
    "date" : "2025-11-12",
    "price" : 637.20,
    "dma50" : 658.74,
    "dma100" : 634.74,
    "dma200" : 642.08,
    "volume" : 142952.00
  }, {
    "date" : "2025-11-13",
    "price" : 622.00,
    "dma50" : 657.30,
    "dma100" : 635.33,
    "dma200" : 641.88,
    "volume" : 169982.00
  }, {
    "date" : "2025-11-14",
    "price" : 620.05,
    "dma50" : 655.84,
    "dma100" : 635.87,
    "dma200" : 641.67,
    "volume" : 166888.00
  }, {
    "date" : "2025-11-17",
    "price" : 629.05,
    "dma50" : 654.79,
    "dma100" : 636.53,
    "dma200" : 641.54,
    "volume" : 169796.00
  }, {
    "date" : "2025-11-18",
    "price" : 636.10,
    "dma50" : 654.06,
    "dma100" : 637.17,
    "dma200" : 641.49,
    "volume" : 103640.00
  }, {
    "date" : "2025-11-19",
    "price" : 627.20,
    "dma50" : 653.00,
    "dma100" : 637.69,
    "dma200" : 641.34,
    "volume" : 102649.00
  }, {
    "date" : "2025-11-20",
    "price" : 627.65,
    "dma50" : 652.01,
    "dma100" : 638.24,
    "dma200" : 641.21,
    "volume" : 99418.00
  }, {
    "date" : "2025-11-21",
    "price" : 622.75,
    "dma50" : 650.86,
    "dma100" : 638.74,
    "dma200" : 641.02,
    "volume" : 51943.00
  }, {
    "date" : "2025-11-24",
    "price" : 617.45,
    "dma50" : 649.55,
    "dma100" : 639.19,
    "dma200" : 640.79,
    "volume" : 56706.00
  }, {
    "date" : "2025-11-25",
    "price" : 607.40,
    "dma50" : 647.90,
    "dma100" : 639.05,
    "dma200" : 640.46,
    "volume" : 62712.00
  }, {
    "date" : "2025-11-26",
    "price" : 610.10,
    "dma50" : 646.42,
    "dma100" : 639.12,
    "dma200" : 640.16,
    "volume" : 45936.00
  }, {
    "date" : "2025-11-27",
    "price" : 614.70,
    "dma50" : 645.17,
    "dma100" : 639.31,
    "dma200" : 639.90,
    "volume" : 69584.00
  }, {
    "date" : "2025-11-28",
    "price" : 609.30,
    "dma50" : 643.77,
    "dma100" : 639.40,
    "dma200" : 639.60,
    "volume" : 67466.00
  }, {
    "date" : "2025-12-01",
    "price" : 609.95,
    "dma50" : 642.44,
    "dma100" : 639.45,
    "dma200" : 639.30,
    "volume" : 76788.00
  }, {
    "date" : "2025-12-02",
    "price" : 590.15,
    "dma50" : 640.39,
    "dma100" : 639.41,
    "dma200" : 638.81,
    "volume" : 161478.00
  }, {
    "date" : "2025-12-03",
    "price" : 581.25,
    "dma50" : 638.07,
    "dma100" : 639.35,
    "dma200" : 638.24,
    "volume" : 97315.00
  }, {
    "date" : "2025-12-04",
    "price" : 590.35,
    "dma50" : 636.20,
    "dma100" : 639.30,
    "dma200" : 637.76,
    "volume" : 66734.00
  }, {
    "date" : "2025-12-05",
    "price" : 580.40,
    "dma50" : 634.01,
    "dma100" : 639.20,
    "dma200" : 637.19,
    "volume" : 54825.00
  }, {
    "date" : "2025-12-08",
    "price" : 563.50,
    "dma50" : 631.25,
    "dma100" : 639.06,
    "dma200" : 636.46,
    "volume" : 123682.00
  }, {
    "date" : "2025-12-09",
    "price" : 562.90,
    "dma50" : 628.57,
    "dma100" : 638.86,
    "dma200" : 635.73,
    "volume" : 210783.00
  }, {
    "date" : "2025-12-10",
    "price" : 559.85,
    "dma50" : 625.87,
    "dma100" : 638.65,
    "dma200" : 634.97,
    "volume" : 70356.00
  }, {
    "date" : "2025-12-11",
    "price" : 558.50,
    "dma50" : 623.23,
    "dma100" : 638.26,
    "dma200" : 634.21,
    "volume" : 74900.00
  }, {
    "date" : "2025-12-12",
    "price" : 557.90,
    "dma50" : 620.67,
    "dma100" : 637.82,
    "dma200" : 633.45,
    "volume" : 71561.00
  }, {
    "date" : "2025-12-15",
    "price" : 569.40,
    "dma50" : 618.66,
    "dma100" : 637.61,
    "dma200" : 632.82,
    "volume" : 99200.00
  }, {
    "date" : "2025-12-16",
    "price" : 557.70,
    "dma50" : 616.27,
    "dma100" : 637.17,
    "dma200" : 632.07,
    "volume" : 61557.00
  }, {
    "date" : "2025-12-17",
    "price" : 547.45,
    "dma50" : 613.57,
    "dma100" : 636.57,
    "dma200" : 631.23,
    "volume" : 64588.00
  }, {
    "date" : "2025-12-18",
    "price" : 543.35,
    "dma50" : 610.81,
    "dma100" : 635.83,
    "dma200" : 630.35,
    "volume" : 60011.00
  }, {
    "date" : "2025-12-19",
    "price" : 558.70,
    "dma50" : 608.77,
    "dma100" : 635.33,
    "dma200" : 629.64,
    "volume" : 70865.00
  }, {
    "date" : "2025-12-22",
    "price" : 564.15,
    "dma50" : 607.02,
    "dma100" : 635.02,
    "dma200" : 628.99,
    "volume" : 74357.00
  }, {
    "date" : "2025-12-23",
    "price" : 570.30,
    "dma50" : 605.58,
    "dma100" : 634.62,
    "dma200" : 628.40,
    "volume" : 47618.00
  }, {
    "date" : "2025-12-24",
    "price" : 565.05,
    "dma50" : 603.99,
    "dma100" : 634.07,
    "dma200" : 627.77,
    "volume" : 58063.00
  }, {
    "date" : "2025-12-26",
    "price" : 560.80,
    "dma50" : 602.30,
    "dma100" : 633.50,
    "dma200" : 627.11,
    "volume" : 53937.00
  }, {
    "date" : "2025-12-29",
    "price" : 549.45,
    "dma50" : 600.22,
    "dma100" : 632.68,
    "dma200" : 626.33,
    "volume" : 68803.00
  }, {
    "date" : "2025-12-30",
    "price" : 544.40,
    "dma50" : 598.04,
    "dma100" : 631.38,
    "dma200" : 625.52,
    "volume" : 71939.00
  }, {
    "date" : "2025-12-31",
    "price" : 565.85,
    "dma50" : 596.77,
    "dma100" : 630.45,
    "dma200" : 624.93,
    "volume" : 114965.00
  }, {
    "date" : "2026-01-01",
    "price" : 604.40,
    "dma50" : 597.07,
    "dma100" : 630.08,
    "dma200" : 624.72,
    "volume" : 8273603.00
  }, {
    "date" : "2026-01-02",
    "price" : 613.65,
    "dma50" : 597.72,
    "dma100" : 629.81,
    "dma200" : 624.61,
    "volume" : 876917.00
  }, {
    "date" : "2026-01-05",
    "price" : 628.65,
    "dma50" : 598.94,
    "dma100" : 629.76,
    "dma200" : 624.65,
    "volume" : 376264.00
  }, {
    "date" : "2026-01-06",
    "price" : 612.80,
    "dma50" : 599.48,
    "dma100" : 629.53,
    "dma200" : 624.53,
    "volume" : 234879.00
  }, {
    "date" : "2026-01-07",
    "price" : 604.15,
    "dma50" : 599.66,
    "dma100" : 629.55,
    "dma200" : 624.33,
    "volume" : 133197.00
  }, {
    "date" : "2026-01-08",
    "price" : 585.55,
    "dma50" : 599.11,
    "dma100" : 629.13,
    "dma200" : 623.94,
    "volume" : 128076.00
  }, {
    "date" : "2026-01-09",
    "price" : 567.75,
    "dma50" : 597.88,
    "dma100" : 628.59,
    "dma200" : 623.39,
    "volume" : 108518.00
  }, {
    "date" : "2026-01-12",
    "price" : 561.95,
    "dma50" : 596.47,
    "dma100" : 628.17,
    "dma200" : 622.77,
    "volume" : 137542.00
  }, {
    "date" : "2026-01-13",
    "price" : 580.45,
    "dma50" : 595.84,
    "dma100" : 627.90,
    "dma200" : 622.35,
    "volume" : 159663.00
  }, {
    "date" : "2026-01-14",
    "price" : 574.70,
    "dma50" : 595.01,
    "dma100" : 627.61,
    "dma200" : 621.88,
    "volume" : 68622.00
  }, {
    "date" : "2026-01-16",
    "price" : 583.85,
    "dma50" : 594.57,
    "dma100" : 627.46,
    "dma200" : 621.50,
    "volume" : 130238.00
  }, {
    "date" : "2026-01-19",
    "price" : 574.00,
    "dma50" : 593.77,
    "dma100" : 627.24,
    "dma200" : 621.03,
    "volume" : 96941.00
  }, {
    "date" : "2026-01-20",
    "price" : 554.10,
    "dma50" : 592.21,
    "dma100" : 626.79,
    "dma200" : 620.36,
    "volume" : 114224.00
  }, {
    "date" : "2026-01-21",
    "price" : 595.80,
    "dma50" : 592.35,
    "dma100" : 626.79,
    "dma200" : 620.12,
    "volume" : 4306049.00
  }, {
    "date" : "2026-01-22",
    "price" : 629.85,
    "dma50" : 593.82,
    "dma100" : 627.24,
    "dma200" : 620.21,
    "volume" : 960618.00
  }, {
    "date" : "2026-01-23",
    "price" : 601.60,
    "dma50" : 594.13,
    "dma100" : 627.42,
    "dma200" : 620.03,
    "volume" : 345048.00
  }, {
    "date" : "2026-01-27",
    "price" : 598.55,
    "dma50" : 594.30,
    "dma100" : 627.49,
    "dma200" : 619.82,
    "volume" : 182679.00
  }, {
    "date" : "2026-01-28",
    "price" : 590.40,
    "dma50" : 594.15,
    "dma100" : 627.36,
    "dma200" : 619.52,
    "volume" : 139452.00
  }, {
    "date" : "2026-01-29",
    "price" : 569.90,
    "dma50" : 593.20,
    "dma100" : 626.96,
    "dma200" : 619.03,
    "volume" : 234362.00
  }, {
    "date" : "2026-01-30",
    "price" : 581.20,
    "dma50" : 592.73,
    "dma100" : 626.78,
    "dma200" : 618.65,
    "volume" : 83368.00
  }, {
    "date" : "2026-02-01",
    "price" : 572.60,
    "dma50" : 591.94,
    "dma100" : 626.49,
    "dma200" : 618.19,
    "volume" : 60786.00
  }, {
    "date" : "2026-02-02",
    "price" : 575.45,
    "dma50" : 591.29,
    "dma100" : 626.31,
    "dma200" : 617.77,
    "volume" : 92108.00
  }, {
    "date" : "2026-02-03",
    "price" : 589.50,
    "dma50" : 591.22,
    "dma100" : 626.19,
    "dma200" : 617.49,
    "volume" : 93684.00
  }, {
    "date" : "2026-02-04",
    "price" : 584.90,
    "dma50" : 590.97,
    "dma100" : 625.67,
    "dma200" : 617.16,
    "volume" : 61748.00
  }, {
    "date" : "2026-02-05",
    "price" : 576.15,
    "dma50" : 590.39,
    "dma100" : 624.19,
    "dma200" : 616.76,
    "volume" : 128513.00
  }, {
    "date" : "2026-02-06",
    "price" : 586.35,
    "dma50" : 590.23,
    "dma100" : 622.92,
    "dma200" : 616.45,
    "volume" : 73114.00
  }, {
    "date" : "2026-02-09",
    "price" : 602.50,
    "dma50" : 590.71,
    "dma100" : 621.84,
    "dma200" : 616.31,
    "volume" : 178870.00
  }, {
    "date" : "2026-02-10",
    "price" : 625.20,
    "dma50" : 592.07,
    "dma100" : 620.94,
    "dma200" : 616.40,
    "volume" : 452170.00
  }, {
    "date" : "2026-02-11",
    "price" : 621.45,
    "dma50" : 593.22,
    "dma100" : 620.00,
    "dma200" : 616.45,
    "volume" : 86415.00
  }, {
    "date" : "2026-02-12",
    "price" : 612.50,
    "dma50" : 593.98,
    "dma100" : 618.93,
    "dma200" : 616.41,
    "volume" : 69491.00
  }, {
    "date" : "2026-02-13",
    "price" : 583.60,
    "dma50" : 593.57,
    "dma100" : 617.53,
    "dma200" : 616.09,
    "volume" : 134953.00
  } ],
  "latestTechnicalAttributes" : {
    "date" : "2026-02-13",
    "price" : 583.60,
    "dma50" : 593.57,
    "dma100" : 617.53,
    "dma200" : 616.09,
    "volume" : 134953.00
  },
  "quarterlyResults" : [ {
    "date" : "2005-03-31",
    "sales" : 19.43,
    "salesGrowthYoY" : null,
    "grossProfitMargin" : 23.42,
    "grossProfit" : 4.55,
    "operatingProfitMargin" : 5.46,
    "operatingProfit" : 1.06,
    "netProfitMargin" : -11.73,
    "netProfit" : -2.28
  }, {
    "date" : "2005-06-30",
    "sales" : 21.25,
    "salesGrowthYoY" : null,
    "grossProfitMargin" : 13.69,
    "grossProfit" : 2.91,
    "operatingProfitMargin" : 8.85,
    "operatingProfit" : 1.88,
    "netProfitMargin" : 1.13,
    "netProfit" : 0.24
  }, {
    "date" : "2005-09-30",
    "sales" : 7.23,
    "salesGrowthYoY" : null,
    "grossProfitMargin" : 17.70,
    "grossProfit" : 1.28,
    "operatingProfitMargin" : 7.61,
    "operatingProfit" : 0.55,
    "netProfitMargin" : -13.14,
    "netProfit" : -0.95
  }, {
    "date" : "2005-12-31",
    "sales" : 0.12,
    "salesGrowthYoY" : null,
    "grossProfitMargin" : 5666.67,
    "grossProfit" : 6.80,
    "operatingProfitMargin" : 3341.67,
    "operatingProfit" : 4.01,
    "netProfitMargin" : 2108.33,
    "netProfit" : 2.53
  }, {
    "date" : "2006-03-31",
    "sales" : 14.44,
    "salesGrowthYoY" : -25.68,
    "grossProfitMargin" : 46.81,
    "grossProfit" : 6.76,
    "operatingProfitMargin" : 8.59,
    "operatingProfit" : 1.24,
    "netProfitMargin" : -0.21,
    "netProfit" : -0.03
  }, {
    "date" : "2006-06-30",
    "sales" : 21.49,
    "salesGrowthYoY" : 1.13,
    "grossProfitMargin" : 16.47,
    "grossProfit" : 3.54,
    "operatingProfitMargin" : 5.21,
    "operatingProfit" : 1.12,
    "netProfitMargin" : 1.49,
    "netProfit" : 0.32
  }, {
    "date" : "2006-09-30",
    "sales" : 19.69,
    "salesGrowthYoY" : 172.34,
    "grossProfitMargin" : 14.98,
    "grossProfit" : 2.95,
    "operatingProfitMargin" : 9.04,
    "operatingProfit" : 1.78,
    "netProfitMargin" : 8.63,
    "netProfit" : 1.70
  }, {
    "date" : "2006-12-31",
    "sales" : 14.44,
    "salesGrowthYoY" : 11933.33,
    "grossProfitMargin" : 29.71,
    "grossProfit" : 4.29,
    "operatingProfitMargin" : 10.11,
    "operatingProfit" : 1.46,
    "netProfitMargin" : 0.76,
    "netProfit" : 0.11
  }, {
    "date" : "2007-03-31",
    "sales" : 15.11,
    "salesGrowthYoY" : 4.64,
    "grossProfitMargin" : 39.64,
    "grossProfit" : 5.99,
    "operatingProfitMargin" : 0.07,
    "operatingProfit" : 0.01,
    "netProfitMargin" : -12.18,
    "netProfit" : -1.84
  }, {
    "date" : "2007-06-30",
    "sales" : 19.38,
    "salesGrowthYoY" : -9.82,
    "grossProfitMargin" : 5.83,
    "grossProfit" : 1.13,
    "operatingProfitMargin" : -4.64,
    "operatingProfit" : -0.90,
    "netProfitMargin" : -10.94,
    "netProfit" : -2.12
  }, {
    "date" : "2007-09-30",
    "sales" : 25.98,
    "salesGrowthYoY" : 31.95,
    "grossProfitMargin" : -8.43,
    "grossProfit" : -2.19,
    "operatingProfitMargin" : -12.89,
    "operatingProfit" : -3.35,
    "netProfitMargin" : -11.55,
    "netProfit" : -3.00
  }, {
    "date" : "2007-12-31",
    "sales" : 27.55,
    "salesGrowthYoY" : 90.79,
    "grossProfitMargin" : 7.08,
    "grossProfit" : 1.95,
    "operatingProfitMargin" : 1.96,
    "operatingProfit" : 0.54,
    "netProfitMargin" : 2.43,
    "netProfit" : 0.67
  }, {
    "date" : "2008-03-31",
    "sales" : 39.97,
    "salesGrowthYoY" : 164.53,
    "grossProfitMargin" : 77.11,
    "grossProfit" : 30.82,
    "operatingProfitMargin" : 15.29,
    "operatingProfit" : 6.11,
    "netProfitMargin" : 7.06,
    "netProfit" : 2.82
  }, {
    "date" : "2008-06-30",
    "sales" : 25.32,
    "salesGrowthYoY" : 30.65,
    "grossProfitMargin" : 10.70,
    "grossProfit" : 2.71,
    "operatingProfitMargin" : 5.81,
    "operatingProfit" : 1.47,
    "netProfitMargin" : 0.47,
    "netProfit" : 0.12
  }, {
    "date" : "2008-09-30",
    "sales" : 41.43,
    "salesGrowthYoY" : 59.47,
    "grossProfitMargin" : 10.16,
    "grossProfit" : 4.21,
    "operatingProfitMargin" : 6.71,
    "operatingProfit" : 2.78,
    "netProfitMargin" : 1.98,
    "netProfit" : 0.82
  }, {
    "date" : "2008-12-31",
    "sales" : 26.86,
    "salesGrowthYoY" : -2.50,
    "grossProfitMargin" : 15.08,
    "grossProfit" : 4.05,
    "operatingProfitMargin" : 9.12,
    "operatingProfit" : 2.45,
    "netProfitMargin" : 3.24,
    "netProfit" : 0.87
  }, {
    "date" : "2009-03-31",
    "sales" : 48.30,
    "salesGrowthYoY" : 20.84,
    "grossProfitMargin" : 72.11,
    "grossProfit" : 34.83,
    "operatingProfitMargin" : 23.98,
    "operatingProfit" : 11.58,
    "netProfitMargin" : 14.91,
    "netProfit" : 7.20
  }, {
    "date" : "2009-06-30",
    "sales" : 36.67,
    "salesGrowthYoY" : 44.83,
    "grossProfitMargin" : 37.52,
    "grossProfit" : 13.76,
    "operatingProfitMargin" : 16.99,
    "operatingProfit" : 6.23,
    "netProfitMargin" : 10.58,
    "netProfit" : 3.88
  }, {
    "date" : "2009-09-30",
    "sales" : 32.48,
    "salesGrowthYoY" : -21.60,
    "grossProfitMargin" : 46.37,
    "grossProfit" : 15.06,
    "operatingProfitMargin" : 17.86,
    "operatingProfit" : 5.80,
    "netProfitMargin" : 10.84,
    "netProfit" : 3.52
  }, {
    "date" : "2009-12-31",
    "sales" : 29.45,
    "salesGrowthYoY" : 9.64,
    "grossProfitMargin" : 56.47,
    "grossProfit" : 16.63,
    "operatingProfitMargin" : 23.90,
    "operatingProfit" : 7.04,
    "netProfitMargin" : 16.47,
    "netProfit" : 4.85
  }, {
    "date" : "2010-03-31",
    "sales" : 70.78,
    "salesGrowthYoY" : 46.54,
    "grossProfitMargin" : 29.27,
    "grossProfit" : 20.72,
    "operatingProfitMargin" : 14.11,
    "operatingProfit" : 9.99,
    "netProfitMargin" : -3.38,
    "netProfit" : -2.39
  }, {
    "date" : "2010-06-30",
    "sales" : 49.43,
    "salesGrowthYoY" : 34.80,
    "grossProfitMargin" : 48.19,
    "grossProfit" : 23.82,
    "operatingProfitMargin" : 21.00,
    "operatingProfit" : 10.38,
    "netProfitMargin" : 11.98,
    "netProfit" : 5.92
  }, {
    "date" : "2010-09-30",
    "sales" : 42.80,
    "salesGrowthYoY" : 31.77,
    "grossProfitMargin" : 50.51,
    "grossProfit" : 21.62,
    "operatingProfitMargin" : 20.07,
    "operatingProfit" : 8.59,
    "netProfitMargin" : 11.78,
    "netProfit" : 5.04
  }, {
    "date" : "2010-12-31",
    "sales" : 54.84,
    "salesGrowthYoY" : 86.21,
    "grossProfitMargin" : 56.44,
    "grossProfit" : 30.95,
    "operatingProfitMargin" : 20.35,
    "operatingProfit" : 11.16,
    "netProfitMargin" : 10.81,
    "netProfit" : 5.93
  }, {
    "date" : "2011-03-31",
    "sales" : 74.32,
    "salesGrowthYoY" : 5.00,
    "grossProfitMargin" : 59.80,
    "grossProfit" : 44.44,
    "operatingProfitMargin" : 29.55,
    "operatingProfit" : 21.96,
    "netProfitMargin" : 14.50,
    "netProfit" : 10.78
  }, {
    "date" : "2011-06-30",
    "sales" : 66.75,
    "salesGrowthYoY" : 35.04,
    "grossProfitMargin" : 37.75,
    "grossProfit" : 25.20,
    "operatingProfitMargin" : 10.47,
    "operatingProfit" : 6.99,
    "netProfitMargin" : 4.10,
    "netProfit" : 2.74
  }, {
    "date" : "2011-09-30",
    "sales" : 59.12,
    "salesGrowthYoY" : 38.13,
    "grossProfitMargin" : 30.36,
    "grossProfit" : 17.95,
    "operatingProfitMargin" : 7.14,
    "operatingProfit" : 4.22,
    "netProfitMargin" : 0.02,
    "netProfit" : 0.01
  }, {
    "date" : "2011-12-31",
    "sales" : 41.26,
    "salesGrowthYoY" : -24.76,
    "grossProfitMargin" : 57.61,
    "grossProfit" : 23.77,
    "operatingProfitMargin" : 9.55,
    "operatingProfit" : 3.94,
    "netProfitMargin" : 0.85,
    "netProfit" : 0.35
  }, {
    "date" : "2012-03-31",
    "sales" : 64.97,
    "salesGrowthYoY" : -12.58,
    "grossProfitMargin" : 66.23,
    "grossProfit" : 43.03,
    "operatingProfitMargin" : 31.14,
    "operatingProfit" : 20.23,
    "netProfitMargin" : 18.79,
    "netProfit" : 12.21
  }, {
    "date" : "2012-06-30",
    "sales" : 73.83,
    "salesGrowthYoY" : 10.61,
    "grossProfitMargin" : 40.09,
    "grossProfit" : 29.60,
    "operatingProfitMargin" : 9.28,
    "operatingProfit" : 6.85,
    "netProfitMargin" : 2.55,
    "netProfit" : 1.88
  }, {
    "date" : "2012-09-30",
    "sales" : 85.46,
    "salesGrowthYoY" : 44.55,
    "grossProfitMargin" : 37.26,
    "grossProfit" : 31.84,
    "operatingProfitMargin" : 9.51,
    "operatingProfit" : 8.13,
    "netProfitMargin" : 2.06,
    "netProfit" : 1.76
  }, {
    "date" : "2012-12-31",
    "sales" : 86.77,
    "salesGrowthYoY" : 110.30,
    "grossProfitMargin" : 44.23,
    "grossProfit" : 38.38,
    "operatingProfitMargin" : 9.13,
    "operatingProfit" : 7.92,
    "netProfitMargin" : 4.77,
    "netProfit" : 4.14
  }, {
    "date" : "2013-03-31",
    "sales" : 83.91,
    "salesGrowthYoY" : 29.15,
    "grossProfitMargin" : 63.39,
    "grossProfit" : 53.19,
    "operatingProfitMargin" : 28.29,
    "operatingProfit" : 23.74,
    "netProfitMargin" : 15.54,
    "netProfit" : 13.04
  }, {
    "date" : "2013-06-30",
    "sales" : 129.17,
    "salesGrowthYoY" : 74.96,
    "grossProfitMargin" : 31.39,
    "grossProfit" : 40.55,
    "operatingProfitMargin" : 12.25,
    "operatingProfit" : 15.82,
    "netProfitMargin" : 6.12,
    "netProfit" : 7.91
  }, {
    "date" : "2013-09-30",
    "sales" : 82.48,
    "salesGrowthYoY" : -3.49,
    "grossProfitMargin" : 38.80,
    "grossProfit" : 32.00,
    "operatingProfitMargin" : 10.21,
    "operatingProfit" : 8.42,
    "netProfitMargin" : 3.63,
    "netProfit" : 2.99
  }, {
    "date" : "2013-12-31",
    "sales" : 70.12,
    "salesGrowthYoY" : -19.19,
    "grossProfitMargin" : 58.04,
    "grossProfit" : 40.70,
    "operatingProfitMargin" : 12.76,
    "operatingProfit" : 8.95,
    "netProfitMargin" : 5.63,
    "netProfit" : 3.95
  }, {
    "date" : "2014-03-31",
    "sales" : 96.40,
    "salesGrowthYoY" : 14.88,
    "grossProfitMargin" : 44.65,
    "grossProfit" : 43.04,
    "operatingProfitMargin" : 15.85,
    "operatingProfit" : 15.28,
    "netProfitMargin" : 6.68,
    "netProfit" : 6.44
  }, {
    "date" : "2014-06-30",
    "sales" : 105.25,
    "salesGrowthYoY" : -18.52,
    "grossProfitMargin" : 39.40,
    "grossProfit" : 41.47,
    "operatingProfitMargin" : 15.05,
    "operatingProfit" : 15.84,
    "netProfitMargin" : 6.94,
    "netProfit" : 7.30
  }, {
    "date" : "2014-09-30",
    "sales" : 85.56,
    "salesGrowthYoY" : 3.73,
    "grossProfitMargin" : 39.96,
    "grossProfit" : 34.19,
    "operatingProfitMargin" : 12.10,
    "operatingProfit" : 10.35,
    "netProfitMargin" : 5.81,
    "netProfit" : 4.97
  }, {
    "date" : "2014-12-31",
    "sales" : 66.60,
    "salesGrowthYoY" : -5.02,
    "grossProfitMargin" : 48.96,
    "grossProfit" : 32.61,
    "operatingProfitMargin" : 9.41,
    "operatingProfit" : 6.27,
    "netProfitMargin" : 0.81,
    "netProfit" : 0.54
  }, {
    "date" : "2015-03-31",
    "sales" : 88.74,
    "salesGrowthYoY" : -7.95,
    "grossProfitMargin" : 33.00,
    "grossProfit" : 29.28,
    "operatingProfitMargin" : -2.69,
    "operatingProfit" : -2.39,
    "netProfitMargin" : -4.37,
    "netProfit" : -3.88
  }, {
    "date" : "2015-06-30",
    "sales" : 72.16,
    "salesGrowthYoY" : -31.44,
    "grossProfitMargin" : 40.60,
    "grossProfit" : 29.30,
    "operatingProfitMargin" : 8.40,
    "operatingProfit" : 6.06,
    "netProfitMargin" : 1.14,
    "netProfit" : 0.82
  }, {
    "date" : "2015-09-30",
    "sales" : 46.52,
    "salesGrowthYoY" : -45.63,
    "grossProfitMargin" : 47.36,
    "grossProfit" : 22.03,
    "operatingProfitMargin" : 13.39,
    "operatingProfit" : 6.23,
    "netProfitMargin" : -1.23,
    "netProfit" : -0.57
  }, {
    "date" : "2015-12-31",
    "sales" : 64.77,
    "salesGrowthYoY" : -2.75,
    "grossProfitMargin" : 36.70,
    "grossProfit" : 23.77,
    "operatingProfitMargin" : 9.42,
    "operatingProfit" : 6.10,
    "netProfitMargin" : 2.56,
    "netProfit" : 1.66
  }, {
    "date" : "2016-03-31",
    "sales" : 90.21,
    "salesGrowthYoY" : 1.66,
    "grossProfitMargin" : 35.98,
    "grossProfit" : 32.46,
    "operatingProfitMargin" : 8.15,
    "operatingProfit" : 7.35,
    "netProfitMargin" : -0.39,
    "netProfit" : -0.35
  }, {
    "date" : "2016-06-30",
    "sales" : 78.88,
    "salesGrowthYoY" : 9.31,
    "grossProfitMargin" : 34.44,
    "grossProfit" : 27.17,
    "operatingProfitMargin" : 8.87,
    "operatingProfit" : 7.00,
    "netProfitMargin" : 2.54,
    "netProfit" : 2.00
  }, {
    "date" : "2016-09-30",
    "sales" : 57.71,
    "salesGrowthYoY" : 24.05,
    "grossProfitMargin" : 40.03,
    "grossProfit" : 23.10,
    "operatingProfitMargin" : 9.08,
    "operatingProfit" : 5.24,
    "netProfitMargin" : 0.29,
    "netProfit" : 0.17
  }, {
    "date" : "2016-12-31",
    "sales" : 56.55,
    "salesGrowthYoY" : -12.69,
    "grossProfitMargin" : 66.49,
    "grossProfit" : 37.60,
    "operatingProfitMargin" : 20.21,
    "operatingProfit" : 11.43,
    "netProfitMargin" : 7.06,
    "netProfit" : 3.99
  }, {
    "date" : "2017-03-31",
    "sales" : 128.10,
    "salesGrowthYoY" : 42.00,
    "grossProfitMargin" : 38.78,
    "grossProfit" : 49.68,
    "operatingProfitMargin" : 17.13,
    "operatingProfit" : 21.94,
    "netProfitMargin" : 1.49,
    "netProfit" : 1.91
  }, {
    "date" : "2017-06-30",
    "sales" : 132.80,
    "salesGrowthYoY" : 68.36,
    "grossProfitMargin" : 26.91,
    "grossProfit" : 35.74,
    "operatingProfitMargin" : 13.63,
    "operatingProfit" : 18.10,
    "netProfitMargin" : 8.99,
    "netProfit" : 11.94
  }, {
    "date" : "2017-09-30",
    "sales" : 38.25,
    "salesGrowthYoY" : -33.72,
    "grossProfitMargin" : 47.53,
    "grossProfit" : 18.18,
    "operatingProfitMargin" : 10.77,
    "operatingProfit" : 4.12,
    "netProfitMargin" : 0.21,
    "netProfit" : 0.08
  }, {
    "date" : "2017-12-31",
    "sales" : 58.08,
    "salesGrowthYoY" : 2.71,
    "grossProfitMargin" : 43.41,
    "grossProfit" : 25.21,
    "operatingProfitMargin" : 12.71,
    "operatingProfit" : 7.38,
    "netProfitMargin" : 0.05,
    "netProfit" : 0.03
  }, {
    "date" : "2018-03-31",
    "sales" : 105.17,
    "salesGrowthYoY" : -17.90,
    "grossProfitMargin" : 16.88,
    "grossProfit" : 17.75,
    "operatingProfitMargin" : -3.42,
    "operatingProfit" : -3.60,
    "netProfitMargin" : -7.08,
    "netProfit" : -7.45
  }, {
    "date" : "2018-06-30",
    "sales" : 116.13,
    "salesGrowthYoY" : -12.55,
    "grossProfitMargin" : 23.09,
    "grossProfit" : 26.81,
    "operatingProfitMargin" : 8.52,
    "operatingProfit" : 9.89,
    "netProfitMargin" : 2.74,
    "netProfit" : 3.18
  }, {
    "date" : "2018-09-30",
    "sales" : 65.72,
    "salesGrowthYoY" : 71.82,
    "grossProfitMargin" : 41.63,
    "grossProfit" : 27.36,
    "operatingProfitMargin" : 22.55,
    "operatingProfit" : 14.82,
    "netProfitMargin" : 4.76,
    "netProfit" : 3.13
  }, {
    "date" : "2018-12-31",
    "sales" : 78.47,
    "salesGrowthYoY" : 35.11,
    "grossProfitMargin" : 33.22,
    "grossProfit" : 26.07,
    "operatingProfitMargin" : 13.32,
    "operatingProfit" : 10.45,
    "netProfitMargin" : 3.21,
    "netProfit" : 2.52
  }, {
    "date" : "2019-03-31",
    "sales" : 111.02,
    "salesGrowthYoY" : 5.56,
    "grossProfitMargin" : 18.19,
    "grossProfit" : 20.19,
    "operatingProfitMargin" : -7.07,
    "operatingProfit" : -7.85,
    "netProfitMargin" : -2.98,
    "netProfit" : -3.31
  }, {
    "date" : "2019-06-30",
    "sales" : 96.89,
    "salesGrowthYoY" : -16.57,
    "grossProfitMargin" : 20.52,
    "grossProfit" : 19.88,
    "operatingProfitMargin" : 7.69,
    "operatingProfit" : 7.45,
    "netProfitMargin" : 7.00,
    "netProfit" : 6.78
  }, {
    "date" : "2019-09-30",
    "sales" : 82.34,
    "salesGrowthYoY" : 25.29,
    "grossProfitMargin" : 23.88,
    "grossProfit" : 19.66,
    "operatingProfitMargin" : 8.21,
    "operatingProfit" : 6.76,
    "netProfitMargin" : 4.38,
    "netProfit" : 3.61
  }, {
    "date" : "2019-12-31",
    "sales" : 74.88,
    "salesGrowthYoY" : -4.57,
    "grossProfitMargin" : 36.15,
    "grossProfit" : 27.07,
    "operatingProfitMargin" : 7.29,
    "operatingProfit" : 5.46,
    "netProfitMargin" : 2.46,
    "netProfit" : 1.84
  }, {
    "date" : "2020-03-31",
    "sales" : 145.28,
    "salesGrowthYoY" : 30.86,
    "grossProfitMargin" : 32.78,
    "grossProfit" : 47.62,
    "operatingProfitMargin" : 14.30,
    "operatingProfit" : 20.78,
    "netProfitMargin" : 1.95,
    "netProfit" : 2.83
  }, {
    "date" : "2020-06-30",
    "sales" : 140.19,
    "salesGrowthYoY" : 44.69,
    "grossProfitMargin" : 26.72,
    "grossProfit" : 37.46,
    "operatingProfitMargin" : 13.95,
    "operatingProfit" : 19.56,
    "netProfitMargin" : 5.70,
    "netProfit" : 7.99
  }, {
    "date" : "2020-09-30",
    "sales" : 106.96,
    "salesGrowthYoY" : 29.90,
    "grossProfitMargin" : 45.97,
    "grossProfit" : 49.17,
    "operatingProfitMargin" : 14.15,
    "operatingProfit" : 15.13,
    "netProfitMargin" : 5.34,
    "netProfit" : 5.71
  }, {
    "date" : "2020-12-31",
    "sales" : 89.44,
    "salesGrowthYoY" : 19.44,
    "grossProfitMargin" : 45.92,
    "grossProfit" : 41.07,
    "operatingProfitMargin" : 12.15,
    "operatingProfit" : 10.87,
    "netProfitMargin" : 3.06,
    "netProfit" : 2.74
  }, {
    "date" : "2021-03-31",
    "sales" : 152.75,
    "salesGrowthYoY" : 5.14,
    "grossProfitMargin" : 29.03,
    "grossProfit" : 44.34,
    "operatingProfitMargin" : 3.91,
    "operatingProfit" : 5.97,
    "netProfitMargin" : 0.78,
    "netProfit" : 1.19
  }, {
    "date" : "2021-06-30",
    "sales" : 206.06,
    "salesGrowthYoY" : 46.99,
    "grossProfitMargin" : 24.28,
    "grossProfit" : 50.03,
    "operatingProfitMargin" : 11.46,
    "operatingProfit" : 23.61,
    "netProfitMargin" : 6.03,
    "netProfit" : 12.43
  }, {
    "date" : "2021-09-30",
    "sales" : 90.79,
    "salesGrowthYoY" : -15.12,
    "grossProfitMargin" : 54.90,
    "grossProfit" : 49.84,
    "operatingProfitMargin" : 21.10,
    "operatingProfit" : 19.16,
    "netProfitMargin" : 9.60,
    "netProfit" : 8.72
  }, {
    "date" : "2021-12-31",
    "sales" : 110.50,
    "salesGrowthYoY" : 23.55,
    "grossProfitMargin" : 42.06,
    "grossProfit" : 46.48,
    "operatingProfitMargin" : 7.40,
    "operatingProfit" : 8.18,
    "netProfitMargin" : 0.91,
    "netProfit" : 1.01
  }, {
    "date" : "2022-03-31",
    "sales" : 166.18,
    "salesGrowthYoY" : 8.79,
    "grossProfitMargin" : 33.77,
    "grossProfit" : 56.12,
    "operatingProfitMargin" : 11.06,
    "operatingProfit" : 18.38,
    "netProfitMargin" : 4.33,
    "netProfit" : 7.20
  }, {
    "date" : "2022-06-30",
    "sales" : 184.15,
    "salesGrowthYoY" : -10.63,
    "grossProfitMargin" : 28.82,
    "grossProfit" : 53.07,
    "operatingProfitMargin" : 9.77,
    "operatingProfit" : 17.99,
    "netProfitMargin" : 4.31,
    "netProfit" : 7.94
  }, {
    "date" : "2022-09-30",
    "sales" : 110.34,
    "salesGrowthYoY" : 21.53,
    "grossProfitMargin" : 40.56,
    "grossProfit" : 44.75,
    "operatingProfitMargin" : 10.20,
    "operatingProfit" : 11.25,
    "netProfitMargin" : 3.18,
    "netProfit" : 3.51
  }, {
    "date" : "2022-12-31",
    "sales" : 114.56,
    "salesGrowthYoY" : 3.67,
    "grossProfitMargin" : 51.71,
    "grossProfit" : 59.24,
    "operatingProfitMargin" : 15.28,
    "operatingProfit" : 17.50,
    "netProfitMargin" : 6.01,
    "netProfit" : 6.89
  }, {
    "date" : "2023-03-31",
    "sales" : 199.84,
    "salesGrowthYoY" : 20.26,
    "grossProfitMargin" : 32.40,
    "grossProfit" : 64.75,
    "operatingProfitMargin" : 8.14,
    "operatingProfit" : 16.27,
    "netProfitMargin" : 3.18,
    "netProfit" : 6.35
  }, {
    "date" : "2023-06-30",
    "sales" : 218.82,
    "salesGrowthYoY" : 18.83,
    "grossProfitMargin" : 32.72,
    "grossProfit" : 71.60,
    "operatingProfitMargin" : 11.37,
    "operatingProfit" : 24.88,
    "netProfitMargin" : 5.20,
    "netProfit" : 11.38
  }, {
    "date" : "2023-09-30",
    "sales" : 114.11,
    "salesGrowthYoY" : 3.42,
    "grossProfitMargin" : 57.72,
    "grossProfit" : 65.86,
    "operatingProfitMargin" : 21.90,
    "operatingProfit" : 24.99,
    "netProfitMargin" : 10.45,
    "netProfit" : 11.92
  }, {
    "date" : "2023-12-31",
    "sales" : 177.62,
    "salesGrowthYoY" : 55.05,
    "grossProfitMargin" : 59.54,
    "grossProfit" : 105.75,
    "operatingProfitMargin" : 19.56,
    "operatingProfit" : 34.74,
    "netProfitMargin" : 12.43,
    "netProfit" : 22.08
  }, {
    "date" : "2024-03-31",
    "sales" : 268.89,
    "salesGrowthYoY" : 34.55,
    "grossProfitMargin" : 54.41,
    "grossProfit" : 146.30,
    "operatingProfitMargin" : 25.00,
    "operatingProfit" : 67.22,
    "netProfitMargin" : 16.18,
    "netProfit" : 43.51
  }, {
    "date" : "2024-06-30",
    "sales" : 195.69,
    "salesGrowthYoY" : -10.57,
    "grossProfitMargin" : 39.95,
    "grossProfit" : 78.18,
    "operatingProfitMargin" : 14.31,
    "operatingProfit" : 28.00,
    "netProfitMargin" : 7.31,
    "netProfit" : 14.30
  }, {
    "date" : "2024-09-30",
    "sales" : 184.92,
    "salesGrowthYoY" : 62.05,
    "grossProfitMargin" : 62.19,
    "grossProfit" : 115.00,
    "operatingProfitMargin" : 23.01,
    "operatingProfit" : 42.55,
    "netProfitMargin" : 13.49,
    "netProfit" : 24.95
  }, {
    "date" : "2024-12-31",
    "sales" : 182.29,
    "salesGrowthYoY" : 2.63,
    "grossProfitMargin" : 47.01,
    "grossProfit" : 85.69,
    "operatingProfitMargin" : 26.47,
    "operatingProfit" : 48.25,
    "netProfitMargin" : 13.74,
    "netProfit" : 25.05
  }, {
    "date" : "2025-03-31",
    "sales" : 255.23,
    "salesGrowthYoY" : -5.08,
    "grossProfitMargin" : 58.29,
    "grossProfit" : 148.77,
    "operatingProfitMargin" : 25.88,
    "operatingProfit" : 66.05,
    "netProfitMargin" : 15.82,
    "netProfit" : 40.38
  }, {
    "date" : "2025-06-30",
    "sales" : 213.91,
    "salesGrowthYoY" : 9.31,
    "grossProfitMargin" : 42.86,
    "grossProfit" : 91.68,
    "operatingProfitMargin" : 17.93,
    "operatingProfit" : 38.35,
    "netProfitMargin" : 8.84,
    "netProfit" : 18.91
  }, {
    "date" : "2025-09-30",
    "sales" : 212.21,
    "salesGrowthYoY" : 14.76,
    "grossProfitMargin" : 56.76,
    "grossProfit" : 120.45,
    "operatingProfitMargin" : 22.04,
    "operatingProfit" : 46.77,
    "netProfitMargin" : 12.53,
    "netProfit" : 26.59
  }, {
    "date" : "2025-12-31",
    "sales" : 276.32,
    "salesGrowthYoY" : 51.58,
    "grossProfitMargin" : 51.45,
    "grossProfit" : 142.17,
    "operatingProfitMargin" : 28.33,
    "operatingProfit" : 78.28,
    "netProfitMargin" : 17.42,
    "netProfit" : 48.13
  } ],
  "latestQuarterlyResult" : {
    "date" : "2025-12-31",
    "sales" : 276.32,
    "salesGrowthYoY" : 51.58,
    "grossProfitMargin" : 51.45,
    "grossProfit" : 142.17,
    "operatingProfitMargin" : 28.33,
    "operatingProfit" : 78.28,
    "netProfitMargin" : 17.42,
    "netProfit" : 48.13
  },
  "companyScore" : {
    "priceHigherThanDma50" : 0.00,
    "priceHigherThanDma100" : 0.00,
    "priceHigherThanDma200" : 0.00,
    "dma50HigherThanDma100" : 0.00,
    "dma50HigherThanDma200" : 0.00,
    "dma100HigherThanDma200" : 5.00,
    "pricePercentageAboveDma50" : 5.08,
    "pricePercentageAboveDma100" : 5.27,
    "pricePercentageAboveDma200" : 5.26,
    "weeklyVolumeHigherThanYearlyVolume" : 0.00,
    "salesGrowthPercentile" : 17.00,
    "operatingProfitMarginPercentile" : 19.29,
    "netProfitMarginPercentile" : 9.76,
    "totalTechnicalScore" : 20.62,
    "totalFundamentalScore" : 46.05,
    "totalScore" : 66.67
  }
}