{
  "metadata" : {
    "screenerCompanyId" : "2490",
    "companyCode" : "PIXTRANS",
    "companyName" : "Pix Transmission",
    "screenerCompanyLink" : "https://www.screener.in/company/PIXTRANS/consolidated/",
    "screenerTechnicalHistoryLink" : "https://www.screener.in/api/company/2490/chart/?q=Price-DMA50-DMA200-Volume&days=365",
    "screenerQuarterlyResultsLink" : "https://www.screener.in/api/company/2490/chart/?q=GPM-OPM-NPM-Quarter+Sales&days=10000",
    "attributes" : {
      "companyCode" : "PIXTRANS",
      "companyName" : "Pix Transmission",
      "marketCap" : 1928.00,
      "peRatio" : 17.60,
      "description" : "PIX Transmissions Ltd. is the leading manufacturer of Belts and related mechanical Power Transmission products in India. The Company features state-of-the-art Belt manufacturing units as well as an ultra-sophisticated, automated Rubber Mixing facility. [1]"
    },
    "companyScore" : {
      "priceHigherThanDma50" : 5.00,
      "priceHigherThanDma100" : 0.00,
      "priceHigherThanDma200" : 0.00,
      "dma50HigherThanDma100" : 0.00,
      "dma50HigherThanDma200" : 0.00,
      "dma100HigherThanDma200" : 0.00,
      "pricePercentageAboveDma50" : 4.92,
      "pricePercentageAboveDma100" : 5.02,
      "pricePercentageAboveDma200" : 5.20,
      "weeklyVolumeHigherThanYearlyVolume" : 0.00,
      "salesGrowthPercentile" : 7.50,
      "operatingProfitMarginPercentile" : 19.05,
      "netProfitMarginPercentile" : 9.76,
      "totalTechnicalScore" : 20.14,
      "totalFundamentalScore" : 36.31,
      "totalScore" : 56.45
    }
  },
  "attributes" : {
    "companyCode" : "PIXTRANS",
    "companyName" : "Pix Transmission",
    "marketCap" : 1928.00,
    "peRatio" : 17.60,
    "description" : "PIX Transmissions Ltd. is the leading manufacturer of Belts and related mechanical Power Transmission products in India. The Company features state-of-the-art Belt manufacturing units as well as an ultra-sophisticated, automated Rubber Mixing facility. [1]"
  },
  "technicalHistory" : [ {
    "date" : "2025-02-17",
    "price" : 1451.45,
    "dma50" : 2092.78,
    "dma100" : null,
    "dma200" : 1831.31,
    "volume" : 302636.00
  }, {
    "date" : "2025-02-18",
    "price" : 1456.65,
    "dma50" : 2067.84,
    "dma100" : null,
    "dma200" : 1827.58,
    "volume" : 125108.00
  }, {
    "date" : "2025-02-19",
    "price" : 1453.10,
    "dma50" : 2043.73,
    "dma100" : null,
    "dma200" : 1823.85,
    "volume" : 55958.00
  }, {
    "date" : "2025-02-20",
    "price" : 1496.15,
    "dma50" : 2022.26,
    "dma100" : null,
    "dma200" : 1820.59,
    "volume" : 28014.00
  }, {
    "date" : "2025-02-21",
    "price" : 1468.80,
    "dma50" : 2000.55,
    "dma100" : null,
    "dma200" : 1817.09,
    "volume" : 30098.00
  }, {
    "date" : "2025-02-24",
    "price" : 1454.70,
    "dma50" : 1979.15,
    "dma100" : null,
    "dma200" : 1813.49,
    "volume" : 16406.00
  }, {
    "date" : "2025-02-25",
    "price" : 1453.20,
    "dma50" : 1958.52,
    "dma100" : null,
    "dma200" : 1809.90,
    "volume" : 16889.00
  }, {
    "date" : "2025-02-27",
    "price" : 1457.55,
    "dma50" : 1938.87,
    "dma100" : null,
    "dma200" : 1806.39,
    "volume" : 31508.00
  }, {
    "date" : "2025-02-28",
    "price" : 1428.55,
    "dma50" : 1918.86,
    "dma100" : null,
    "dma200" : 1802.64,
    "volume" : 36628.00
  }, {
    "date" : "2025-03-03",
    "price" : 1439.70,
    "dma50" : 1900.07,
    "dma100" : null,
    "dma200" : 1799.02,
    "volume" : 48919.00
  }, {
    "date" : "2025-03-04",
    "price" : 1443.15,
    "dma50" : 1882.15,
    "dma100" : null,
    "dma200" : 1795.48,
    "volume" : 34039.00
  }, {
    "date" : "2025-03-05",
    "price" : 1529.60,
    "dma50" : 1868.33,
    "dma100" : null,
    "dma200" : 1792.84,
    "volume" : 30470.00
  }, {
    "date" : "2025-03-06",
    "price" : 1552.75,
    "dma50" : 1855.95,
    "dma100" : null,
    "dma200" : 1790.45,
    "volume" : 38411.00
  }, {
    "date" : "2025-03-07",
    "price" : 1562.95,
    "dma50" : 1844.46,
    "dma100" : null,
    "dma200" : 1788.18,
    "volume" : 25250.00
  }, {
    "date" : "2025-03-10",
    "price" : 1467.80,
    "dma50" : 1829.69,
    "dma100" : null,
    "dma200" : 1785.00,
    "volume" : 49073.00
  }, {
    "date" : "2025-03-11",
    "price" : 1534.45,
    "dma50" : 1818.11,
    "dma100" : null,
    "dma200" : 1782.50,
    "volume" : 32123.00
  }, {
    "date" : "2025-03-12",
    "price" : 1570.80,
    "dma50" : 1808.41,
    "dma100" : null,
    "dma200" : 1780.40,
    "volume" : 61153.00
  }, {
    "date" : "2025-03-13",
    "price" : 1583.35,
    "dma50" : 1799.59,
    "dma100" : null,
    "dma200" : 1778.44,
    "volume" : 31741.00
  }, {
    "date" : "2025-03-17",
    "price" : 1556.70,
    "dma50" : 1790.06,
    "dma100" : null,
    "dma200" : 1776.23,
    "volume" : 61994.00
  }, {
    "date" : "2025-03-18",
    "price" : 1661.75,
    "dma50" : 1785.03,
    "dma100" : null,
    "dma200" : 1775.09,
    "volume" : 83198.00
  }, {
    "date" : "2025-03-19",
    "price" : 1704.75,
    "dma50" : 1781.88,
    "dma100" : null,
    "dma200" : 1774.39,
    "volume" : 33847.00
  }, {
    "date" : "2025-03-20",
    "price" : 1736.60,
    "dma50" : 1780.11,
    "dma100" : null,
    "dma200" : 1774.02,
    "volume" : 46504.00
  }, {
    "date" : "2025-03-21",
    "price" : 1763.15,
    "dma50" : 1779.44,
    "dma100" : null,
    "dma200" : 1773.91,
    "volume" : 13565.00
  }, {
    "date" : "2025-03-24",
    "price" : 1736.30,
    "dma50" : 1777.75,
    "dma100" : null,
    "dma200" : 1773.53,
    "volume" : 44368.00
  }, {
    "date" : "2025-03-25",
    "price" : 1658.90,
    "dma50" : 1773.09,
    "dma100" : null,
    "dma200" : 1772.39,
    "volume" : 26528.00
  }, {
    "date" : "2025-03-26",
    "price" : 1624.40,
    "dma50" : 1767.26,
    "dma100" : null,
    "dma200" : 1770.92,
    "volume" : 29933.00
  }, {
    "date" : "2025-03-27",
    "price" : 1621.60,
    "dma50" : 1761.55,
    "dma100" : null,
    "dma200" : 1769.43,
    "volume" : 34157.00
  }, {
    "date" : "2025-03-28",
    "price" : 1631.80,
    "dma50" : 1756.46,
    "dma100" : null,
    "dma200" : 1768.06,
    "volume" : 38638.00
  }, {
    "date" : "2025-04-01",
    "price" : 1635.00,
    "dma50" : 1751.70,
    "dma100" : null,
    "dma200" : 1766.74,
    "volume" : 35842.00
  }, {
    "date" : "2025-04-02",
    "price" : 1616.25,
    "dma50" : 1746.38,
    "dma100" : null,
    "dma200" : 1765.24,
    "volume" : 15769.00
  }, {
    "date" : "2025-04-03",
    "price" : 1611.30,
    "dma50" : 1741.09,
    "dma100" : null,
    "dma200" : 1763.71,
    "volume" : 11059.00
  }, {
    "date" : "2025-04-04",
    "price" : 1500.15,
    "dma50" : 1731.64,
    "dma100" : null,
    "dma200" : 1761.09,
    "volume" : 45235.00
  }, {
    "date" : "2025-04-07",
    "price" : 1402.45,
    "dma50" : 1718.73,
    "dma100" : null,
    "dma200" : 1757.52,
    "volume" : 60391.00
  }, {
    "date" : "2025-04-08",
    "price" : 1479.05,
    "dma50" : 1709.33,
    "dma100" : null,
    "dma200" : 1754.75,
    "volume" : 25866.00
  }, {
    "date" : "2025-04-09",
    "price" : 1489.65,
    "dma50" : 1700.71,
    "dma100" : null,
    "dma200" : 1752.11,
    "volume" : 8963.00
  }, {
    "date" : "2025-04-11",
    "price" : 1516.10,
    "dma50" : 1693.47,
    "dma100" : null,
    "dma200" : 1749.76,
    "volume" : 14501.00
  }, {
    "date" : "2025-04-15",
    "price" : 1550.90,
    "dma50" : 1687.88,
    "dma100" : null,
    "dma200" : 1747.78,
    "volume" : 25546.00
  }, {
    "date" : "2025-04-16",
    "price" : 1529.10,
    "dma50" : 1681.66,
    "dma100" : null,
    "dma200" : 1745.61,
    "volume" : 24571.00
  }, {
    "date" : "2025-04-17",
    "price" : 1525.60,
    "dma50" : 1675.54,
    "dma100" : null,
    "dma200" : 1743.42,
    "volume" : 19689.00
  }, {
    "date" : "2025-04-21",
    "price" : 1553.30,
    "dma50" : 1670.74,
    "dma100" : null,
    "dma200" : 1741.53,
    "volume" : 26903.00
  }, {
    "date" : "2025-04-22",
    "price" : 1546.10,
    "dma50" : 1665.86,
    "dma100" : null,
    "dma200" : 1739.58,
    "volume" : 19848.00
  }, {
    "date" : "2025-04-23",
    "price" : 1550.80,
    "dma50" : 1661.34,
    "dma100" : null,
    "dma200" : 1737.70,
    "volume" : 29330.00
  }, {
    "date" : "2025-04-24",
    "price" : 1521.90,
    "dma50" : 1655.87,
    "dma100" : null,
    "dma200" : 1735.56,
    "volume" : 23417.00
  }, {
    "date" : "2025-04-25",
    "price" : 1477.00,
    "dma50" : 1648.86,
    "dma100" : null,
    "dma200" : 1732.98,
    "volume" : 59701.00
  }, {
    "date" : "2025-04-28",
    "price" : 1488.80,
    "dma50" : 1642.58,
    "dma100" : null,
    "dma200" : 1730.55,
    "volume" : 47988.00
  }, {
    "date" : "2025-04-29",
    "price" : 1455.40,
    "dma50" : 1635.24,
    "dma100" : null,
    "dma200" : 1727.82,
    "volume" : 22540.00
  }, {
    "date" : "2025-04-30",
    "price" : 1452.30,
    "dma50" : 1628.07,
    "dma100" : null,
    "dma200" : 1725.08,
    "volume" : 18975.00
  }, {
    "date" : "2025-05-02",
    "price" : 1537.20,
    "dma50" : 1624.51,
    "dma100" : null,
    "dma200" : 1723.21,
    "volume" : 111266.00
  }, {
    "date" : "2025-05-05",
    "price" : 1563.30,
    "dma50" : 1622.10,
    "dma100" : null,
    "dma200" : 1721.62,
    "volume" : 37138.00
  }, {
    "date" : "2025-05-06",
    "price" : 1490.20,
    "dma50" : 1616.93,
    "dma100" : null,
    "dma200" : 1719.31,
    "volume" : 21897.00
  }, {
    "date" : "2025-05-07",
    "price" : 1547.40,
    "dma50" : 1614.21,
    "dma100" : null,
    "dma200" : 1717.60,
    "volume" : 55459.00
  }, {
    "date" : "2025-05-08",
    "price" : 1512.70,
    "dma50" : 1610.22,
    "dma100" : null,
    "dma200" : 1715.56,
    "volume" : 27683.00
  }, {
    "date" : "2025-05-09",
    "price" : 1492.30,
    "dma50" : 1605.60,
    "dma100" : null,
    "dma200" : 1713.34,
    "volume" : 16636.00
  }, {
    "date" : "2025-05-12",
    "price" : 1584.20,
    "dma50" : 1604.76,
    "dma100" : null,
    "dma200" : 1712.06,
    "volume" : 41617.00
  }, {
    "date" : "2025-05-13",
    "price" : 1669.40,
    "dma50" : 1607.30,
    "dma100" : null,
    "dma200" : 1711.63,
    "volume" : 37860.00
  }, {
    "date" : "2025-05-14",
    "price" : 1661.00,
    "dma50" : 1609.40,
    "dma100" : null,
    "dma200" : 1711.13,
    "volume" : 17783.00
  }, {
    "date" : "2025-05-15",
    "price" : 1692.60,
    "dma50" : 1612.66,
    "dma100" : null,
    "dma200" : 1710.94,
    "volume" : 18061.00
  }, {
    "date" : "2025-05-16",
    "price" : 1707.10,
    "dma50" : 1616.37,
    "dma100" : null,
    "dma200" : 1710.91,
    "volume" : 26490.00
  }, {
    "date" : "2025-05-19",
    "price" : 1741.90,
    "dma50" : 1621.29,
    "dma100" : null,
    "dma200" : 1711.21,
    "volume" : 36132.00
  }, {
    "date" : "2025-05-20",
    "price" : 1706.00,
    "dma50" : 1624.61,
    "dma100" : null,
    "dma200" : 1711.16,
    "volume" : 34430.00
  }, {
    "date" : "2025-05-21",
    "price" : 1726.80,
    "dma50" : 1628.62,
    "dma100" : null,
    "dma200" : 1711.32,
    "volume" : 17121.00
  }, {
    "date" : "2025-05-22",
    "price" : 1734.50,
    "dma50" : 1632.77,
    "dma100" : null,
    "dma200" : 1711.55,
    "volume" : 15031.00
  }, {
    "date" : "2025-05-23",
    "price" : 1732.70,
    "dma50" : 1636.69,
    "dma100" : null,
    "dma200" : 1711.76,
    "volume" : 38490.00
  }, {
    "date" : "2025-05-26",
    "price" : 1557.30,
    "dma50" : 1633.58,
    "dma100" : null,
    "dma200" : 1710.22,
    "volume" : 218962.00
  }, {
    "date" : "2025-05-27",
    "price" : 1575.60,
    "dma50" : 1631.30,
    "dma100" : null,
    "dma200" : 1708.88,
    "volume" : 47357.00
  }, {
    "date" : "2025-05-28",
    "price" : 1560.80,
    "dma50" : 1628.54,
    "dma100" : null,
    "dma200" : 1707.41,
    "volume" : 37026.00
  }, {
    "date" : "2025-05-29",
    "price" : 1613.60,
    "dma50" : 1627.95,
    "dma100" : null,
    "dma200" : 1706.48,
    "volume" : 59465.00
  }, {
    "date" : "2025-05-30",
    "price" : 1668.20,
    "dma50" : 1629.53,
    "dma100" : null,
    "dma200" : 1706.09,
    "volume" : 60470.00
  }, {
    "date" : "2025-06-02",
    "price" : 1571.80,
    "dma50" : 1627.27,
    "dma100" : null,
    "dma200" : 1704.76,
    "volume" : 204933.00
  }, {
    "date" : "2025-06-03",
    "price" : 1585.80,
    "dma50" : 1625.64,
    "dma100" : null,
    "dma200" : 1703.57,
    "volume" : 40889.00
  }, {
    "date" : "2025-06-04",
    "price" : 1611.40,
    "dma50" : 1625.08,
    "dma100" : null,
    "dma200" : 1702.66,
    "volume" : 27531.00
  }, {
    "date" : "2025-06-05",
    "price" : 1592.50,
    "dma50" : 1623.81,
    "dma100" : null,
    "dma200" : 1701.56,
    "volume" : 38853.00
  }, {
    "date" : "2025-06-06",
    "price" : 1600.60,
    "dma50" : 1622.90,
    "dma100" : null,
    "dma200" : 1700.56,
    "volume" : 41586.00
  }, {
    "date" : "2025-06-09",
    "price" : 1602.80,
    "dma50" : 1622.11,
    "dma100" : null,
    "dma200" : 1699.58,
    "volume" : 63960.00
  }, {
    "date" : "2025-06-10",
    "price" : 1592.10,
    "dma50" : 1620.93,
    "dma100" : null,
    "dma200" : 1698.51,
    "volume" : 27949.00
  }, {
    "date" : "2025-06-11",
    "price" : 1585.10,
    "dma50" : 1619.53,
    "dma100" : null,
    "dma200" : 1697.39,
    "volume" : 35855.00
  }, {
    "date" : "2025-06-12",
    "price" : 1575.00,
    "dma50" : 1617.78,
    "dma100" : null,
    "dma200" : 1696.17,
    "volume" : 21612.00
  }, {
    "date" : "2025-06-13",
    "price" : 1563.60,
    "dma50" : 1615.65,
    "dma100" : null,
    "dma200" : 1694.85,
    "volume" : 20958.00
  }, {
    "date" : "2025-06-16",
    "price" : 1574.20,
    "dma50" : 1614.03,
    "dma100" : null,
    "dma200" : 1693.65,
    "volume" : 26895.00
  }, {
    "date" : "2025-06-17",
    "price" : 1551.10,
    "dma50" : 1611.56,
    "dma100" : null,
    "dma200" : 1692.23,
    "volume" : 24309.00
  }, {
    "date" : "2025-06-18",
    "price" : 1552.60,
    "dma50" : 1609.25,
    "dma100" : null,
    "dma200" : 1690.84,
    "volume" : 10058.00
  }, {
    "date" : "2025-06-19",
    "price" : 1554.50,
    "dma50" : 1607.10,
    "dma100" : null,
    "dma200" : 1689.48,
    "volume" : 20835.00
  }, {
    "date" : "2025-06-20",
    "price" : 1578.70,
    "dma50" : 1605.99,
    "dma100" : null,
    "dma200" : 1688.38,
    "volume" : 42471.00
  }, {
    "date" : "2025-06-23",
    "price" : 1540.30,
    "dma50" : 1603.41,
    "dma100" : null,
    "dma200" : 1686.91,
    "volume" : 50859.00
  }, {
    "date" : "2025-06-24",
    "price" : 1533.90,
    "dma50" : 1600.69,
    "dma100" : null,
    "dma200" : 1685.39,
    "volume" : 25844.00
  }, {
    "date" : "2025-06-25",
    "price" : 1548.90,
    "dma50" : 1598.66,
    "dma100" : null,
    "dma200" : 1684.03,
    "volume" : 34511.00
  }, {
    "date" : "2025-06-26",
    "price" : 1572.10,
    "dma50" : 1597.61,
    "dma100" : null,
    "dma200" : 1682.91,
    "volume" : 52379.00
  }, {
    "date" : "2025-06-27",
    "price" : 1596.60,
    "dma50" : 1597.57,
    "dma100" : null,
    "dma200" : 1682.06,
    "volume" : 55164.00
  }, {
    "date" : "2025-06-30",
    "price" : 1603.30,
    "dma50" : 1597.80,
    "dma100" : null,
    "dma200" : 1681.27,
    "volume" : 44837.00
  }, {
    "date" : "2025-07-01",
    "price" : 1594.20,
    "dma50" : 1597.66,
    "dma100" : null,
    "dma200" : 1680.41,
    "volume" : 26290.00
  }, {
    "date" : "2025-07-02",
    "price" : 1586.70,
    "dma50" : 1597.23,
    "dma100" : null,
    "dma200" : 1679.47,
    "volume" : 20671.00
  }, {
    "date" : "2025-07-03",
    "price" : 1599.70,
    "dma50" : 1597.32,
    "dma100" : null,
    "dma200" : 1678.68,
    "volume" : 18868.00
  }, {
    "date" : "2025-07-04",
    "price" : 1604.20,
    "dma50" : 1597.59,
    "dma100" : null,
    "dma200" : 1677.94,
    "volume" : 43166.00
  }, {
    "date" : "2025-07-07",
    "price" : 1553.40,
    "dma50" : 1595.86,
    "dma100" : null,
    "dma200" : 1676.70,
    "volume" : 44162.00
  }, {
    "date" : "2025-07-08",
    "price" : 1553.30,
    "dma50" : 1594.19,
    "dma100" : null,
    "dma200" : 1675.47,
    "volume" : 22079.00
  }, {
    "date" : "2025-07-09",
    "price" : 1560.50,
    "dma50" : 1592.87,
    "dma100" : null,
    "dma200" : 1674.33,
    "volume" : 13951.00
  }, {
    "date" : "2025-07-10",
    "price" : 1561.30,
    "dma50" : 1591.63,
    "dma100" : null,
    "dma200" : 1673.20,
    "volume" : 25422.00
  }, {
    "date" : "2025-07-11",
    "price" : 1542.70,
    "dma50" : 1589.71,
    "dma100" : null,
    "dma200" : 1671.90,
    "volume" : 26298.00
  }, {
    "date" : "2025-07-14",
    "price" : 1554.40,
    "dma50" : 1588.33,
    "dma100" : null,
    "dma200" : 1670.73,
    "volume" : 33716.00
  }, {
    "date" : "2025-07-15",
    "price" : 1548.50,
    "dma50" : 1586.77,
    "dma100" : null,
    "dma200" : 1669.52,
    "volume" : 34964.00
  }, {
    "date" : "2025-07-16",
    "price" : 1550.80,
    "dma50" : 1585.36,
    "dma100" : 1569.22,
    "dma200" : 1668.34,
    "volume" : 21709.00
  }, {
    "date" : "2025-07-17",
    "price" : 1548.30,
    "dma50" : 1583.90,
    "dma100" : 1570.13,
    "dma200" : 1667.14,
    "volume" : 30912.00
  }, {
    "date" : "2025-07-18",
    "price" : 1533.90,
    "dma50" : 1581.94,
    "dma100" : 1570.94,
    "dma200" : 1665.82,
    "volume" : 20682.00
  }, {
    "date" : "2025-07-21",
    "price" : 1557.60,
    "dma50" : 1580.99,
    "dma100" : 1571.56,
    "dma200" : 1664.74,
    "volume" : 25487.00
  }, {
    "date" : "2025-07-22",
    "price" : 1576.40,
    "dma50" : 1580.81,
    "dma100" : 1572.63,
    "dma200" : 1663.86,
    "volume" : 58888.00
  }, {
    "date" : "2025-07-23",
    "price" : 1546.40,
    "dma50" : 1579.46,
    "dma100" : 1573.55,
    "dma200" : 1662.69,
    "volume" : 32488.00
  }, {
    "date" : "2025-07-24",
    "price" : 1553.50,
    "dma50" : 1578.44,
    "dma100" : 1574.55,
    "dma200" : 1661.61,
    "volume" : 25669.00
  }, {
    "date" : "2025-07-25",
    "price" : 1507.70,
    "dma50" : 1575.67,
    "dma100" : 1575.05,
    "dma200" : 1660.07,
    "volume" : 33818.00
  }, {
    "date" : "2025-07-28",
    "price" : 1465.80,
    "dma50" : 1571.36,
    "dma100" : 1575.43,
    "dma200" : 1658.14,
    "volume" : 26039.00
  }, {
    "date" : "2025-07-29",
    "price" : 1484.60,
    "dma50" : 1567.96,
    "dma100" : 1575.88,
    "dma200" : 1656.41,
    "volume" : 21316.00
  }, {
    "date" : "2025-07-30",
    "price" : 1509.20,
    "dma50" : 1565.65,
    "dma100" : 1576.54,
    "dma200" : 1654.95,
    "volume" : 20419.00
  }, {
    "date" : "2025-07-31",
    "price" : 1499.10,
    "dma50" : 1563.04,
    "dma100" : 1576.23,
    "dma200" : 1653.40,
    "volume" : 17104.00
  }, {
    "date" : "2025-08-01",
    "price" : 1510.90,
    "dma50" : 1561.00,
    "dma100" : 1575.81,
    "dma200" : 1651.98,
    "volume" : 19352.00
  }, {
    "date" : "2025-08-04",
    "price" : 1521.50,
    "dma50" : 1559.45,
    "dma100" : 1575.40,
    "dma200" : 1650.68,
    "volume" : 23566.00
  }, {
    "date" : "2025-08-05",
    "price" : 1524.60,
    "dma50" : 1558.08,
    "dma100" : 1575.97,
    "dma200" : 1649.43,
    "volume" : 31660.00
  }, {
    "date" : "2025-08-06",
    "price" : 1519.40,
    "dma50" : 1556.56,
    "dma100" : 1575.82,
    "dma200" : 1648.13,
    "volume" : 28615.00
  }, {
    "date" : "2025-08-07",
    "price" : 1520.90,
    "dma50" : 1555.17,
    "dma100" : 1575.32,
    "dma200" : 1646.87,
    "volume" : 26775.00
  }, {
    "date" : "2025-08-08",
    "price" : 1520.10,
    "dma50" : 1553.79,
    "dma100" : 1574.68,
    "dma200" : 1645.61,
    "volume" : 17658.00
  }, {
    "date" : "2025-08-11",
    "price" : 1395.60,
    "dma50" : 1547.59,
    "dma100" : 1573.07,
    "dma200" : 1643.12,
    "volume" : 114948.00
  }, {
    "date" : "2025-08-12",
    "price" : 1265.70,
    "dma50" : 1536.53,
    "dma100" : 1569.11,
    "dma200" : 1639.36,
    "volume" : 370570.00
  }, {
    "date" : "2025-08-13",
    "price" : 1342.10,
    "dma50" : 1528.91,
    "dma100" : 1565.49,
    "dma200" : 1636.41,
    "volume" : 86188.00
  }, {
    "date" : "2025-08-14",
    "price" : 1354.50,
    "dma50" : 1522.07,
    "dma100" : 1561.67,
    "dma200" : 1633.60,
    "volume" : 38690.00
  }, {
    "date" : "2025-08-18",
    "price" : 1366.20,
    "dma50" : 1515.96,
    "dma100" : 1557.70,
    "dma200" : 1630.94,
    "volume" : 27991.00
  }, {
    "date" : "2025-08-19",
    "price" : 1373.60,
    "dma50" : 1510.37,
    "dma100" : 1554.07,
    "dma200" : 1628.38,
    "volume" : 17188.00
  }, {
    "date" : "2025-08-20",
    "price" : 1384.00,
    "dma50" : 1505.42,
    "dma100" : 1551.32,
    "dma200" : 1625.95,
    "volume" : 10122.00
  }, {
    "date" : "2025-08-21",
    "price" : 1385.50,
    "dma50" : 1500.71,
    "dma100" : 1548.93,
    "dma200" : 1623.56,
    "volume" : 15715.00
  }, {
    "date" : "2025-08-22",
    "price" : 1379.40,
    "dma50" : 1495.96,
    "dma100" : 1546.51,
    "dma200" : 1621.13,
    "volume" : 11709.00
  }, {
    "date" : "2025-08-25",
    "price" : 1378.60,
    "dma50" : 1491.36,
    "dma100" : 1543.98,
    "dma200" : 1618.71,
    "volume" : 12877.00
  }, {
    "date" : "2025-08-26",
    "price" : 1375.30,
    "dma50" : 1486.80,
    "dma100" : 1541.38,
    "dma200" : 1616.29,
    "volume" : 19887.00
  }, {
    "date" : "2025-08-28",
    "price" : 1365.00,
    "dma50" : 1482.03,
    "dma100" : 1538.87,
    "dma200" : 1613.79,
    "volume" : 11817.00
  }, {
    "date" : "2025-08-29",
    "price" : 1380.20,
    "dma50" : 1478.03,
    "dma100" : 1536.56,
    "dma200" : 1611.47,
    "volume" : 11825.00
  }, {
    "date" : "2025-09-01",
    "price" : 1396.30,
    "dma50" : 1474.83,
    "dma100" : 1535.52,
    "dma200" : 1609.33,
    "volume" : 12965.00
  }, {
    "date" : "2025-09-02",
    "price" : 1422.90,
    "dma50" : 1472.79,
    "dma100" : 1535.72,
    "dma200" : 1607.47,
    "volume" : 14734.00
  }, {
    "date" : "2025-09-03",
    "price" : 1435.40,
    "dma50" : 1471.33,
    "dma100" : 1535.29,
    "dma200" : 1605.76,
    "volume" : 14587.00
  }, {
    "date" : "2025-09-04",
    "price" : 1438.90,
    "dma50" : 1470.05,
    "dma100" : 1534.78,
    "dma200" : 1604.10,
    "volume" : 17461.00
  }, {
    "date" : "2025-09-05",
    "price" : 1429.60,
    "dma50" : 1468.47,
    "dma100" : 1533.91,
    "dma200" : 1602.36,
    "volume" : 9415.00
  }, {
    "date" : "2025-09-08",
    "price" : 1438.80,
    "dma50" : 1467.30,
    "dma100" : 1532.79,
    "dma200" : 1600.73,
    "volume" : 9938.00
  }, {
    "date" : "2025-09-09",
    "price" : 1431.40,
    "dma50" : 1465.90,
    "dma100" : 1531.82,
    "dma200" : 1599.05,
    "volume" : 10336.00
  }, {
    "date" : "2025-09-10",
    "price" : 1437.50,
    "dma50" : 1464.78,
    "dma100" : 1530.93,
    "dma200" : 1597.44,
    "volume" : 13870.00
  }, {
    "date" : "2025-09-11",
    "price" : 1429.20,
    "dma50" : 1463.39,
    "dma100" : 1529.69,
    "dma200" : 1595.77,
    "volume" : 7946.00
  }, {
    "date" : "2025-09-12",
    "price" : 1425.90,
    "dma50" : 1461.92,
    "dma100" : 1528.49,
    "dma200" : 1594.08,
    "volume" : 10030.00
  }, {
    "date" : "2025-09-15",
    "price" : 1434.40,
    "dma50" : 1460.84,
    "dma100" : 1527.33,
    "dma200" : 1592.49,
    "volume" : 9556.00
  }, {
    "date" : "2025-09-16",
    "price" : 1437.50,
    "dma50" : 1459.92,
    "dma100" : 1526.48,
    "dma200" : 1590.95,
    "volume" : 10404.00
  }, {
    "date" : "2025-09-17",
    "price" : 1450.00,
    "dma50" : 1459.53,
    "dma100" : 1526.21,
    "dma200" : 1589.54,
    "volume" : 14607.00
  }, {
    "date" : "2025-09-18",
    "price" : 1434.20,
    "dma50" : 1458.54,
    "dma100" : 1525.67,
    "dma200" : 1588.00,
    "volume" : 17819.00
  }, {
    "date" : "2025-09-19",
    "price" : 1424.10,
    "dma50" : 1457.19,
    "dma100" : 1525.35,
    "dma200" : 1586.37,
    "volume" : 12308.00
  }, {
    "date" : "2025-09-22",
    "price" : 1437.10,
    "dma50" : 1456.40,
    "dma100" : 1525.20,
    "dma200" : 1584.88,
    "volume" : 15391.00
  }, {
    "date" : "2025-09-23",
    "price" : 1439.80,
    "dma50" : 1455.75,
    "dma100" : 1524.23,
    "dma200" : 1583.44,
    "volume" : 10659.00
  }, {
    "date" : "2025-09-24",
    "price" : 1450.00,
    "dma50" : 1455.53,
    "dma100" : 1523.10,
    "dma200" : 1582.11,
    "volume" : 14905.00
  }, {
    "date" : "2025-09-25",
    "price" : 1447.90,
    "dma50" : 1455.23,
    "dma100" : 1522.67,
    "dma200" : 1580.78,
    "volume" : 9147.00
  }, {
    "date" : "2025-09-26",
    "price" : 1437.90,
    "dma50" : 1454.55,
    "dma100" : 1521.58,
    "dma200" : 1579.35,
    "volume" : 11594.00
  }, {
    "date" : "2025-09-29",
    "price" : 1438.10,
    "dma50" : 1453.90,
    "dma100" : 1520.83,
    "dma200" : 1577.95,
    "volume" : 10409.00
  }, {
    "date" : "2025-09-30",
    "price" : 1439.20,
    "dma50" : 1453.33,
    "dma100" : 1520.30,
    "dma200" : 1576.57,
    "volume" : 9776.00
  }, {
    "date" : "2025-10-01",
    "price" : 1436.90,
    "dma50" : 1452.68,
    "dma100" : 1518.83,
    "dma200" : 1575.18,
    "volume" : 7800.00
  }, {
    "date" : "2025-10-03",
    "price" : 1477.90,
    "dma50" : 1453.67,
    "dma100" : 1516.91,
    "dma200" : 1574.21,
    "volume" : 29938.00
  }, {
    "date" : "2025-10-06",
    "price" : 1455.80,
    "dma50" : 1453.75,
    "dma100" : 1514.86,
    "dma200" : 1573.03,
    "volume" : 15995.00
  }, {
    "date" : "2025-10-07",
    "price" : 1440.80,
    "dma50" : 1453.25,
    "dma100" : 1512.34,
    "dma200" : 1571.72,
    "volume" : 8198.00
  }, {
    "date" : "2025-10-08",
    "price" : 1440.20,
    "dma50" : 1452.73,
    "dma100" : 1509.67,
    "dma200" : 1570.41,
    "volume" : 9713.00
  }, {
    "date" : "2025-10-09",
    "price" : 1448.80,
    "dma50" : 1452.58,
    "dma100" : 1506.74,
    "dma200" : 1569.20,
    "volume" : 6977.00
  }, {
    "date" : "2025-10-10",
    "price" : 1447.80,
    "dma50" : 1452.39,
    "dma100" : 1504.16,
    "dma200" : 1567.99,
    "volume" : 9297.00
  }, {
    "date" : "2025-10-13",
    "price" : 1444.40,
    "dma50" : 1452.08,
    "dma100" : 1501.34,
    "dma200" : 1566.76,
    "volume" : 10022.00
  }, {
    "date" : "2025-10-14",
    "price" : 1445.40,
    "dma50" : 1451.82,
    "dma100" : 1498.45,
    "dma200" : 1565.55,
    "volume" : 28507.00
  }, {
    "date" : "2025-10-15",
    "price" : 1454.50,
    "dma50" : 1451.92,
    "dma100" : 1495.66,
    "dma200" : 1564.45,
    "volume" : 11764.00
  }, {
    "date" : "2025-10-16",
    "price" : 1457.00,
    "dma50" : 1452.12,
    "dma100" : 1494.66,
    "dma200" : 1563.38,
    "volume" : 4988.00
  }, {
    "date" : "2025-10-17",
    "price" : 1453.90,
    "dma50" : 1452.19,
    "dma100" : 1493.44,
    "dma200" : 1562.29,
    "volume" : 5516.00
  }, {
    "date" : "2025-10-20",
    "price" : 1449.10,
    "dma50" : 1452.07,
    "dma100" : 1492.33,
    "dma200" : 1561.16,
    "volume" : 12364.00
  }, {
    "date" : "2025-10-21",
    "price" : 1461.40,
    "dma50" : 1452.44,
    "dma100" : 1490.80,
    "dma200" : 1560.17,
    "volume" : 2983.00
  }, {
    "date" : "2025-10-23",
    "price" : 1447.20,
    "dma50" : 1452.23,
    "dma100" : 1488.59,
    "dma200" : 1559.05,
    "volume" : 9029.00
  }, {
    "date" : "2025-10-24",
    "price" : 1454.20,
    "dma50" : 1452.31,
    "dma100" : 1487.42,
    "dma200" : 1558.00,
    "volume" : 14633.00
  }, {
    "date" : "2025-10-27",
    "price" : 1449.10,
    "dma50" : 1452.18,
    "dma100" : 1486.05,
    "dma200" : 1556.92,
    "volume" : 5321.00
  }, {
    "date" : "2025-10-28",
    "price" : 1452.10,
    "dma50" : 1452.18,
    "dma100" : 1484.46,
    "dma200" : 1555.88,
    "volume" : 6869.00
  }, {
    "date" : "2025-10-29",
    "price" : 1479.40,
    "dma50" : 1453.25,
    "dma100" : 1483.33,
    "dma200" : 1555.12,
    "volume" : 9874.00
  }, {
    "date" : "2025-10-30",
    "price" : 1486.60,
    "dma50" : 1454.55,
    "dma100" : 1482.19,
    "dma200" : 1554.43,
    "volume" : 11016.00
  }, {
    "date" : "2025-10-31",
    "price" : 1473.30,
    "dma50" : 1455.29,
    "dma100" : 1480.89,
    "dma200" : 1553.63,
    "volume" : 8904.00
  }, {
    "date" : "2025-11-03",
    "price" : 1464.30,
    "dma50" : 1455.64,
    "dma100" : 1479.61,
    "dma200" : 1552.74,
    "volume" : 6694.00
  }, {
    "date" : "2025-11-04",
    "price" : 1462.60,
    "dma50" : 1455.92,
    "dma100" : 1478.39,
    "dma200" : 1551.84,
    "volume" : 10637.00
  }, {
    "date" : "2025-11-06",
    "price" : 1445.70,
    "dma50" : 1455.51,
    "dma100" : 1477.10,
    "dma200" : 1550.78,
    "volume" : 10692.00
  }, {
    "date" : "2025-11-07",
    "price" : 1479.50,
    "dma50" : 1456.46,
    "dma100" : 1476.26,
    "dma200" : 1550.08,
    "volume" : 32008.00
  }, {
    "date" : "2025-11-10",
    "price" : 1450.90,
    "dma50" : 1456.24,
    "dma100" : 1475.02,
    "dma200" : 1549.09,
    "volume" : 25868.00
  }, {
    "date" : "2025-11-11",
    "price" : 1452.20,
    "dma50" : 1456.08,
    "dma100" : 1474.03,
    "dma200" : 1548.12,
    "volume" : 9975.00
  }, {
    "date" : "2025-11-12",
    "price" : 1452.80,
    "dma50" : 1455.95,
    "dma100" : 1473.04,
    "dma200" : 1547.18,
    "volume" : 14108.00
  }, {
    "date" : "2025-11-13",
    "price" : 1451.50,
    "dma50" : 1455.78,
    "dma100" : 1472.01,
    "dma200" : 1546.22,
    "volume" : 16195.00
  }, {
    "date" : "2025-11-14",
    "price" : 1458.20,
    "dma50" : 1455.87,
    "dma100" : 1470.80,
    "dma200" : 1545.35,
    "volume" : 23610.00
  }, {
    "date" : "2025-11-17",
    "price" : 1439.60,
    "dma50" : 1455.23,
    "dma100" : 1469.79,
    "dma200" : 1544.30,
    "volume" : 44237.00
  }, {
    "date" : "2025-11-18",
    "price" : 1448.40,
    "dma50" : 1454.97,
    "dma100" : 1468.94,
    "dma200" : 1543.34,
    "volume" : 29357.00
  }, {
    "date" : "2025-11-19",
    "price" : 1446.80,
    "dma50" : 1454.64,
    "dma100" : 1467.92,
    "dma200" : 1542.38,
    "volume" : 22517.00
  }, {
    "date" : "2025-11-20",
    "price" : 1456.50,
    "dma50" : 1454.72,
    "dma100" : 1466.76,
    "dma200" : 1541.53,
    "volume" : 6467.00
  }, {
    "date" : "2025-11-21",
    "price" : 1453.10,
    "dma50" : 1454.65,
    "dma100" : 1465.33,
    "dma200" : 1540.65,
    "volume" : 7819.00
  }, {
    "date" : "2025-11-24",
    "price" : 1442.80,
    "dma50" : 1454.19,
    "dma100" : 1463.72,
    "dma200" : 1539.67,
    "volume" : 22358.00
  }, {
    "date" : "2025-11-25",
    "price" : 1451.40,
    "dma50" : 1454.08,
    "dma100" : 1462.29,
    "dma200" : 1538.79,
    "volume" : 5385.00
  }, {
    "date" : "2025-11-26",
    "price" : 1458.70,
    "dma50" : 1454.26,
    "dma100" : 1461.01,
    "dma200" : 1538.00,
    "volume" : 9283.00
  }, {
    "date" : "2025-11-27",
    "price" : 1460.20,
    "dma50" : 1454.49,
    "dma100" : 1459.62,
    "dma200" : 1537.22,
    "volume" : 4586.00
  }, {
    "date" : "2025-11-28",
    "price" : 1457.90,
    "dma50" : 1454.63,
    "dma100" : 1458.16,
    "dma200" : 1536.43,
    "volume" : 5855.00
  }, {
    "date" : "2025-12-01",
    "price" : 1461.50,
    "dma50" : 1454.90,
    "dma100" : 1457.24,
    "dma200" : 1535.69,
    "volume" : 5133.00
  }, {
    "date" : "2025-12-02",
    "price" : 1457.30,
    "dma50" : 1454.99,
    "dma100" : 1456.28,
    "dma200" : 1534.91,
    "volume" : 8408.00
  }, {
    "date" : "2025-12-03",
    "price" : 1455.70,
    "dma50" : 1455.02,
    "dma100" : 1455.23,
    "dma200" : 1534.12,
    "volume" : 4471.00
  }, {
    "date" : "2025-12-04",
    "price" : 1456.20,
    "dma50" : 1455.07,
    "dma100" : 1454.18,
    "dma200" : 1533.35,
    "volume" : 23200.00
  }, {
    "date" : "2025-12-05",
    "price" : 1455.20,
    "dma50" : 1455.07,
    "dma100" : 1453.30,
    "dma200" : 1532.57,
    "volume" : 7190.00
  }, {
    "date" : "2025-12-08",
    "price" : 1450.00,
    "dma50" : 1454.87,
    "dma100" : 1452.26,
    "dma200" : 1531.75,
    "volume" : 14425.00
  }, {
    "date" : "2025-12-09",
    "price" : 1450.70,
    "dma50" : 1454.71,
    "dma100" : 1451.28,
    "dma200" : 1530.94,
    "volume" : 10754.00
  }, {
    "date" : "2025-12-10",
    "price" : 1457.20,
    "dma50" : 1454.81,
    "dma100" : 1450.34,
    "dma200" : 1530.21,
    "volume" : 9446.00
  }, {
    "date" : "2025-12-11",
    "price" : 1452.20,
    "dma50" : 1454.70,
    "dma100" : 1449.38,
    "dma200" : 1529.43,
    "volume" : 6529.00
  }, {
    "date" : "2025-12-12",
    "price" : 1453.00,
    "dma50" : 1454.64,
    "dma100" : 1448.57,
    "dma200" : 1528.67,
    "volume" : 3179.00
  }, {
    "date" : "2025-12-15",
    "price" : 1453.70,
    "dma50" : 1454.60,
    "dma100" : 1447.54,
    "dma200" : 1527.92,
    "volume" : 8329.00
  }, {
    "date" : "2025-12-16",
    "price" : 1460.00,
    "dma50" : 1454.81,
    "dma100" : 1446.37,
    "dma200" : 1527.25,
    "volume" : 14700.00
  }, {
    "date" : "2025-12-17",
    "price" : 1453.40,
    "dma50" : 1454.76,
    "dma100" : 1445.44,
    "dma200" : 1526.51,
    "volume" : 6317.00
  }, {
    "date" : "2025-12-18",
    "price" : 1448.90,
    "dma50" : 1454.53,
    "dma100" : 1444.40,
    "dma200" : 1525.74,
    "volume" : 7553.00
  }, {
    "date" : "2025-12-19",
    "price" : 1451.80,
    "dma50" : 1454.42,
    "dma100" : 1443.84,
    "dma200" : 1525.00,
    "volume" : 3167.00
  }, {
    "date" : "2025-12-22",
    "price" : 1449.80,
    "dma50" : 1454.24,
    "dma100" : 1443.68,
    "dma200" : 1524.26,
    "volume" : 4340.00
  }, {
    "date" : "2025-12-23",
    "price" : 1431.50,
    "dma50" : 1453.35,
    "dma100" : 1443.15,
    "dma200" : 1523.33,
    "volume" : 5736.00
  }, {
    "date" : "2025-12-24",
    "price" : 1434.50,
    "dma50" : 1452.61,
    "dma100" : 1442.40,
    "dma200" : 1522.45,
    "volume" : 6360.00
  }, {
    "date" : "2025-12-26",
    "price" : 1430.70,
    "dma50" : 1451.75,
    "dma100" : 1441.71,
    "dma200" : 1521.54,
    "volume" : 5971.00
  }, {
    "date" : "2025-12-29",
    "price" : 1411.90,
    "dma50" : 1450.19,
    "dma100" : 1440.72,
    "dma200" : 1520.45,
    "volume" : 4106.00
  }, {
    "date" : "2025-12-30",
    "price" : 1407.20,
    "dma50" : 1448.50,
    "dma100" : 1439.58,
    "dma200" : 1519.32,
    "volume" : 6416.00
  }, {
    "date" : "2025-12-31",
    "price" : 1415.20,
    "dma50" : 1447.19,
    "dma100" : 1438.49,
    "dma200" : 1518.28,
    "volume" : 4644.00
  }, {
    "date" : "2026-01-01",
    "price" : 1401.20,
    "dma50" : 1445.39,
    "dma100" : 1437.31,
    "dma200" : 1517.12,
    "volume" : 2401.00
  }, {
    "date" : "2026-01-02",
    "price" : 1404.30,
    "dma50" : 1443.78,
    "dma100" : 1436.14,
    "dma200" : 1516.00,
    "volume" : 3858.00
  }, {
    "date" : "2026-01-05",
    "price" : 1372.50,
    "dma50" : 1440.98,
    "dma100" : 1434.66,
    "dma200" : 1514.57,
    "volume" : 15272.00
  }, {
    "date" : "2026-01-06",
    "price" : 1330.80,
    "dma50" : 1436.66,
    "dma100" : 1434.02,
    "dma200" : 1512.74,
    "volume" : 13049.00
  }, {
    "date" : "2026-01-07",
    "price" : 1332.30,
    "dma50" : 1432.57,
    "dma100" : 1434.68,
    "dma200" : 1510.94,
    "volume" : 13152.00
  }, {
    "date" : "2026-01-08",
    "price" : 1321.00,
    "dma50" : 1428.20,
    "dma100" : 1434.47,
    "dma200" : 1509.05,
    "volume" : 13740.00
  }, {
    "date" : "2026-01-09",
    "price" : 1311.70,
    "dma50" : 1423.63,
    "dma100" : 1434.04,
    "dma200" : 1507.09,
    "volume" : 10167.00
  }, {
    "date" : "2026-01-12",
    "price" : 1295.40,
    "dma50" : 1418.60,
    "dma100" : 1433.33,
    "dma200" : 1504.98,
    "volume" : 10981.00
  }, {
    "date" : "2026-01-13",
    "price" : 1302.30,
    "dma50" : 1414.04,
    "dma100" : 1432.62,
    "dma200" : 1502.97,
    "volume" : 14551.00
  }, {
    "date" : "2026-01-14",
    "price" : 1316.90,
    "dma50" : 1410.23,
    "dma100" : 1431.95,
    "dma200" : 1501.12,
    "volume" : 6351.00
  }, {
    "date" : "2026-01-16",
    "price" : 1303.40,
    "dma50" : 1406.04,
    "dma100" : 1431.13,
    "dma200" : 1499.15,
    "volume" : 8451.00
  }, {
    "date" : "2026-01-19",
    "price" : 1288.20,
    "dma50" : 1401.42,
    "dma100" : 1430.22,
    "dma200" : 1497.05,
    "volume" : 7675.00
  }, {
    "date" : "2026-01-20",
    "price" : 1268.80,
    "dma50" : 1396.22,
    "dma100" : 1429.12,
    "dma200" : 1494.78,
    "volume" : 8623.00
  }, {
    "date" : "2026-01-21",
    "price" : 1272.00,
    "dma50" : 1391.35,
    "dma100" : 1428.09,
    "dma200" : 1492.56,
    "volume" : 6339.00
  }, {
    "date" : "2026-01-22",
    "price" : 1298.90,
    "dma50" : 1387.72,
    "dma100" : 1427.43,
    "dma200" : 1490.63,
    "volume" : 6634.00
  }, {
    "date" : "2026-01-23",
    "price" : 1297.50,
    "dma50" : 1384.18,
    "dma100" : 1426.60,
    "dma200" : 1488.71,
    "volume" : 5734.00
  }, {
    "date" : "2026-01-27",
    "price" : 1276.50,
    "dma50" : 1379.96,
    "dma100" : 1425.40,
    "dma200" : 1486.60,
    "volume" : 15513.00
  }, {
    "date" : "2026-01-28",
    "price" : 1279.70,
    "dma50" : 1376.03,
    "dma100" : 1423.97,
    "dma200" : 1484.54,
    "volume" : 4977.00
  }, {
    "date" : "2026-01-29",
    "price" : 1289.10,
    "dma50" : 1372.62,
    "dma100" : 1422.51,
    "dma200" : 1482.60,
    "volume" : 5740.00
  }, {
    "date" : "2026-01-30",
    "price" : 1312.60,
    "dma50" : 1370.27,
    "dma100" : 1421.24,
    "dma200" : 1480.91,
    "volume" : 5633.00
  }, {
    "date" : "2026-02-01",
    "price" : 1300.80,
    "dma50" : 1367.54,
    "dma100" : 1419.95,
    "dma200" : 1479.11,
    "volume" : 1326.00
  }, {
    "date" : "2026-02-02",
    "price" : 1300.20,
    "dma50" : 1364.90,
    "dma100" : 1418.57,
    "dma200" : 1477.33,
    "volume" : 4085.00
  }, {
    "date" : "2026-02-03",
    "price" : 1365.90,
    "dma50" : 1364.94,
    "dma100" : 1417.91,
    "dma200" : 1476.22,
    "volume" : 60862.00
  }, {
    "date" : "2026-02-04",
    "price" : 1395.80,
    "dma50" : 1366.15,
    "dma100" : 1417.50,
    "dma200" : 1475.42,
    "volume" : 8328.00
  }, {
    "date" : "2026-02-05",
    "price" : 1476.20,
    "dma50" : 1370.47,
    "dma100" : 1417.97,
    "dma200" : 1475.43,
    "volume" : 25995.00
  }, {
    "date" : "2026-02-06",
    "price" : 1461.10,
    "dma50" : 1374.02,
    "dma100" : 1418.32,
    "dma200" : 1475.29,
    "volume" : 8364.00
  }, {
    "date" : "2026-02-09",
    "price" : 1480.20,
    "dma50" : 1378.18,
    "dma100" : 1418.78,
    "dma200" : 1475.34,
    "volume" : 9997.00
  }, {
    "date" : "2026-02-10",
    "price" : 1470.10,
    "dma50" : 1381.79,
    "dma100" : 1419.10,
    "dma200" : 1475.29,
    "volume" : 5175.00
  }, {
    "date" : "2026-02-11",
    "price" : 1508.40,
    "dma50" : 1386.75,
    "dma100" : 1419.69,
    "dma200" : 1475.62,
    "volume" : 23860.00
  }, {
    "date" : "2026-02-12",
    "price" : 1479.50,
    "dma50" : 1390.39,
    "dma100" : 1420.14,
    "dma200" : 1475.65,
    "volume" : 9950.00
  }, {
    "date" : "2026-02-13",
    "price" : 1414.80,
    "dma50" : 1391.35,
    "dma100" : 1420.05,
    "dma200" : 1475.05,
    "volume" : 9398.00
  } ],
  "latestTechnicalAttributes" : {
    "date" : "2026-02-13",
    "price" : 1414.80,
    "dma50" : 1391.35,
    "dma100" : 1420.05,
    "dma200" : 1475.05,
    "volume" : 9398.00
  },
  "quarterlyResults" : [ {
    "date" : "2005-03-31",
    "sales" : 32.96,
    "salesGrowthYoY" : null,
    "grossProfitMargin" : 54.79,
    "grossProfit" : 18.06,
    "operatingProfitMargin" : 14.65,
    "operatingProfit" : 4.83,
    "netProfitMargin" : 1.76,
    "netProfit" : 0.58
  }, {
    "date" : "2005-06-30",
    "sales" : 22.53,
    "salesGrowthYoY" : null,
    "grossProfitMargin" : 65.02,
    "grossProfit" : 14.65,
    "operatingProfitMargin" : 17.00,
    "operatingProfit" : 3.83,
    "netProfitMargin" : 2.75,
    "netProfit" : 0.62
  }, {
    "date" : "2005-09-30",
    "sales" : 28.94,
    "salesGrowthYoY" : null,
    "grossProfitMargin" : 53.14,
    "grossProfit" : 15.38,
    "operatingProfitMargin" : 15.58,
    "operatingProfit" : 4.51,
    "netProfitMargin" : 2.04,
    "netProfit" : 0.59
  }, {
    "date" : "2005-12-31",
    "sales" : 32.30,
    "salesGrowthYoY" : null,
    "grossProfitMargin" : 55.23,
    "grossProfit" : 17.84,
    "operatingProfitMargin" : 15.51,
    "operatingProfit" : 5.01,
    "netProfitMargin" : 2.38,
    "netProfit" : 0.77
  }, {
    "date" : "2006-03-31",
    "sales" : 37.01,
    "salesGrowthYoY" : 12.29,
    "grossProfitMargin" : 49.74,
    "grossProfit" : 18.41,
    "operatingProfitMargin" : 11.46,
    "operatingProfit" : 4.24,
    "netProfitMargin" : 0.54,
    "netProfit" : 0.20
  }, {
    "date" : "2006-06-30",
    "sales" : 29.64,
    "salesGrowthYoY" : 31.56,
    "grossProfitMargin" : 60.43,
    "grossProfit" : 17.91,
    "operatingProfitMargin" : 15.99,
    "operatingProfit" : 4.74,
    "netProfitMargin" : 2.80,
    "netProfit" : 0.83
  }, {
    "date" : "2006-09-30",
    "sales" : 33.75,
    "salesGrowthYoY" : 16.62,
    "grossProfitMargin" : 53.90,
    "grossProfit" : 18.19,
    "operatingProfitMargin" : 18.31,
    "operatingProfit" : 6.18,
    "netProfitMargin" : 2.99,
    "netProfit" : 1.01
  }, {
    "date" : "2006-12-31",
    "sales" : 36.26,
    "salesGrowthYoY" : 12.26,
    "grossProfitMargin" : 55.41,
    "grossProfit" : 20.09,
    "operatingProfitMargin" : 16.13,
    "operatingProfit" : 5.85,
    "netProfitMargin" : 2.76,
    "netProfit" : 1.00
  }, {
    "date" : "2007-03-31",
    "sales" : 43.28,
    "salesGrowthYoY" : 16.94,
    "grossProfitMargin" : 48.64,
    "grossProfit" : 21.05,
    "operatingProfitMargin" : 9.38,
    "operatingProfit" : 4.06,
    "netProfitMargin" : 1.09,
    "netProfit" : 0.47
  }, {
    "date" : "2007-06-30",
    "sales" : 36.86,
    "salesGrowthYoY" : 24.36,
    "grossProfitMargin" : 49.78,
    "grossProfit" : 18.35,
    "operatingProfitMargin" : 16.68,
    "operatingProfit" : 6.15,
    "netProfitMargin" : 1.09,
    "netProfit" : 0.40
  }, {
    "date" : "2007-09-30",
    "sales" : 38.53,
    "salesGrowthYoY" : 14.16,
    "grossProfitMargin" : 54.32,
    "grossProfit" : 20.93,
    "operatingProfitMargin" : 17.16,
    "operatingProfit" : 6.61,
    "netProfitMargin" : 1.17,
    "netProfit" : 0.45
  }, {
    "date" : "2007-12-31",
    "sales" : 42.23,
    "salesGrowthYoY" : 16.46,
    "grossProfitMargin" : 100.00,
    "grossProfit" : 42.23,
    "operatingProfitMargin" : 13.99,
    "operatingProfit" : 5.91,
    "netProfitMargin" : 0.71,
    "netProfit" : 0.30
  }, {
    "date" : "2008-03-31",
    "sales" : 47.83,
    "salesGrowthYoY" : 10.51,
    "grossProfitMargin" : 100.00,
    "grossProfit" : 47.83,
    "operatingProfitMargin" : 11.21,
    "operatingProfit" : 5.36,
    "netProfitMargin" : 0.61,
    "netProfit" : 0.29
  }, {
    "date" : "2008-06-30",
    "sales" : 42.67,
    "salesGrowthYoY" : 15.76,
    "grossProfitMargin" : 100.00,
    "grossProfit" : 42.67,
    "operatingProfitMargin" : 16.38,
    "operatingProfit" : 6.99,
    "netProfitMargin" : 0.21,
    "netProfit" : 0.09
  }, {
    "date" : "2008-09-30",
    "sales" : 54.41,
    "salesGrowthYoY" : 41.21,
    "grossProfitMargin" : 100.00,
    "grossProfit" : 54.41,
    "operatingProfitMargin" : 15.79,
    "operatingProfit" : 8.59,
    "netProfitMargin" : 3.42,
    "netProfit" : 1.86
  }, {
    "date" : "2008-12-31",
    "sales" : 47.51,
    "salesGrowthYoY" : 12.50,
    "grossProfitMargin" : 100.00,
    "grossProfit" : 47.51,
    "operatingProfitMargin" : 10.67,
    "operatingProfit" : 5.07,
    "netProfitMargin" : -3.77,
    "netProfit" : -1.79
  }, {
    "date" : "2009-03-31",
    "sales" : 42.50,
    "salesGrowthYoY" : -11.14,
    "grossProfitMargin" : 100.00,
    "grossProfit" : 42.50,
    "operatingProfitMargin" : 14.24,
    "operatingProfit" : 6.05,
    "netProfitMargin" : 1.36,
    "netProfit" : 0.58
  }, {
    "date" : "2009-06-30",
    "sales" : 32.63,
    "salesGrowthYoY" : -23.53,
    "grossProfitMargin" : 100.00,
    "grossProfit" : 32.63,
    "operatingProfitMargin" : 13.73,
    "operatingProfit" : 4.48,
    "netProfitMargin" : -6.93,
    "netProfit" : -2.26
  }, {
    "date" : "2009-09-30",
    "sales" : 39.82,
    "salesGrowthYoY" : -26.81,
    "grossProfitMargin" : 100.00,
    "grossProfit" : 39.82,
    "operatingProfitMargin" : 23.46,
    "operatingProfit" : 9.34,
    "netProfitMargin" : -5.22,
    "netProfit" : -2.08
  }, {
    "date" : "2009-12-31",
    "sales" : 48.01,
    "salesGrowthYoY" : 1.05,
    "grossProfitMargin" : 100.00,
    "grossProfit" : 48.01,
    "operatingProfitMargin" : 21.72,
    "operatingProfit" : 10.43,
    "netProfitMargin" : 3.06,
    "netProfit" : 1.47
  }, {
    "date" : "2010-03-31",
    "sales" : 56.74,
    "salesGrowthYoY" : 33.51,
    "grossProfitMargin" : 100.00,
    "grossProfit" : 56.74,
    "operatingProfitMargin" : 20.53,
    "operatingProfit" : 11.65,
    "netProfitMargin" : 7.40,
    "netProfit" : 4.20
  }, {
    "date" : "2010-06-30",
    "sales" : 49.15,
    "salesGrowthYoY" : 50.63,
    "grossProfitMargin" : 100.00,
    "grossProfit" : 49.15,
    "operatingProfitMargin" : 23.03,
    "operatingProfit" : 11.32,
    "netProfitMargin" : 3.21,
    "netProfit" : 1.58
  }, {
    "date" : "2010-09-30",
    "sales" : 58.02,
    "salesGrowthYoY" : 45.71,
    "grossProfitMargin" : 100.00,
    "grossProfit" : 58.02,
    "operatingProfitMargin" : 22.16,
    "operatingProfit" : 12.86,
    "netProfitMargin" : 3.46,
    "netProfit" : 2.01
  }, {
    "date" : "2010-12-31",
    "sales" : 60.77,
    "salesGrowthYoY" : 26.58,
    "grossProfitMargin" : 100.00,
    "grossProfit" : 60.77,
    "operatingProfitMargin" : 20.75,
    "operatingProfit" : 12.61,
    "netProfitMargin" : 3.32,
    "netProfit" : 2.02
  }, {
    "date" : "2011-03-31",
    "sales" : 60.43,
    "salesGrowthYoY" : 6.50,
    "grossProfitMargin" : 43.04,
    "grossProfit" : 26.01,
    "operatingProfitMargin" : 15.26,
    "operatingProfit" : 9.22,
    "netProfitMargin" : 0.48,
    "netProfit" : 0.29
  }, {
    "date" : "2011-06-30",
    "sales" : 57.36,
    "salesGrowthYoY" : 16.70,
    "grossProfitMargin" : 96.88,
    "grossProfit" : 55.57,
    "operatingProfitMargin" : 20.78,
    "operatingProfit" : 11.92,
    "netProfitMargin" : 2.60,
    "netProfit" : 1.49
  }, {
    "date" : "2011-09-30",
    "sales" : 54.88,
    "salesGrowthYoY" : -5.41,
    "grossProfitMargin" : 68.82,
    "grossProfit" : 37.77,
    "operatingProfitMargin" : 22.10,
    "operatingProfit" : 12.13,
    "netProfitMargin" : -0.35,
    "netProfit" : -0.19
  }, {
    "date" : "2011-12-31",
    "sales" : 54.80,
    "salesGrowthYoY" : -9.82,
    "grossProfitMargin" : 49.85,
    "grossProfit" : 27.32,
    "operatingProfitMargin" : 18.14,
    "operatingProfit" : 9.94,
    "netProfitMargin" : 1.53,
    "netProfit" : 0.84
  }, {
    "date" : "2012-03-31",
    "sales" : 51.20,
    "salesGrowthYoY" : -15.27,
    "grossProfitMargin" : 48.44,
    "grossProfit" : 24.80,
    "operatingProfitMargin" : 20.57,
    "operatingProfit" : 10.53,
    "netProfitMargin" : 1.37,
    "netProfit" : 0.70
  }, {
    "date" : "2012-06-30",
    "sales" : 62.29,
    "salesGrowthYoY" : 8.59,
    "grossProfitMargin" : 51.90,
    "grossProfit" : 32.33,
    "operatingProfitMargin" : 20.61,
    "operatingProfit" : 12.84,
    "netProfitMargin" : 1.43,
    "netProfit" : 0.89
  }, {
    "date" : "2012-09-30",
    "sales" : 189.75,
    "salesGrowthYoY" : 245.75,
    "grossProfitMargin" : 81.70,
    "grossProfit" : 155.03,
    "operatingProfitMargin" : 73.19,
    "operatingProfit" : 138.88,
    "netProfitMargin" : 53.25,
    "netProfit" : 101.04
  }, {
    "date" : "2012-12-31",
    "sales" : 60.31,
    "salesGrowthYoY" : 10.05,
    "grossProfitMargin" : 34.49,
    "grossProfit" : 20.80,
    "operatingProfitMargin" : 13.40,
    "operatingProfit" : 8.08,
    "netProfitMargin" : 7.05,
    "netProfit" : 4.25
  }, {
    "date" : "2013-03-31",
    "sales" : 54.45,
    "salesGrowthYoY" : 6.35,
    "grossProfitMargin" : 58.13,
    "grossProfit" : 31.65,
    "operatingProfitMargin" : 23.10,
    "operatingProfit" : 12.58,
    "netProfitMargin" : 0.57,
    "netProfit" : 0.31
  }, {
    "date" : "2013-06-30",
    "sales" : 42.69,
    "salesGrowthYoY" : -31.47,
    "grossProfitMargin" : 44.06,
    "grossProfit" : 18.81,
    "operatingProfitMargin" : 12.06,
    "operatingProfit" : 5.15,
    "netProfitMargin" : 2.27,
    "netProfit" : 0.97
  }, {
    "date" : "2013-09-30",
    "sales" : 43.18,
    "salesGrowthYoY" : -77.24,
    "grossProfitMargin" : 59.19,
    "grossProfit" : 25.56,
    "operatingProfitMargin" : 16.33,
    "operatingProfit" : 7.05,
    "netProfitMargin" : 2.50,
    "netProfit" : 1.08
  }, {
    "date" : "2013-12-31",
    "sales" : 52.04,
    "salesGrowthYoY" : -13.71,
    "grossProfitMargin" : 51.25,
    "grossProfit" : 26.67,
    "operatingProfitMargin" : 16.06,
    "operatingProfit" : 8.36,
    "netProfitMargin" : 4.46,
    "netProfit" : 2.32
  }, {
    "date" : "2014-03-31",
    "sales" : 59.68,
    "salesGrowthYoY" : 9.61,
    "grossProfitMargin" : 63.54,
    "grossProfit" : 37.92,
    "operatingProfitMargin" : 23.79,
    "operatingProfit" : 14.20,
    "netProfitMargin" : 3.28,
    "netProfit" : 1.96
  }, {
    "date" : "2014-06-30",
    "sales" : 48.49,
    "salesGrowthYoY" : 13.59,
    "grossProfitMargin" : 63.75,
    "grossProfit" : 30.91,
    "operatingProfitMargin" : 21.51,
    "operatingProfit" : 10.43,
    "netProfitMargin" : 1.90,
    "netProfit" : 0.92
  }, {
    "date" : "2014-09-30",
    "sales" : 51.87,
    "salesGrowthYoY" : 20.13,
    "grossProfitMargin" : 58.11,
    "grossProfit" : 30.14,
    "operatingProfitMargin" : 17.68,
    "operatingProfit" : 9.17,
    "netProfitMargin" : 6.69,
    "netProfit" : 3.47
  }, {
    "date" : "2014-12-31",
    "sales" : 50.49,
    "salesGrowthYoY" : -2.98,
    "grossProfitMargin" : 53.54,
    "grossProfit" : 27.03,
    "operatingProfitMargin" : 15.15,
    "operatingProfit" : 7.65,
    "netProfitMargin" : -3.35,
    "netProfit" : -1.69
  }, {
    "date" : "2015-03-31",
    "sales" : 54.81,
    "salesGrowthYoY" : -8.16,
    "grossProfitMargin" : 61.49,
    "grossProfit" : 33.70,
    "operatingProfitMargin" : 17.15,
    "operatingProfit" : 9.40,
    "netProfitMargin" : 1.37,
    "netProfit" : 0.75
  }, {
    "date" : "2015-06-30",
    "sales" : 50.78,
    "salesGrowthYoY" : 4.72,
    "grossProfitMargin" : 60.20,
    "grossProfit" : 30.57,
    "operatingProfitMargin" : 17.37,
    "operatingProfit" : 8.82,
    "netProfitMargin" : 0.77,
    "netProfit" : 0.39
  }, {
    "date" : "2015-09-30",
    "sales" : 54.14,
    "salesGrowthYoY" : 4.38,
    "grossProfitMargin" : 60.82,
    "grossProfit" : 32.93,
    "operatingProfitMargin" : 17.14,
    "operatingProfit" : 9.28,
    "netProfitMargin" : 3.42,
    "netProfit" : 1.85
  }, {
    "date" : "2015-12-31",
    "sales" : 53.77,
    "salesGrowthYoY" : 6.50,
    "grossProfitMargin" : 60.09,
    "grossProfit" : 32.31,
    "operatingProfitMargin" : 16.01,
    "operatingProfit" : 8.61,
    "netProfitMargin" : 1.95,
    "netProfit" : 1.05
  }, {
    "date" : "2016-03-31",
    "sales" : 62.25,
    "salesGrowthYoY" : 13.57,
    "grossProfitMargin" : 56.10,
    "grossProfit" : 34.92,
    "operatingProfitMargin" : 13.33,
    "operatingProfit" : 8.30,
    "netProfitMargin" : 0.59,
    "netProfit" : 0.37
  }, {
    "date" : "2016-06-30",
    "sales" : 50.18,
    "salesGrowthYoY" : -1.18,
    "grossProfitMargin" : 66.66,
    "grossProfit" : 33.45,
    "operatingProfitMargin" : 16.04,
    "operatingProfit" : 8.05,
    "netProfitMargin" : 3.07,
    "netProfit" : 1.54
  }, {
    "date" : "2016-09-30",
    "sales" : 57.21,
    "salesGrowthYoY" : 5.67,
    "grossProfitMargin" : 65.69,
    "grossProfit" : 37.58,
    "operatingProfitMargin" : 22.62,
    "operatingProfit" : 12.94,
    "netProfitMargin" : 9.88,
    "netProfit" : 5.65
  }, {
    "date" : "2016-12-31",
    "sales" : 58.60,
    "salesGrowthYoY" : 8.98,
    "grossProfitMargin" : 65.22,
    "grossProfit" : 38.22,
    "operatingProfitMargin" : 22.29,
    "operatingProfit" : 13.06,
    "netProfitMargin" : 5.72,
    "netProfit" : 3.35
  }, {
    "date" : "2017-03-31",
    "sales" : 58.72,
    "salesGrowthYoY" : -5.67,
    "grossProfitMargin" : 62.47,
    "grossProfit" : 36.68,
    "operatingProfitMargin" : 18.41,
    "operatingProfit" : 10.81,
    "netProfitMargin" : 6.37,
    "netProfit" : 3.74
  }, {
    "date" : "2017-06-30",
    "sales" : 49.18,
    "salesGrowthYoY" : -1.99,
    "grossProfitMargin" : 66.51,
    "grossProfit" : 32.71,
    "operatingProfitMargin" : 15.98,
    "operatingProfit" : 7.86,
    "netProfitMargin" : 2.44,
    "netProfit" : 1.20
  }, {
    "date" : "2017-09-30",
    "sales" : 54.77,
    "salesGrowthYoY" : -4.26,
    "grossProfitMargin" : 63.72,
    "grossProfit" : 34.90,
    "operatingProfitMargin" : 24.25,
    "operatingProfit" : 13.28,
    "netProfitMargin" : 12.16,
    "netProfit" : 6.66
  }, {
    "date" : "2017-12-31",
    "sales" : 67.11,
    "salesGrowthYoY" : 14.52,
    "grossProfitMargin" : 62.45,
    "grossProfit" : 41.91,
    "operatingProfitMargin" : 20.94,
    "operatingProfit" : 14.05,
    "netProfitMargin" : 5.11,
    "netProfit" : 3.43
  }, {
    "date" : "2018-03-31",
    "sales" : 79.82,
    "salesGrowthYoY" : 35.93,
    "grossProfitMargin" : 61.36,
    "grossProfit" : 48.98,
    "operatingProfitMargin" : 22.54,
    "operatingProfit" : 17.99,
    "netProfitMargin" : 12.87,
    "netProfit" : 10.27
  }, {
    "date" : "2018-06-30",
    "sales" : 69.21,
    "salesGrowthYoY" : 40.73,
    "grossProfitMargin" : 62.85,
    "grossProfit" : 43.50,
    "operatingProfitMargin" : 22.83,
    "operatingProfit" : 15.80,
    "netProfitMargin" : 15.53,
    "netProfit" : 10.75
  }, {
    "date" : "2018-09-30",
    "sales" : 72.13,
    "salesGrowthYoY" : 31.70,
    "grossProfitMargin" : 53.03,
    "grossProfit" : 38.25,
    "operatingProfitMargin" : 15.53,
    "operatingProfit" : 11.20,
    "netProfitMargin" : 8.47,
    "netProfit" : 6.11
  }, {
    "date" : "2018-12-31",
    "sales" : 73.55,
    "salesGrowthYoY" : 9.60,
    "grossProfitMargin" : 58.69,
    "grossProfit" : 43.17,
    "operatingProfitMargin" : 17.92,
    "operatingProfit" : 13.18,
    "netProfitMargin" : 5.64,
    "netProfit" : 4.15
  }, {
    "date" : "2019-03-31",
    "sales" : 75.28,
    "salesGrowthYoY" : -5.69,
    "grossProfitMargin" : 62.18,
    "grossProfit" : 46.81,
    "operatingProfitMargin" : 22.04,
    "operatingProfit" : 16.59,
    "netProfitMargin" : 10.03,
    "netProfit" : 7.55
  }, {
    "date" : "2019-06-30",
    "sales" : 70.13,
    "salesGrowthYoY" : 1.33,
    "grossProfitMargin" : 63.11,
    "grossProfit" : 44.26,
    "operatingProfitMargin" : 20.66,
    "operatingProfit" : 14.49,
    "netProfitMargin" : 8.46,
    "netProfit" : 5.93
  }, {
    "date" : "2019-09-30",
    "sales" : 71.50,
    "salesGrowthYoY" : -0.87,
    "grossProfitMargin" : 61.50,
    "grossProfit" : 43.97,
    "operatingProfitMargin" : 17.57,
    "operatingProfit" : 12.56,
    "netProfitMargin" : 10.62,
    "netProfit" : 7.59
  }, {
    "date" : "2019-12-31",
    "sales" : 79.14,
    "salesGrowthYoY" : 7.60,
    "grossProfitMargin" : 58.33,
    "grossProfit" : 46.16,
    "operatingProfitMargin" : 17.27,
    "operatingProfit" : 13.67,
    "netProfitMargin" : 8.39,
    "netProfit" : 6.64
  }, {
    "date" : "2020-03-31",
    "sales" : 76.93,
    "salesGrowthYoY" : 2.19,
    "grossProfitMargin" : 60.98,
    "grossProfit" : 46.91,
    "operatingProfitMargin" : 18.74,
    "operatingProfit" : 14.42,
    "netProfitMargin" : 8.66,
    "netProfit" : 6.66
  }, {
    "date" : "2020-06-30",
    "sales" : 55.03,
    "salesGrowthYoY" : -21.53,
    "grossProfitMargin" : 61.33,
    "grossProfit" : 33.75,
    "operatingProfitMargin" : 25.31,
    "operatingProfit" : 13.93,
    "netProfitMargin" : 10.45,
    "netProfit" : 5.75
  }, {
    "date" : "2020-09-30",
    "sales" : 95.41,
    "salesGrowthYoY" : 33.44,
    "grossProfitMargin" : 65.55,
    "grossProfit" : 62.54,
    "operatingProfitMargin" : 32.46,
    "operatingProfit" : 30.97,
    "netProfitMargin" : 19.05,
    "netProfit" : 18.18
  }, {
    "date" : "2020-12-31",
    "sales" : 103.38,
    "salesGrowthYoY" : 30.63,
    "grossProfitMargin" : 60.28,
    "grossProfit" : 62.32,
    "operatingProfitMargin" : 27.36,
    "operatingProfit" : 28.28,
    "netProfitMargin" : 17.04,
    "netProfit" : 17.62
  }, {
    "date" : "2021-03-31",
    "sales" : 110.82,
    "salesGrowthYoY" : 44.05,
    "grossProfitMargin" : 57.88,
    "grossProfit" : 64.14,
    "operatingProfitMargin" : 28.71,
    "operatingProfit" : 31.82,
    "netProfitMargin" : 17.68,
    "netProfit" : 19.59
  }, {
    "date" : "2021-06-30",
    "sales" : 93.92,
    "salesGrowthYoY" : 70.67,
    "grossProfitMargin" : 60.10,
    "grossProfit" : 56.45,
    "operatingProfitMargin" : 27.12,
    "operatingProfit" : 25.47,
    "netProfitMargin" : 16.71,
    "netProfit" : 15.69
  }, {
    "date" : "2021-09-30",
    "sales" : 109.66,
    "salesGrowthYoY" : 14.94,
    "grossProfitMargin" : 59.99,
    "grossProfit" : 65.79,
    "operatingProfitMargin" : 27.35,
    "operatingProfit" : 29.99,
    "netProfitMargin" : 17.03,
    "netProfit" : 18.68
  }, {
    "date" : "2021-12-31",
    "sales" : 102.68,
    "salesGrowthYoY" : -0.68,
    "grossProfitMargin" : 57.66,
    "grossProfit" : 59.21,
    "operatingProfitMargin" : 24.52,
    "operatingProfit" : 25.18,
    "netProfitMargin" : 14.03,
    "netProfit" : 14.41
  }, {
    "date" : "2022-03-31",
    "sales" : 110.59,
    "salesGrowthYoY" : -0.21,
    "grossProfitMargin" : 51.89,
    "grossProfit" : 57.39,
    "operatingProfitMargin" : 20.58,
    "operatingProfit" : 22.76,
    "netProfitMargin" : 11.98,
    "netProfit" : 13.25
  }, {
    "date" : "2022-06-30",
    "sales" : 109.65,
    "salesGrowthYoY" : 16.75,
    "grossProfitMargin" : 56.91,
    "grossProfit" : 62.40,
    "operatingProfitMargin" : 18.98,
    "operatingProfit" : 20.81,
    "netProfitMargin" : 13.36,
    "netProfit" : 14.65
  }, {
    "date" : "2022-09-30",
    "sales" : 110.82,
    "salesGrowthYoY" : 1.06,
    "grossProfitMargin" : 56.25,
    "grossProfit" : 62.34,
    "operatingProfitMargin" : 18.99,
    "operatingProfit" : 21.04,
    "netProfitMargin" : 12.71,
    "netProfit" : 14.09
  }, {
    "date" : "2022-12-31",
    "sales" : 103.55,
    "salesGrowthYoY" : 0.85,
    "grossProfitMargin" : 56.64,
    "grossProfit" : 58.65,
    "operatingProfitMargin" : 18.73,
    "operatingProfit" : 19.39,
    "netProfitMargin" : 9.64,
    "netProfit" : 9.98
  }, {
    "date" : "2023-03-31",
    "sales" : 126.13,
    "salesGrowthYoY" : 14.05,
    "grossProfitMargin" : 59.00,
    "grossProfit" : 74.42,
    "operatingProfitMargin" : 23.44,
    "operatingProfit" : 29.56,
    "netProfitMargin" : 13.22,
    "netProfit" : 16.67
  }, {
    "date" : "2023-06-30",
    "sales" : 102.29,
    "salesGrowthYoY" : -6.71,
    "grossProfitMargin" : 61.76,
    "grossProfit" : 63.17,
    "operatingProfitMargin" : 22.78,
    "operatingProfit" : 23.30,
    "netProfitMargin" : 14.10,
    "netProfit" : 14.42
  }, {
    "date" : "2023-09-30",
    "sales" : 114.69,
    "salesGrowthYoY" : 3.49,
    "grossProfitMargin" : 59.88,
    "grossProfit" : 68.68,
    "operatingProfitMargin" : 25.62,
    "operatingProfit" : 29.38,
    "netProfitMargin" : 17.01,
    "netProfit" : 19.51
  }, {
    "date" : "2023-12-31",
    "sales" : 119.86,
    "salesGrowthYoY" : 15.75,
    "grossProfitMargin" : 59.30,
    "grossProfit" : 71.08,
    "operatingProfitMargin" : 25.22,
    "operatingProfit" : 30.23,
    "netProfitMargin" : 17.77,
    "netProfit" : 21.30
  }, {
    "date" : "2024-03-31",
    "sales" : 117.95,
    "salesGrowthYoY" : -6.49,
    "grossProfitMargin" : 62.27,
    "grossProfit" : 73.45,
    "operatingProfitMargin" : 25.21,
    "operatingProfit" : 29.74,
    "netProfitMargin" : 20.32,
    "netProfit" : 23.97
  }, {
    "date" : "2024-06-30",
    "sales" : 119.98,
    "salesGrowthYoY" : 17.29,
    "grossProfitMargin" : 64.46,
    "grossProfit" : 77.34,
    "operatingProfitMargin" : 26.71,
    "operatingProfit" : 32.05,
    "netProfitMargin" : 21.48,
    "netProfit" : 25.77
  }, {
    "date" : "2024-09-30",
    "sales" : 151.21,
    "salesGrowthYoY" : 31.84,
    "grossProfitMargin" : 62.83,
    "grossProfit" : 95.01,
    "operatingProfitMargin" : 31.28,
    "operatingProfit" : 47.30,
    "netProfitMargin" : 24.92,
    "netProfit" : 37.68
  }, {
    "date" : "2024-12-31",
    "sales" : 134.63,
    "salesGrowthYoY" : 12.32,
    "grossProfitMargin" : 62.60,
    "grossProfit" : 84.28,
    "operatingProfitMargin" : 25.32,
    "operatingProfit" : 34.09,
    "netProfitMargin" : 16.79,
    "netProfit" : 22.60
  }, {
    "date" : "2025-03-31",
    "sales" : 149.83,
    "salesGrowthYoY" : 27.03,
    "grossProfitMargin" : 59.11,
    "grossProfit" : 88.56,
    "operatingProfitMargin" : 19.16,
    "operatingProfit" : 28.71,
    "netProfitMargin" : 12.89,
    "netProfit" : 19.31
  }, {
    "date" : "2025-06-30",
    "sales" : 110.64,
    "salesGrowthYoY" : -7.78,
    "grossProfitMargin" : 61.70,
    "grossProfit" : 68.26,
    "operatingProfitMargin" : 20.99,
    "operatingProfit" : 23.22,
    "netProfitMargin" : 22.06,
    "netProfit" : 24.41
  }, {
    "date" : "2025-09-30",
    "sales" : 125.81,
    "salesGrowthYoY" : -16.80,
    "grossProfitMargin" : 62.02,
    "grossProfit" : 78.03,
    "operatingProfitMargin" : 22.64,
    "operatingProfit" : 28.48,
    "netProfitMargin" : 15.13,
    "netProfit" : 19.04
  }, {
    "date" : "2025-12-31",
    "sales" : 138.58,
    "salesGrowthYoY" : 2.93,
    "grossProfitMargin" : 62.53,
    "grossProfit" : 86.65,
    "operatingProfitMargin" : 27.96,
    "operatingProfit" : 38.75,
    "netProfitMargin" : 22.83,
    "netProfit" : 31.64
  } ],
  "latestQuarterlyResult" : {
    "date" : "2025-12-31",
    "sales" : 138.58,
    "salesGrowthYoY" : 2.93,
    "grossProfitMargin" : 62.53,
    "grossProfit" : 86.65,
    "operatingProfitMargin" : 27.96,
    "operatingProfit" : 38.75,
    "netProfitMargin" : 22.83,
    "netProfit" : 31.64
  },
  "companyScore" : {
    "priceHigherThanDma50" : 5.00,
    "priceHigherThanDma100" : 0.00,
    "priceHigherThanDma200" : 0.00,
    "dma50HigherThanDma100" : 0.00,
    "dma50HigherThanDma200" : 0.00,
    "dma100HigherThanDma200" : 0.00,
    "pricePercentageAboveDma50" : 4.92,
    "pricePercentageAboveDma100" : 5.02,
    "pricePercentageAboveDma200" : 5.20,
    "weeklyVolumeHigherThanYearlyVolume" : 0.00,
    "salesGrowthPercentile" : 7.50,
    "operatingProfitMarginPercentile" : 19.05,
    "netProfitMarginPercentile" : 9.76,
    "totalTechnicalScore" : 20.14,
    "totalFundamentalScore" : 36.31,
    "totalScore" : 56.45
  }
}