{
  "metadata" : {
    "screenerCompanyId" : "1951",
    "companyCode" : "POONAWALLA",
    "companyName" : "Poonawalla Fin",
    "screenerCompanyLink" : "https://www.screener.in/company/POONAWALLA/consolidated/",
    "screenerTechnicalHistoryLink" : "https://www.screener.in/api/company/1951/chart/?q=Price-DMA50-DMA200-Volume&days=365",
    "screenerQuarterlyResultsLink" : "https://www.screener.in/api/company/1951/chart/?q=GPM-OPM-NPM-Quarter+Sales&days=10000",
    "attributes" : {
      "companyCode" : "POONAWALLA",
      "companyName" : "Poonawalla Fin",
      "marketCap" : 38263.00,
      "peRatio" : 176.00,
      "description" : "Poonawalla Fincorp Limited (erstwhile Magma Fincorp Limited) is a non-deposit taking NBFC registered with RBI. It is engaged in providing consumer and MSME financing, as well as General Insurance services. [1][2]"
    },
    "companyScore" : {
      "priceHigherThanDma50" : 5.00,
      "priceHigherThanDma100" : 5.00,
      "priceHigherThanDma200" : 5.00,
      "dma50HigherThanDma100" : 0.00,
      "dma50HigherThanDma200" : 5.00,
      "dma100HigherThanDma200" : 5.00,
      "pricePercentageAboveDma50" : 4.95,
      "pricePercentageAboveDma100" : 4.98,
      "pricePercentageAboveDma200" : 4.65,
      "weeklyVolumeHigherThanYearlyVolume" : 0.00,
      "salesGrowthPercentile" : 16.20,
      "operatingProfitMarginPercentile" : 17.56,
      "netProfitMarginPercentile" : 7.72,
      "totalTechnicalScore" : 39.58,
      "totalFundamentalScore" : 41.47,
      "totalScore" : 81.06
    }
  },
  "attributes" : {
    "companyCode" : "POONAWALLA",
    "companyName" : "Poonawalla Fin",
    "marketCap" : 38263.00,
    "peRatio" : 176.00,
    "description" : "Poonawalla Fincorp Limited (erstwhile Magma Fincorp Limited) is a non-deposit taking NBFC registered with RBI. It is engaged in providing consumer and MSME financing, as well as General Insurance services. [1][2]"
  },
  "technicalHistory" : [ {
    "date" : "2024-12-24",
    "price" : 321.95,
    "dma50" : 356.37,
    "dma100" : null,
    "dma200" : 389.58,
    "volume" : 2095257.00
  }, {
    "date" : "2024-12-26",
    "price" : 320.45,
    "dma50" : 354.96,
    "dma100" : null,
    "dma200" : 388.89,
    "volume" : 1091420.00
  }, {
    "date" : "2024-12-27",
    "price" : 320.65,
    "dma50" : 353.62,
    "dma100" : null,
    "dma200" : 388.22,
    "volume" : 867068.00
  }, {
    "date" : "2024-12-30",
    "price" : 315.35,
    "dma50" : 352.12,
    "dma100" : null,
    "dma200" : 387.49,
    "volume" : 932220.00
  }, {
    "date" : "2024-12-31",
    "price" : 314.35,
    "dma50" : 350.63,
    "dma100" : null,
    "dma200" : 386.76,
    "volume" : 728988.00
  }, {
    "date" : "2025-01-01",
    "price" : 314.10,
    "dma50" : 349.20,
    "dma100" : null,
    "dma200" : 386.04,
    "volume" : 707034.00
  }, {
    "date" : "2025-01-02",
    "price" : 321.45,
    "dma50" : 348.11,
    "dma100" : null,
    "dma200" : 385.40,
    "volume" : 1622055.00
  }, {
    "date" : "2025-01-03",
    "price" : 319.60,
    "dma50" : 347.00,
    "dma100" : null,
    "dma200" : 384.74,
    "volume" : 1520812.00
  }, {
    "date" : "2025-01-06",
    "price" : 313.30,
    "dma50" : 345.67,
    "dma100" : null,
    "dma200" : 384.03,
    "volume" : 2351726.00
  }, {
    "date" : "2025-01-07",
    "price" : 316.60,
    "dma50" : 344.53,
    "dma100" : null,
    "dma200" : 383.36,
    "volume" : 8028836.00
  }, {
    "date" : "2025-01-08",
    "price" : 321.80,
    "dma50" : 343.64,
    "dma100" : null,
    "dma200" : 382.75,
    "volume" : 11950153.00
  }, {
    "date" : "2025-01-09",
    "price" : 313.45,
    "dma50" : 342.46,
    "dma100" : null,
    "dma200" : 382.06,
    "volume" : 2022563.00
  }, {
    "date" : "2025-01-10",
    "price" : 308.25,
    "dma50" : 341.12,
    "dma100" : null,
    "dma200" : 381.32,
    "volume" : 1990150.00
  }, {
    "date" : "2025-01-13",
    "price" : 302.25,
    "dma50" : 339.59,
    "dma100" : null,
    "dma200" : 380.54,
    "volume" : 2190030.00
  }, {
    "date" : "2025-01-14",
    "price" : 308.85,
    "dma50" : 338.39,
    "dma100" : null,
    "dma200" : 379.82,
    "volume" : 1453556.00
  }, {
    "date" : "2025-01-15",
    "price" : 310.25,
    "dma50" : 337.28,
    "dma100" : null,
    "dma200" : 379.13,
    "volume" : 1009964.00
  }, {
    "date" : "2025-01-16",
    "price" : 311.25,
    "dma50" : 336.26,
    "dma100" : null,
    "dma200" : 378.46,
    "volume" : 1766602.00
  }, {
    "date" : "2025-01-17",
    "price" : 314.05,
    "dma50" : 335.39,
    "dma100" : null,
    "dma200" : 377.82,
    "volume" : 905676.00
  }, {
    "date" : "2025-01-20",
    "price" : 319.25,
    "dma50" : 334.76,
    "dma100" : null,
    "dma200" : 377.23,
    "volume" : 1562122.00
  }, {
    "date" : "2025-01-21",
    "price" : 323.85,
    "dma50" : 334.33,
    "dma100" : null,
    "dma200" : 376.70,
    "volume" : 4668149.00
  }, {
    "date" : "2025-01-22",
    "price" : 327.10,
    "dma50" : 334.05,
    "dma100" : null,
    "dma200" : 376.21,
    "volume" : 1611266.00
  }, {
    "date" : "2025-01-23",
    "price" : 332.80,
    "dma50" : 334.00,
    "dma100" : null,
    "dma200" : 375.78,
    "volume" : 1460630.00
  }, {
    "date" : "2025-01-24",
    "price" : 317.00,
    "dma50" : 333.33,
    "dma100" : null,
    "dma200" : 375.19,
    "volume" : 1090465.00
  }, {
    "date" : "2025-01-27",
    "price" : 309.55,
    "dma50" : 332.40,
    "dma100" : null,
    "dma200" : 374.54,
    "volume" : 1753810.00
  }, {
    "date" : "2025-01-28",
    "price" : 308.70,
    "dma50" : 331.47,
    "dma100" : null,
    "dma200" : 373.88,
    "volume" : 1480616.00
  }, {
    "date" : "2025-01-29",
    "price" : 314.90,
    "dma50" : 330.82,
    "dma100" : null,
    "dma200" : 373.30,
    "volume" : 2493891.00
  }, {
    "date" : "2025-01-30",
    "price" : 308.60,
    "dma50" : 329.95,
    "dma100" : null,
    "dma200" : 372.65,
    "volume" : 2647822.00
  }, {
    "date" : "2025-01-31",
    "price" : 310.40,
    "dma50" : 329.18,
    "dma100" : null,
    "dma200" : 372.03,
    "volume" : 1984120.00
  }, {
    "date" : "2025-02-01",
    "price" : 308.60,
    "dma50" : 328.37,
    "dma100" : null,
    "dma200" : 371.40,
    "volume" : 3765331.00
  }, {
    "date" : "2025-02-03",
    "price" : 308.00,
    "dma50" : 327.58,
    "dma100" : null,
    "dma200" : 370.77,
    "volume" : 2136457.00
  }, {
    "date" : "2025-02-04",
    "price" : 312.95,
    "dma50" : 327.00,
    "dma100" : null,
    "dma200" : 370.20,
    "volume" : 1423858.00
  }, {
    "date" : "2025-02-05",
    "price" : 317.20,
    "dma50" : 326.62,
    "dma100" : null,
    "dma200" : 369.67,
    "volume" : 1162923.00
  }, {
    "date" : "2025-02-06",
    "price" : 318.70,
    "dma50" : 326.31,
    "dma100" : null,
    "dma200" : 369.16,
    "volume" : 1861228.00
  }, {
    "date" : "2025-02-07",
    "price" : 316.70,
    "dma50" : 325.93,
    "dma100" : null,
    "dma200" : 368.64,
    "volume" : 2029995.00
  }, {
    "date" : "2025-02-10",
    "price" : 309.40,
    "dma50" : 325.28,
    "dma100" : null,
    "dma200" : 368.05,
    "volume" : 1203521.00
  }, {
    "date" : "2025-02-11",
    "price" : 299.65,
    "dma50" : 324.28,
    "dma100" : null,
    "dma200" : 367.37,
    "volume" : 2128975.00
  }, {
    "date" : "2025-02-12",
    "price" : 291.50,
    "dma50" : 322.99,
    "dma100" : null,
    "dma200" : 366.61,
    "volume" : 2646259.00
  }, {
    "date" : "2025-02-13",
    "price" : 298.70,
    "dma50" : 322.04,
    "dma100" : null,
    "dma200" : 365.94,
    "volume" : 1962522.00
  }, {
    "date" : "2025-02-14",
    "price" : 286.55,
    "dma50" : 320.65,
    "dma100" : null,
    "dma200" : 365.15,
    "volume" : 1808105.00
  }, {
    "date" : "2025-02-17",
    "price" : 285.30,
    "dma50" : 319.26,
    "dma100" : null,
    "dma200" : 364.35,
    "volume" : 1391465.00
  }, {
    "date" : "2025-02-18",
    "price" : 290.60,
    "dma50" : 318.14,
    "dma100" : null,
    "dma200" : 363.62,
    "volume" : 1827955.00
  }, {
    "date" : "2025-02-19",
    "price" : 285.60,
    "dma50" : 316.86,
    "dma100" : null,
    "dma200" : 362.84,
    "volume" : 1377203.00
  }, {
    "date" : "2025-02-20",
    "price" : 290.35,
    "dma50" : 315.82,
    "dma100" : null,
    "dma200" : 362.12,
    "volume" : 902421.00
  }, {
    "date" : "2025-02-21",
    "price" : 290.60,
    "dma50" : 314.83,
    "dma100" : null,
    "dma200" : 361.41,
    "volume" : 2624557.00
  }, {
    "date" : "2025-02-24",
    "price" : 282.95,
    "dma50" : 313.58,
    "dma100" : null,
    "dma200" : 360.63,
    "volume" : 1365849.00
  }, {
    "date" : "2025-02-25",
    "price" : 276.20,
    "dma50" : 312.12,
    "dma100" : null,
    "dma200" : 359.79,
    "volume" : 1224355.00
  }, {
    "date" : "2025-02-27",
    "price" : 282.95,
    "dma50" : 310.97,
    "dma100" : null,
    "dma200" : 359.03,
    "volume" : 4641392.00
  }, {
    "date" : "2025-02-28",
    "price" : 281.30,
    "dma50" : 309.81,
    "dma100" : null,
    "dma200" : 358.25,
    "volume" : 2208606.00
  }, {
    "date" : "2025-03-03",
    "price" : 273.80,
    "dma50" : 308.40,
    "dma100" : null,
    "dma200" : 357.41,
    "volume" : 1770933.00
  }, {
    "date" : "2025-03-04",
    "price" : 276.25,
    "dma50" : 307.14,
    "dma100" : null,
    "dma200" : 356.60,
    "volume" : 2054214.00
  }, {
    "date" : "2025-03-05",
    "price" : 285.25,
    "dma50" : 306.28,
    "dma100" : null,
    "dma200" : 355.89,
    "volume" : 1789314.00
  }, {
    "date" : "2025-03-06",
    "price" : 286.25,
    "dma50" : 305.49,
    "dma100" : null,
    "dma200" : 355.20,
    "volume" : 1494001.00
  }, {
    "date" : "2025-03-07",
    "price" : 288.45,
    "dma50" : 304.82,
    "dma100" : null,
    "dma200" : 354.54,
    "volume" : 1025304.00
  }, {
    "date" : "2025-03-10",
    "price" : 289.05,
    "dma50" : 304.21,
    "dma100" : null,
    "dma200" : 353.89,
    "volume" : 1576965.00
  }, {
    "date" : "2025-03-11",
    "price" : 283.85,
    "dma50" : 303.41,
    "dma100" : null,
    "dma200" : 353.19,
    "volume" : 1487704.00
  }, {
    "date" : "2025-03-12",
    "price" : 282.85,
    "dma50" : 302.60,
    "dma100" : null,
    "dma200" : 352.49,
    "volume" : 1357497.00
  }, {
    "date" : "2025-03-13",
    "price" : 281.35,
    "dma50" : 301.77,
    "dma100" : null,
    "dma200" : 351.78,
    "volume" : 1598793.00
  }, {
    "date" : "2025-03-17",
    "price" : 289.65,
    "dma50" : 301.29,
    "dma100" : null,
    "dma200" : 351.16,
    "volume" : 2125482.00
  }, {
    "date" : "2025-03-18",
    "price" : 306.25,
    "dma50" : 301.49,
    "dma100" : null,
    "dma200" : 350.72,
    "volume" : 3482419.00
  }, {
    "date" : "2025-03-19",
    "price" : 323.60,
    "dma50" : 302.35,
    "dma100" : null,
    "dma200" : 350.45,
    "volume" : 3296337.00
  }, {
    "date" : "2025-03-20",
    "price" : 318.20,
    "dma50" : 302.98,
    "dma100" : null,
    "dma200" : 350.12,
    "volume" : 1647069.00
  }, {
    "date" : "2025-03-21",
    "price" : 334.80,
    "dma50" : 304.22,
    "dma100" : null,
    "dma200" : 349.97,
    "volume" : 6042214.00
  }, {
    "date" : "2025-03-24",
    "price" : 347.30,
    "dma50" : 305.91,
    "dma100" : null,
    "dma200" : 349.95,
    "volume" : 6090899.00
  }, {
    "date" : "2025-03-25",
    "price" : 346.55,
    "dma50" : 307.51,
    "dma100" : null,
    "dma200" : 349.91,
    "volume" : 2504205.00
  }, {
    "date" : "2025-03-26",
    "price" : 342.25,
    "dma50" : 308.87,
    "dma100" : null,
    "dma200" : 349.84,
    "volume" : 6734735.00
  }, {
    "date" : "2025-03-27",
    "price" : 338.60,
    "dma50" : 310.03,
    "dma100" : null,
    "dma200" : 349.72,
    "volume" : 4229027.00
  }, {
    "date" : "2025-03-28",
    "price" : 350.45,
    "dma50" : 311.62,
    "dma100" : null,
    "dma200" : 349.73,
    "volume" : 4474964.00
  }, {
    "date" : "2025-04-01",
    "price" : 349.40,
    "dma50" : 313.10,
    "dma100" : null,
    "dma200" : 349.73,
    "volume" : 2177950.00
  }, {
    "date" : "2025-04-02",
    "price" : 348.25,
    "dma50" : 314.48,
    "dma100" : null,
    "dma200" : 349.71,
    "volume" : 1078445.00
  }, {
    "date" : "2025-04-03",
    "price" : 362.50,
    "dma50" : 316.36,
    "dma100" : null,
    "dma200" : 349.84,
    "volume" : 3332869.00
  }, {
    "date" : "2025-04-04",
    "price" : 353.05,
    "dma50" : 317.80,
    "dma100" : null,
    "dma200" : 349.87,
    "volume" : 2003905.00
  }, {
    "date" : "2025-04-07",
    "price" : 345.60,
    "dma50" : 318.89,
    "dma100" : null,
    "dma200" : 349.83,
    "volume" : 3114713.00
  }, {
    "date" : "2025-04-08",
    "price" : 354.50,
    "dma50" : 320.29,
    "dma100" : null,
    "dma200" : 349.88,
    "volume" : 1543527.00
  }, {
    "date" : "2025-04-09",
    "price" : 352.25,
    "dma50" : 321.54,
    "dma100" : null,
    "dma200" : 349.90,
    "volume" : 1162410.00
  }, {
    "date" : "2025-04-11",
    "price" : 366.30,
    "dma50" : 323.30,
    "dma100" : null,
    "dma200" : 350.06,
    "volume" : 1882340.00
  }, {
    "date" : "2025-04-15",
    "price" : 382.25,
    "dma50" : 325.61,
    "dma100" : null,
    "dma200" : 350.38,
    "volume" : 2957343.00
  }, {
    "date" : "2025-04-16",
    "price" : 383.80,
    "dma50" : 327.89,
    "dma100" : null,
    "dma200" : 350.72,
    "volume" : 2059217.00
  }, {
    "date" : "2025-04-17",
    "price" : 384.65,
    "dma50" : 330.12,
    "dma100" : null,
    "dma200" : 351.05,
    "volume" : 1740953.00
  }, {
    "date" : "2025-04-21",
    "price" : 396.65,
    "dma50" : 332.73,
    "dma100" : null,
    "dma200" : 351.51,
    "volume" : 2153226.00
  }, {
    "date" : "2025-04-22",
    "price" : 407.65,
    "dma50" : 335.66,
    "dma100" : null,
    "dma200" : 352.07,
    "volume" : 2994842.00
  }, {
    "date" : "2025-04-23",
    "price" : 402.70,
    "dma50" : 338.29,
    "dma100" : null,
    "dma200" : 352.57,
    "volume" : 2860059.00
  }, {
    "date" : "2025-04-24",
    "price" : 396.35,
    "dma50" : 340.57,
    "dma100" : null,
    "dma200" : 353.01,
    "volume" : 2923256.00
  }, {
    "date" : "2025-04-25",
    "price" : 380.40,
    "dma50" : 342.13,
    "dma100" : null,
    "dma200" : 353.28,
    "volume" : 2992040.00
  }, {
    "date" : "2025-04-28",
    "price" : 385.65,
    "dma50" : 343.84,
    "dma100" : null,
    "dma200" : 353.60,
    "volume" : 4802066.00
  }, {
    "date" : "2025-04-29",
    "price" : 383.80,
    "dma50" : 345.41,
    "dma100" : null,
    "dma200" : 353.90,
    "volume" : 2725164.00
  }, {
    "date" : "2025-04-30",
    "price" : 375.25,
    "dma50" : 346.58,
    "dma100" : null,
    "dma200" : 354.11,
    "volume" : 1381767.00
  }, {
    "date" : "2025-05-02",
    "price" : 378.15,
    "dma50" : 347.81,
    "dma100" : null,
    "dma200" : 354.35,
    "volume" : 1184334.00
  }, {
    "date" : "2025-05-05",
    "price" : 387.90,
    "dma50" : 349.39,
    "dma100" : null,
    "dma200" : 354.69,
    "volume" : 1819400.00
  }, {
    "date" : "2025-05-06",
    "price" : 369.55,
    "dma50" : 350.18,
    "dma100" : null,
    "dma200" : 354.83,
    "volume" : 1257503.00
  }, {
    "date" : "2025-05-07",
    "price" : 383.25,
    "dma50" : 351.47,
    "dma100" : null,
    "dma200" : 355.12,
    "volume" : 3269807.00
  }, {
    "date" : "2025-05-08",
    "price" : 371.20,
    "dma50" : 352.25,
    "dma100" : null,
    "dma200" : 355.28,
    "volume" : 767133.00
  }, {
    "date" : "2025-05-09",
    "price" : 372.00,
    "dma50" : 353.02,
    "dma100" : null,
    "dma200" : 355.44,
    "volume" : 1688234.00
  }, {
    "date" : "2025-05-12",
    "price" : 385.55,
    "dma50" : 354.30,
    "dma100" : null,
    "dma200" : 355.74,
    "volume" : 1742820.00
  }, {
    "date" : "2025-05-13",
    "price" : 383.30,
    "dma50" : 355.43,
    "dma100" : null,
    "dma200" : 356.02,
    "volume" : 1265021.00
  }, {
    "date" : "2025-05-14",
    "price" : 390.35,
    "dma50" : 356.80,
    "dma100" : null,
    "dma200" : 356.36,
    "volume" : 1560959.00
  }, {
    "date" : "2025-05-15",
    "price" : 389.90,
    "dma50" : 358.10,
    "dma100" : null,
    "dma200" : 356.69,
    "volume" : 1084289.00
  }, {
    "date" : "2025-05-16",
    "price" : 395.15,
    "dma50" : 359.55,
    "dma100" : null,
    "dma200" : 357.07,
    "volume" : 1233595.00
  }, {
    "date" : "2025-05-19",
    "price" : 395.25,
    "dma50" : 360.95,
    "dma100" : null,
    "dma200" : 357.45,
    "volume" : 973635.00
  }, {
    "date" : "2025-05-20",
    "price" : 392.05,
    "dma50" : 362.17,
    "dma100" : null,
    "dma200" : 357.80,
    "volume" : 1575164.00
  }, {
    "date" : "2025-05-21",
    "price" : 397.20,
    "dma50" : 363.55,
    "dma100" : null,
    "dma200" : 358.19,
    "volume" : 1039204.00
  }, {
    "date" : "2025-05-22",
    "price" : 395.55,
    "dma50" : 364.80,
    "dma100" : 331.94,
    "dma200" : 358.56,
    "volume" : 1194721.00
  }, {
    "date" : "2025-05-23",
    "price" : 397.00,
    "dma50" : 366.07,
    "dma100" : 332.71,
    "dma200" : 358.95,
    "volume" : 1185667.00
  }, {
    "date" : "2025-05-26",
    "price" : 396.30,
    "dma50" : 367.25,
    "dma100" : 333.46,
    "dma200" : 359.32,
    "volume" : 1106760.00
  }, {
    "date" : "2025-05-27",
    "price" : 400.25,
    "dma50" : 368.54,
    "dma100" : 334.31,
    "dma200" : 359.72,
    "volume" : 877558.00
  }, {
    "date" : "2025-05-28",
    "price" : 401.10,
    "dma50" : 369.82,
    "dma100" : 335.18,
    "dma200" : 360.14,
    "volume" : 1055177.00
  }, {
    "date" : "2025-05-29",
    "price" : 403.65,
    "dma50" : 371.15,
    "dma100" : 336.07,
    "dma200" : 360.57,
    "volume" : 1633222.00
  }, {
    "date" : "2025-05-30",
    "price" : 403.75,
    "dma50" : 372.43,
    "dma100" : 336.90,
    "dma200" : 361.00,
    "volume" : 837583.00
  }, {
    "date" : "2025-06-02",
    "price" : 407.30,
    "dma50" : 373.79,
    "dma100" : 337.77,
    "dma200" : 361.46,
    "volume" : 1232273.00
  }, {
    "date" : "2025-06-03",
    "price" : 402.45,
    "dma50" : 374.92,
    "dma100" : 338.67,
    "dma200" : 361.87,
    "volume" : 1154878.00
  }, {
    "date" : "2025-06-04",
    "price" : 401.65,
    "dma50" : 375.97,
    "dma100" : 339.52,
    "dma200" : 362.26,
    "volume" : 591013.00
  }, {
    "date" : "2025-06-05",
    "price" : 405.00,
    "dma50" : 377.10,
    "dma100" : 340.35,
    "dma200" : 362.69,
    "volume" : 855379.00
  }, {
    "date" : "2025-06-06",
    "price" : 421.10,
    "dma50" : 378.83,
    "dma100" : 341.43,
    "dma200" : 363.27,
    "volume" : 3979780.00
  }, {
    "date" : "2025-06-09",
    "price" : 431.25,
    "dma50" : 380.89,
    "dma100" : 342.66,
    "dma200" : 363.95,
    "volume" : 3673190.00
  }, {
    "date" : "2025-06-10",
    "price" : 426.75,
    "dma50" : 382.68,
    "dma100" : 343.90,
    "dma200" : 364.57,
    "volume" : 1343434.00
  }, {
    "date" : "2025-06-11",
    "price" : 426.40,
    "dma50" : 384.40,
    "dma100" : 345.08,
    "dma200" : 365.19,
    "volume" : 1079408.00
  }, {
    "date" : "2025-06-12",
    "price" : 422.80,
    "dma50" : 385.90,
    "dma100" : 346.20,
    "dma200" : 365.76,
    "volume" : 1458115.00
  }, {
    "date" : "2025-06-13",
    "price" : 416.60,
    "dma50" : 387.11,
    "dma100" : 347.25,
    "dma200" : 366.27,
    "volume" : 924798.00
  }, {
    "date" : "2025-06-16",
    "price" : 420.15,
    "dma50" : 388.40,
    "dma100" : 348.32,
    "dma200" : 366.80,
    "volume" : 615119.00
  }, {
    "date" : "2025-06-17",
    "price" : 420.90,
    "dma50" : 389.68,
    "dma100" : 349.33,
    "dma200" : 367.34,
    "volume" : 727676.00
  }, {
    "date" : "2025-06-18",
    "price" : 419.00,
    "dma50" : 390.83,
    "dma100" : 350.28,
    "dma200" : 367.85,
    "volume" : 525181.00
  }, {
    "date" : "2025-06-19",
    "price" : 411.70,
    "dma50" : 391.65,
    "dma100" : 351.13,
    "dma200" : 368.29,
    "volume" : 1134487.00
  }, {
    "date" : "2025-06-20",
    "price" : 414.90,
    "dma50" : 392.56,
    "dma100" : 351.95,
    "dma200" : 368.75,
    "volume" : 2027807.00
  }, {
    "date" : "2025-06-23",
    "price" : 437.55,
    "dma50" : 394.32,
    "dma100" : 353.16,
    "dma200" : 369.44,
    "volume" : 5111019.00
  }, {
    "date" : "2025-06-24",
    "price" : 444.05,
    "dma50" : 396.27,
    "dma100" : 354.50,
    "dma200" : 370.18,
    "volume" : 7780629.00
  }, {
    "date" : "2025-06-25",
    "price" : 438.70,
    "dma50" : 397.94,
    "dma100" : 355.80,
    "dma200" : 370.86,
    "volume" : 2818727.00
  }, {
    "date" : "2025-06-26",
    "price" : 449.65,
    "dma50" : 399.97,
    "dma100" : 357.15,
    "dma200" : 371.65,
    "volume" : 2629736.00
  }, {
    "date" : "2025-06-27",
    "price" : 455.75,
    "dma50" : 402.15,
    "dma100" : 358.62,
    "dma200" : 372.48,
    "volume" : 2197957.00
  }, {
    "date" : "2025-06-30",
    "price" : 466.05,
    "dma50" : 404.66,
    "dma100" : 360.18,
    "dma200" : 373.41,
    "volume" : 2687198.00
  }, {
    "date" : "2025-07-01",
    "price" : 464.05,
    "dma50" : 406.99,
    "dma100" : 361.73,
    "dma200" : 374.32,
    "volume" : 1994817.00
  }, {
    "date" : "2025-07-02",
    "price" : 464.55,
    "dma50" : 409.24,
    "dma100" : 363.30,
    "dma200" : 375.21,
    "volume" : 975708.00
  }, {
    "date" : "2025-07-03",
    "price" : 466.40,
    "dma50" : 411.49,
    "dma100" : 364.83,
    "dma200" : 376.12,
    "volume" : 847923.00
  }, {
    "date" : "2025-07-04",
    "price" : 472.55,
    "dma50" : 413.88,
    "dma100" : 366.38,
    "dma200" : 377.08,
    "volume" : 4295458.00
  }, {
    "date" : "2025-07-07",
    "price" : 468.30,
    "dma50" : 416.01,
    "dma100" : 367.88,
    "dma200" : 377.99,
    "volume" : 1077220.00
  }, {
    "date" : "2025-07-08",
    "price" : 470.15,
    "dma50" : 418.14,
    "dma100" : 369.42,
    "dma200" : 378.91,
    "volume" : 1983776.00
  }, {
    "date" : "2025-07-09",
    "price" : 468.75,
    "dma50" : 420.12,
    "dma100" : 371.01,
    "dma200" : 379.80,
    "volume" : 1321209.00
  }, {
    "date" : "2025-07-10",
    "price" : 467.30,
    "dma50" : 421.97,
    "dma100" : 372.69,
    "dma200" : 380.67,
    "volume" : 571320.00
  }, {
    "date" : "2025-07-11",
    "price" : 454.80,
    "dma50" : 423.26,
    "dma100" : 374.32,
    "dma200" : 381.41,
    "volume" : 826058.00
  }, {
    "date" : "2025-07-14",
    "price" : 454.55,
    "dma50" : 424.49,
    "dma100" : 375.88,
    "dma200" : 382.14,
    "volume" : 1260053.00
  }, {
    "date" : "2025-07-15",
    "price" : 454.10,
    "dma50" : 425.65,
    "dma100" : 377.55,
    "dma200" : 382.85,
    "volume" : 536159.00
  }, {
    "date" : "2025-07-16",
    "price" : 453.40,
    "dma50" : 426.74,
    "dma100" : 379.23,
    "dma200" : 383.55,
    "volume" : 502017.00
  }, {
    "date" : "2025-07-17",
    "price" : 447.80,
    "dma50" : 427.56,
    "dma100" : 380.81,
    "dma200" : 384.19,
    "volume" : 486210.00
  }, {
    "date" : "2025-07-18",
    "price" : 452.20,
    "dma50" : 428.53,
    "dma100" : 382.47,
    "dma200" : 384.87,
    "volume" : 1512391.00
  }, {
    "date" : "2025-07-21",
    "price" : 458.85,
    "dma50" : 429.72,
    "dma100" : 384.16,
    "dma200" : 385.61,
    "volume" : 2791558.00
  }, {
    "date" : "2025-07-22",
    "price" : 452.40,
    "dma50" : 430.61,
    "dma100" : 385.77,
    "dma200" : 386.27,
    "volume" : 879348.00
  }, {
    "date" : "2025-07-23",
    "price" : 446.45,
    "dma50" : 431.23,
    "dma100" : 387.41,
    "dma200" : 386.87,
    "volume" : 789866.00
  }, {
    "date" : "2025-07-24",
    "price" : 432.45,
    "dma50" : 431.28,
    "dma100" : 388.97,
    "dma200" : 387.32,
    "volume" : 1682775.00
  }, {
    "date" : "2025-07-25",
    "price" : 413.30,
    "dma50" : 430.57,
    "dma100" : 390.28,
    "dma200" : 387.58,
    "volume" : 3118881.00
  }, {
    "date" : "2025-07-28",
    "price" : 420.65,
    "dma50" : 430.18,
    "dma100" : 391.67,
    "dma200" : 387.91,
    "volume" : 14170365.00
  }, {
    "date" : "2025-07-29",
    "price" : 415.65,
    "dma50" : 429.61,
    "dma100" : 393.09,
    "dma200" : 388.19,
    "volume" : 3901190.00
  }, {
    "date" : "2025-07-30",
    "price" : 414.00,
    "dma50" : 429.00,
    "dma100" : 394.46,
    "dma200" : 388.44,
    "volume" : 1457944.00
  }, {
    "date" : "2025-07-31",
    "price" : 422.25,
    "dma50" : 428.74,
    "dma100" : 395.83,
    "dma200" : 388.78,
    "volume" : 2349350.00
  }, {
    "date" : "2025-08-01",
    "price" : 419.35,
    "dma50" : 428.37,
    "dma100" : 397.17,
    "dma200" : 389.08,
    "volume" : 1912377.00
  }, {
    "date" : "2025-08-04",
    "price" : 431.10,
    "dma50" : 428.47,
    "dma100" : 398.59,
    "dma200" : 389.50,
    "volume" : 1424301.00
  }, {
    "date" : "2025-08-05",
    "price" : 438.40,
    "dma50" : 428.86,
    "dma100" : 400.09,
    "dma200" : 389.99,
    "volume" : 1388285.00
  }, {
    "date" : "2025-08-06",
    "price" : 440.40,
    "dma50" : 429.32,
    "dma100" : 401.65,
    "dma200" : 390.49,
    "volume" : 1188455.00
  }, {
    "date" : "2025-08-07",
    "price" : 444.50,
    "dma50" : 429.91,
    "dma100" : 403.27,
    "dma200" : 391.03,
    "volume" : 1085620.00
  }, {
    "date" : "2025-08-08",
    "price" : 434.30,
    "dma50" : 430.08,
    "dma100" : 404.80,
    "dma200" : 391.46,
    "volume" : 611453.00
  }, {
    "date" : "2025-08-11",
    "price" : 442.45,
    "dma50" : 430.57,
    "dma100" : 406.33,
    "dma200" : 391.97,
    "volume" : 653879.00
  }, {
    "date" : "2025-08-12",
    "price" : 446.75,
    "dma50" : 431.20,
    "dma100" : 407.73,
    "dma200" : 392.51,
    "volume" : 876212.00
  }, {
    "date" : "2025-08-13",
    "price" : 451.75,
    "dma50" : 432.01,
    "dma100" : 409.01,
    "dma200" : 393.10,
    "volume" : 1180314.00
  }, {
    "date" : "2025-08-14",
    "price" : 455.75,
    "dma50" : 432.94,
    "dma100" : 410.39,
    "dma200" : 393.72,
    "volume" : 897046.00
  }, {
    "date" : "2025-08-18",
    "price" : 467.90,
    "dma50" : 434.31,
    "dma100" : 411.72,
    "dma200" : 394.46,
    "volume" : 1755927.00
  }, {
    "date" : "2025-08-19",
    "price" : 469.75,
    "dma50" : 435.70,
    "dma100" : 412.94,
    "dma200" : 395.21,
    "volume" : 789600.00
  }, {
    "date" : "2025-08-20",
    "price" : 462.80,
    "dma50" : 436.76,
    "dma100" : 414.11,
    "dma200" : 395.88,
    "volume" : 503408.00
  }, {
    "date" : "2025-08-21",
    "price" : 450.75,
    "dma50" : 437.31,
    "dma100" : 415.19,
    "dma200" : 396.43,
    "volume" : 807357.00
  }, {
    "date" : "2025-08-22",
    "price" : 465.50,
    "dma50" : 438.42,
    "dma100" : 416.46,
    "dma200" : 397.12,
    "volume" : 1779426.00
  }, {
    "date" : "2025-08-25",
    "price" : 467.70,
    "dma50" : 439.57,
    "dma100" : 417.63,
    "dma200" : 397.82,
    "volume" : 1403660.00
  }, {
    "date" : "2025-08-26",
    "price" : 452.70,
    "dma50" : 440.08,
    "dma100" : 418.66,
    "dma200" : 398.36,
    "volume" : 1212437.00
  }, {
    "date" : "2025-08-28",
    "price" : 429.60,
    "dma50" : 439.67,
    "dma100" : 419.48,
    "dma200" : 398.68,
    "volume" : 3150322.00
  }, {
    "date" : "2025-08-29",
    "price" : 431.55,
    "dma50" : 439.35,
    "dma100" : 420.17,
    "dma200" : 399.00,
    "volume" : 1040999.00
  }, {
    "date" : "2025-09-01",
    "price" : 428.70,
    "dma50" : 438.93,
    "dma100" : 420.93,
    "dma200" : 399.30,
    "volume" : 809577.00
  }, {
    "date" : "2025-09-02",
    "price" : 425.75,
    "dma50" : 438.42,
    "dma100" : 421.73,
    "dma200" : 399.56,
    "volume" : 978482.00
  }, {
    "date" : "2025-09-03",
    "price" : 442.95,
    "dma50" : 438.59,
    "dma100" : 422.61,
    "dma200" : 399.99,
    "volume" : 1066683.00
  }, {
    "date" : "2025-09-04",
    "price" : 432.75,
    "dma50" : 438.37,
    "dma100" : 423.42,
    "dma200" : 400.32,
    "volume" : 1095724.00
  }, {
    "date" : "2025-09-05",
    "price" : 431.60,
    "dma50" : 438.10,
    "dma100" : 424.07,
    "dma200" : 400.63,
    "volume" : 405358.00
  }, {
    "date" : "2025-09-08",
    "price" : 428.90,
    "dma50" : 437.74,
    "dma100" : 424.54,
    "dma200" : 400.91,
    "volume" : 290557.00
  }, {
    "date" : "2025-09-09",
    "price" : 430.90,
    "dma50" : 437.47,
    "dma100" : 425.01,
    "dma200" : 401.21,
    "volume" : 442209.00
  }, {
    "date" : "2025-09-10",
    "price" : 450.45,
    "dma50" : 437.98,
    "dma100" : 425.66,
    "dma200" : 401.70,
    "volume" : 1951507.00
  }, {
    "date" : "2025-09-11",
    "price" : 438.40,
    "dma50" : 438.00,
    "dma100" : 426.08,
    "dma200" : 402.06,
    "volume" : 649206.00
  }, {
    "date" : "2025-09-12",
    "price" : 439.45,
    "dma50" : 438.05,
    "dma100" : 426.40,
    "dma200" : 402.44,
    "volume" : 596116.00
  }, {
    "date" : "2025-09-15",
    "price" : 439.15,
    "dma50" : 438.10,
    "dma100" : 426.76,
    "dma200" : 402.80,
    "volume" : 830158.00
  }, {
    "date" : "2025-09-16",
    "price" : 441.85,
    "dma50" : 438.24,
    "dma100" : 427.22,
    "dma200" : 403.19,
    "volume" : 3292276.00
  }, {
    "date" : "2025-09-17",
    "price" : 447.10,
    "dma50" : 438.59,
    "dma100" : 427.89,
    "dma200" : 403.63,
    "volume" : 1934650.00
  }, {
    "date" : "2025-09-18",
    "price" : 502.10,
    "dma50" : 441.08,
    "dma100" : 429.05,
    "dma200" : 404.61,
    "volume" : 72071216.00
  }, {
    "date" : "2025-09-19",
    "price" : 500.25,
    "dma50" : 443.40,
    "dma100" : 430.22,
    "dma200" : 405.56,
    "volume" : 10047892.00
  }, {
    "date" : "2025-09-22",
    "price" : 484.45,
    "dma50" : 445.01,
    "dma100" : 431.31,
    "dma200" : 406.34,
    "volume" : 3501407.00
  }, {
    "date" : "2025-09-23",
    "price" : 482.95,
    "dma50" : 446.50,
    "dma100" : 432.36,
    "dma200" : 407.11,
    "volume" : 1191772.00
  }, {
    "date" : "2025-09-24",
    "price" : 485.50,
    "dma50" : 448.03,
    "dma100" : 433.33,
    "dma200" : 407.89,
    "volume" : 2117927.00
  }, {
    "date" : "2025-09-25",
    "price" : 493.45,
    "dma50" : 449.81,
    "dma100" : 434.57,
    "dma200" : 408.74,
    "volume" : 3084656.00
  }, {
    "date" : "2025-09-26",
    "price" : 485.25,
    "dma50" : 451.20,
    "dma100" : 435.59,
    "dma200" : 409.50,
    "volume" : 958393.00
  }, {
    "date" : "2025-09-29",
    "price" : 501.50,
    "dma50" : 453.17,
    "dma100" : 436.89,
    "dma200" : 410.41,
    "volume" : 4311338.00
  }, {
    "date" : "2025-09-30",
    "price" : 497.60,
    "dma50" : 454.91,
    "dma100" : 438.15,
    "dma200" : 411.28,
    "volume" : 1631779.00
  }, {
    "date" : "2025-10-01",
    "price" : 502.25,
    "dma50" : 456.77,
    "dma100" : 439.32,
    "dma200" : 412.19,
    "volume" : 1658049.00
  }, {
    "date" : "2025-10-03",
    "price" : 524.40,
    "dma50" : 459.42,
    "dma100" : 440.73,
    "dma200" : 413.30,
    "volume" : 5844779.00
  }, {
    "date" : "2025-10-06",
    "price" : 531.45,
    "dma50" : 462.25,
    "dma100" : 442.14,
    "dma200" : 414.48,
    "volume" : 24308835.00
  }, {
    "date" : "2025-10-07",
    "price" : 537.00,
    "dma50" : 465.18,
    "dma100" : 443.61,
    "dma200" : 415.70,
    "volume" : 4292529.00
  }, {
    "date" : "2025-10-08",
    "price" : 526.55,
    "dma50" : 467.59,
    "dma100" : 444.92,
    "dma200" : 416.80,
    "volume" : 2420947.00
  }, {
    "date" : "2025-10-09",
    "price" : 530.85,
    "dma50" : 470.07,
    "dma100" : 446.28,
    "dma200" : 417.94,
    "volume" : 1104913.00
  }, {
    "date" : "2025-10-10",
    "price" : 529.15,
    "dma50" : 472.38,
    "dma100" : 447.65,
    "dma200" : 419.04,
    "volume" : 664659.00
  }, {
    "date" : "2025-10-13",
    "price" : 528.35,
    "dma50" : 474.58,
    "dma100" : 448.96,
    "dma200" : 420.13,
    "volume" : 989913.00
  }, {
    "date" : "2025-10-14",
    "price" : 517.20,
    "dma50" : 476.25,
    "dma100" : 450.18,
    "dma200" : 421.10,
    "volume" : 1267755.00
  }, {
    "date" : "2025-10-15",
    "price" : 542.50,
    "dma50" : 478.85,
    "dma100" : 451.63,
    "dma200" : 422.30,
    "volume" : 2532468.00
  }, {
    "date" : "2025-10-16",
    "price" : 539.40,
    "dma50" : 481.22,
    "dma100" : 453.06,
    "dma200" : 423.47,
    "volume" : 1015660.00
  }, {
    "date" : "2025-10-17",
    "price" : 526.40,
    "dma50" : 482.99,
    "dma100" : 454.33,
    "dma200" : 424.49,
    "volume" : 1290821.00
  }, {
    "date" : "2025-10-20",
    "price" : 511.90,
    "dma50" : 484.13,
    "dma100" : 455.43,
    "dma200" : 425.36,
    "volume" : 3297455.00
  }, {
    "date" : "2025-10-21",
    "price" : 514.90,
    "dma50" : 485.33,
    "dma100" : 456.55,
    "dma200" : 426.25,
    "volume" : 301945.00
  }, {
    "date" : "2025-10-23",
    "price" : 489.65,
    "dma50" : 485.50,
    "dma100" : 457.41,
    "dma200" : 426.89,
    "volume" : 1960155.00
  }, {
    "date" : "2025-10-24",
    "price" : 484.55,
    "dma50" : 485.47,
    "dma100" : 458.18,
    "dma200" : 427.46,
    "volume" : 1006786.00
  }, {
    "date" : "2025-10-27",
    "price" : 490.40,
    "dma50" : 485.66,
    "dma100" : 459.06,
    "dma200" : 428.09,
    "volume" : 6468509.00
  }, {
    "date" : "2025-10-28",
    "price" : 493.45,
    "dma50" : 485.97,
    "dma100" : 459.98,
    "dma200" : 428.74,
    "volume" : 1853542.00
  }, {
    "date" : "2025-10-29",
    "price" : 487.80,
    "dma50" : 486.04,
    "dma100" : 460.80,
    "dma200" : 429.32,
    "volume" : 1729299.00
  }, {
    "date" : "2025-10-30",
    "price" : 483.05,
    "dma50" : 485.92,
    "dma100" : 461.42,
    "dma200" : 429.86,
    "volume" : 703656.00
  }, {
    "date" : "2025-10-31",
    "price" : 481.85,
    "dma50" : 485.76,
    "dma100" : 461.93,
    "dma200" : 430.38,
    "volume" : 1212168.00
  }, {
    "date" : "2025-11-03",
    "price" : 474.60,
    "dma50" : 485.32,
    "dma100" : 462.41,
    "dma200" : 430.82,
    "volume" : 1550594.00
  }, {
    "date" : "2025-11-04",
    "price" : 472.65,
    "dma50" : 484.83,
    "dma100" : 462.87,
    "dma200" : 431.23,
    "volume" : 1586565.00
  }, {
    "date" : "2025-11-06",
    "price" : 462.90,
    "dma50" : 483.97,
    "dma100" : 463.27,
    "dma200" : 431.55,
    "volume" : 1041896.00
  }, {
    "date" : "2025-11-07",
    "price" : 463.60,
    "dma50" : 483.17,
    "dma100" : 463.74,
    "dma200" : 431.87,
    "volume" : 861677.00
  }, {
    "date" : "2025-11-10",
    "price" : 458.55,
    "dma50" : 482.20,
    "dma100" : 464.13,
    "dma200" : 432.13,
    "volume" : 778562.00
  }, {
    "date" : "2025-11-11",
    "price" : 468.45,
    "dma50" : 481.66,
    "dma100" : 464.60,
    "dma200" : 432.49,
    "volume" : 1296682.00
  }, {
    "date" : "2025-11-12",
    "price" : 489.30,
    "dma50" : 481.96,
    "dma100" : 465.30,
    "dma200" : 433.06,
    "volume" : 2405111.00
  }, {
    "date" : "2025-11-13",
    "price" : 478.95,
    "dma50" : 481.84,
    "dma100" : 465.98,
    "dma200" : 433.51,
    "volume" : 1095756.00
  }, {
    "date" : "2025-11-14",
    "price" : 469.20,
    "dma50" : 481.35,
    "dma100" : 466.52,
    "dma200" : 433.87,
    "volume" : 1323720.00
  }, {
    "date" : "2025-11-17",
    "price" : 469.00,
    "dma50" : 480.86,
    "dma100" : 466.83,
    "dma200" : 434.22,
    "volume" : 640662.00
  }, {
    "date" : "2025-11-18",
    "price" : 465.50,
    "dma50" : 480.26,
    "dma100" : 467.05,
    "dma200" : 434.53,
    "volume" : 466325.00
  }, {
    "date" : "2025-11-19",
    "price" : 468.60,
    "dma50" : 479.80,
    "dma100" : 467.35,
    "dma200" : 434.87,
    "volume" : 884858.00
  }, {
    "date" : "2025-11-20",
    "price" : 468.45,
    "dma50" : 479.36,
    "dma100" : 467.54,
    "dma200" : 435.20,
    "volume" : 484456.00
  }, {
    "date" : "2025-11-21",
    "price" : 470.20,
    "dma50" : 479.00,
    "dma100" : 467.68,
    "dma200" : 435.55,
    "volume" : 808427.00
  }, {
    "date" : "2025-11-24",
    "price" : 456.40,
    "dma50" : 478.11,
    "dma100" : 467.58,
    "dma200" : 435.76,
    "volume" : 855768.00
  }, {
    "date" : "2025-11-25",
    "price" : 459.75,
    "dma50" : 477.39,
    "dma100" : 467.54,
    "dma200" : 436.00,
    "volume" : 791042.00
  }, {
    "date" : "2025-11-26",
    "price" : 469.35,
    "dma50" : 477.08,
    "dma100" : 467.59,
    "dma200" : 436.33,
    "volume" : 642760.00
  }, {
    "date" : "2025-11-27",
    "price" : 465.60,
    "dma50" : 476.63,
    "dma100" : 467.58,
    "dma200" : 436.62,
    "volume" : 366988.00
  }, {
    "date" : "2025-11-28",
    "price" : 480.30,
    "dma50" : 476.77,
    "dma100" : 467.66,
    "dma200" : 437.06,
    "volume" : 6212317.00
  }, {
    "date" : "2025-12-01",
    "price" : 484.75,
    "dma50" : 477.08,
    "dma100" : 467.82,
    "dma200" : 437.53,
    "volume" : 4224878.00
  }, {
    "date" : "2025-12-02",
    "price" : 475.35,
    "dma50" : 477.02,
    "dma100" : 467.87,
    "dma200" : 437.91,
    "volume" : 804646.00
  }, {
    "date" : "2025-12-03",
    "price" : 462.50,
    "dma50" : 476.45,
    "dma100" : 467.81,
    "dma200" : 438.15,
    "volume" : 655356.00
  }, {
    "date" : "2025-12-04",
    "price" : 463.95,
    "dma50" : 475.96,
    "dma100" : 467.78,
    "dma200" : 438.41,
    "volume" : 612343.00
  }, {
    "date" : "2025-12-05",
    "price" : 470.65,
    "dma50" : 475.75,
    "dma100" : 467.94,
    "dma200" : 438.73,
    "volume" : 1055007.00
  }, {
    "date" : "2025-12-08",
    "price" : 446.65,
    "dma50" : 474.61,
    "dma100" : 467.86,
    "dma200" : 438.81,
    "volume" : 1566925.00
  }, {
    "date" : "2025-12-09",
    "price" : 455.30,
    "dma50" : 473.85,
    "dma100" : 467.87,
    "dma200" : 438.97,
    "volume" : 1134758.00
  }, {
    "date" : "2025-12-10",
    "price" : 449.20,
    "dma50" : 472.88,
    "dma100" : 467.83,
    "dma200" : 439.07,
    "volume" : 590950.00
  }, {
    "date" : "2025-12-11",
    "price" : 449.25,
    "dma50" : 471.96,
    "dma100" : 467.84,
    "dma200" : 439.17,
    "volume" : 411995.00
  }, {
    "date" : "2025-12-12",
    "price" : 451.45,
    "dma50" : 471.15,
    "dma100" : 467.83,
    "dma200" : 439.30,
    "volume" : 712917.00
  }, {
    "date" : "2025-12-15",
    "price" : 443.10,
    "dma50" : 470.05,
    "dma100" : 467.68,
    "dma200" : 439.33,
    "volume" : 821197.00
  }, {
    "date" : "2025-12-16",
    "price" : 442.10,
    "dma50" : 468.96,
    "dma100" : 467.57,
    "dma200" : 439.36,
    "volume" : 541760.00
  }, {
    "date" : "2025-12-17",
    "price" : 441.85,
    "dma50" : 467.89,
    "dma100" : 467.53,
    "dma200" : 439.39,
    "volume" : 451769.00
  }, {
    "date" : "2025-12-18",
    "price" : 444.00,
    "dma50" : 466.96,
    "dma100" : 467.64,
    "dma200" : 439.43,
    "volume" : 859958.00
  }, {
    "date" : "2025-12-19",
    "price" : 448.80,
    "dma50" : 466.24,
    "dma100" : 468.00,
    "dma200" : 439.53,
    "volume" : 678473.00
  }, {
    "date" : "2025-12-22",
    "price" : 470.35,
    "dma50" : 466.41,
    "dma100" : 468.50,
    "dma200" : 439.83,
    "volume" : 1668091.00
  }, {
    "date" : "2025-12-23",
    "price" : 470.90,
    "dma50" : 466.58,
    "dma100" : 469.05,
    "dma200" : 440.14,
    "volume" : 533995.00
  } ],
  "latestTechnicalAttributes" : {
    "date" : "2025-12-23",
    "price" : 470.90,
    "dma50" : 466.58,
    "dma100" : 469.05,
    "dma200" : 440.14,
    "volume" : 533995.00
  },
  "quarterlyResults" : [ {
    "date" : "2005-03-31",
    "sales" : 30.71,
    "salesGrowthYoY" : null,
    "grossProfitMargin" : 100.00,
    "grossProfit" : 30.71,
    "operatingProfitMargin" : 49.50,
    "operatingProfit" : 15.20,
    "netProfitMargin" : 23.35,
    "netProfit" : 7.17
  }, {
    "date" : "2005-06-30",
    "sales" : 30.24,
    "salesGrowthYoY" : null,
    "grossProfitMargin" : 100.00,
    "grossProfit" : 30.24,
    "operatingProfitMargin" : 63.89,
    "operatingProfit" : 19.32,
    "netProfitMargin" : 27.88,
    "netProfit" : 8.43
  }, {
    "date" : "2005-09-30",
    "sales" : 29.74,
    "salesGrowthYoY" : null,
    "grossProfitMargin" : 100.00,
    "grossProfit" : 29.74,
    "operatingProfitMargin" : 56.02,
    "operatingProfit" : 16.66,
    "netProfitMargin" : 21.92,
    "netProfit" : 6.52
  }, {
    "date" : "2005-12-31",
    "sales" : 35.19,
    "salesGrowthYoY" : null,
    "grossProfitMargin" : 100.00,
    "grossProfit" : 35.19,
    "operatingProfitMargin" : 51.32,
    "operatingProfit" : 18.06,
    "netProfitMargin" : 18.90,
    "netProfit" : 6.65
  }, {
    "date" : "2006-03-31",
    "sales" : 48.51,
    "salesGrowthYoY" : 57.96,
    "grossProfitMargin" : 100.00,
    "grossProfit" : 48.51,
    "operatingProfitMargin" : 38.22,
    "operatingProfit" : 18.54,
    "netProfitMargin" : 18.51,
    "netProfit" : 8.98
  }, {
    "date" : "2006-06-30",
    "sales" : 43.28,
    "salesGrowthYoY" : 43.12,
    "grossProfitMargin" : 100.00,
    "grossProfit" : 43.28,
    "operatingProfitMargin" : 60.81,
    "operatingProfit" : 26.32,
    "netProfitMargin" : 25.49,
    "netProfit" : 11.03
  }, {
    "date" : "2006-09-30",
    "sales" : 51.60,
    "salesGrowthYoY" : 73.50,
    "grossProfitMargin" : 100.00,
    "grossProfit" : 51.60,
    "operatingProfitMargin" : 54.79,
    "operatingProfit" : 28.27,
    "netProfitMargin" : 17.85,
    "netProfit" : 9.21
  }, {
    "date" : "2006-12-31",
    "sales" : 55.62,
    "salesGrowthYoY" : 58.06,
    "grossProfitMargin" : 100.00,
    "grossProfit" : 55.62,
    "operatingProfitMargin" : 52.09,
    "operatingProfit" : 28.97,
    "netProfitMargin" : 16.65,
    "netProfit" : 9.26
  }, {
    "date" : "2007-03-31",
    "sales" : 88.68,
    "salesGrowthYoY" : 82.81,
    "grossProfitMargin" : 100.00,
    "grossProfit" : 88.68,
    "operatingProfitMargin" : 49.06,
    "operatingProfit" : 43.51,
    "netProfitMargin" : 19.46,
    "netProfit" : 17.26
  }, {
    "date" : "2007-06-30",
    "sales" : 79.19,
    "salesGrowthYoY" : 82.97,
    "grossProfitMargin" : 100.00,
    "grossProfit" : 79.19,
    "operatingProfitMargin" : 53.30,
    "operatingProfit" : 42.21,
    "netProfitMargin" : 22.89,
    "netProfit" : 18.13
  }, {
    "date" : "2007-09-30",
    "sales" : 98.35,
    "salesGrowthYoY" : 90.60,
    "grossProfitMargin" : 100.00,
    "grossProfit" : 98.35,
    "operatingProfitMargin" : 61.69,
    "operatingProfit" : 60.67,
    "netProfitMargin" : 16.58,
    "netProfit" : 16.31
  }, {
    "date" : "2007-12-31",
    "sales" : 115.74,
    "salesGrowthYoY" : 108.09,
    "grossProfitMargin" : 100.00,
    "grossProfit" : 115.74,
    "operatingProfitMargin" : 56.52,
    "operatingProfit" : 65.42,
    "netProfitMargin" : 14.80,
    "netProfit" : 17.13
  }, {
    "date" : "2008-03-31",
    "sales" : 161.23,
    "salesGrowthYoY" : 81.81,
    "grossProfitMargin" : 100.00,
    "grossProfit" : 161.23,
    "operatingProfitMargin" : 56.40,
    "operatingProfit" : 90.93,
    "netProfitMargin" : 15.52,
    "netProfit" : 25.02
  }, {
    "date" : "2008-06-30",
    "sales" : 138.08,
    "salesGrowthYoY" : 74.37,
    "grossProfitMargin" : 100.00,
    "grossProfit" : 138.08,
    "operatingProfitMargin" : 61.60,
    "operatingProfit" : 85.06,
    "netProfitMargin" : 10.28,
    "netProfit" : 14.19
  }, {
    "date" : "2008-09-30",
    "sales" : 153.18,
    "salesGrowthYoY" : 55.75,
    "grossProfitMargin" : 100.00,
    "grossProfit" : 153.18,
    "operatingProfitMargin" : 62.26,
    "operatingProfit" : 95.37,
    "netProfitMargin" : 7.40,
    "netProfit" : 11.34
  }, {
    "date" : "2008-12-31",
    "sales" : 155.28,
    "salesGrowthYoY" : 34.16,
    "grossProfitMargin" : 100.00,
    "grossProfit" : 155.28,
    "operatingProfitMargin" : 61.98,
    "operatingProfit" : 96.24,
    "netProfitMargin" : 4.31,
    "netProfit" : 6.69
  }, {
    "date" : "2009-03-31",
    "sales" : 176.87,
    "salesGrowthYoY" : 9.70,
    "grossProfitMargin" : 100.00,
    "grossProfit" : 176.87,
    "operatingProfitMargin" : 57.09,
    "operatingProfit" : 100.98,
    "netProfitMargin" : 3.84,
    "netProfit" : 6.79
  }, {
    "date" : "2009-06-30",
    "sales" : 140.90,
    "salesGrowthYoY" : 2.04,
    "grossProfitMargin" : 100.00,
    "grossProfit" : 140.90,
    "operatingProfitMargin" : 62.09,
    "operatingProfit" : 87.48,
    "netProfitMargin" : 7.20,
    "netProfit" : 10.14
  }, {
    "date" : "2009-09-30",
    "sales" : 172.30,
    "salesGrowthYoY" : 12.48,
    "grossProfitMargin" : 100.00,
    "grossProfit" : 172.30,
    "operatingProfitMargin" : 65.37,
    "operatingProfit" : 112.63,
    "netProfitMargin" : 8.47,
    "netProfit" : 14.59
  }, {
    "date" : "2009-12-31",
    "sales" : 175.68,
    "salesGrowthYoY" : 13.14,
    "grossProfitMargin" : 100.00,
    "grossProfit" : 175.68,
    "operatingProfitMargin" : 65.32,
    "operatingProfit" : 114.75,
    "netProfitMargin" : 9.34,
    "netProfit" : 16.41
  }, {
    "date" : "2010-03-31",
    "sales" : 210.42,
    "salesGrowthYoY" : 18.97,
    "grossProfitMargin" : 100.00,
    "grossProfit" : 210.42,
    "operatingProfitMargin" : 63.44,
    "operatingProfit" : 133.49,
    "netProfitMargin" : 12.04,
    "netProfit" : 25.33
  }, {
    "date" : "2010-06-30",
    "sales" : 172.08,
    "salesGrowthYoY" : 22.13,
    "grossProfitMargin" : 100.00,
    "grossProfit" : 172.08,
    "operatingProfitMargin" : 59.42,
    "operatingProfit" : 102.25,
    "netProfitMargin" : 9.53,
    "netProfit" : 16.40
  }, {
    "date" : "2010-09-30",
    "sales" : 190.78,
    "salesGrowthYoY" : 10.73,
    "grossProfitMargin" : 100.00,
    "grossProfit" : 190.78,
    "operatingProfitMargin" : 66.32,
    "operatingProfit" : 126.53,
    "netProfitMargin" : 12.79,
    "netProfit" : 24.40
  }, {
    "date" : "2010-12-31",
    "sales" : 216.42,
    "salesGrowthYoY" : 23.19,
    "grossProfitMargin" : 100.00,
    "grossProfit" : 216.42,
    "operatingProfitMargin" : 67.21,
    "operatingProfit" : 145.46,
    "netProfitMargin" : 14.22,
    "netProfit" : 30.77
  }, {
    "date" : "2011-03-31",
    "sales" : 261.41,
    "salesGrowthYoY" : 24.23,
    "grossProfitMargin" : 100.00,
    "grossProfit" : 261.41,
    "operatingProfitMargin" : 59.52,
    "operatingProfit" : 155.59,
    "netProfitMargin" : 16.39,
    "netProfit" : 42.85
  }, {
    "date" : "2011-06-30",
    "sales" : 200.27,
    "salesGrowthYoY" : 16.38,
    "grossProfitMargin" : 100.00,
    "grossProfit" : 200.27,
    "operatingProfitMargin" : 65.56,
    "operatingProfit" : 131.30,
    "netProfitMargin" : 7.12,
    "netProfit" : 14.26
  }, {
    "date" : "2011-09-30",
    "sales" : 231.47,
    "salesGrowthYoY" : 21.33,
    "grossProfitMargin" : 100.00,
    "grossProfit" : 231.47,
    "operatingProfitMargin" : 69.28,
    "operatingProfit" : 160.36,
    "netProfitMargin" : 8.03,
    "netProfit" : 18.59
  }, {
    "date" : "2011-12-31",
    "sales" : 259.22,
    "salesGrowthYoY" : 19.78,
    "grossProfitMargin" : 100.00,
    "grossProfit" : 259.22,
    "operatingProfitMargin" : 70.90,
    "operatingProfit" : 183.79,
    "netProfitMargin" : 4.36,
    "netProfit" : 11.30
  }, {
    "date" : "2012-03-31",
    "sales" : 284.41,
    "salesGrowthYoY" : 8.80,
    "grossProfitMargin" : 100.00,
    "grossProfit" : 284.41,
    "operatingProfitMargin" : 65.21,
    "operatingProfit" : 185.46,
    "netProfitMargin" : 6.73,
    "netProfit" : 19.14
  }, {
    "date" : "2012-06-30",
    "sales" : 304.79,
    "salesGrowthYoY" : 52.19,
    "grossProfitMargin" : 100.00,
    "grossProfit" : 304.79,
    "operatingProfitMargin" : 65.65,
    "operatingProfit" : 200.09,
    "netProfitMargin" : 8.36,
    "netProfit" : 25.48
  }, {
    "date" : "2012-09-30",
    "sales" : 361.15,
    "salesGrowthYoY" : 56.02,
    "grossProfitMargin" : 100.00,
    "grossProfit" : 361.15,
    "operatingProfitMargin" : 66.08,
    "operatingProfit" : 238.65,
    "netProfitMargin" : 5.82,
    "netProfit" : 21.02
  }, {
    "date" : "2012-12-31",
    "sales" : 405.55,
    "salesGrowthYoY" : 56.45,
    "grossProfitMargin" : 100.00,
    "grossProfit" : 405.55,
    "operatingProfitMargin" : 68.60,
    "operatingProfit" : 278.21,
    "netProfitMargin" : 8.14,
    "netProfit" : 33.01
  }, {
    "date" : "2013-03-31",
    "sales" : 457.18,
    "salesGrowthYoY" : 60.75,
    "grossProfitMargin" : 100.00,
    "grossProfit" : 457.18,
    "operatingProfitMargin" : 67.55,
    "operatingProfit" : 308.83,
    "netProfitMargin" : 9.46,
    "netProfit" : 43.25
  }, {
    "date" : "2013-06-30",
    "sales" : 449.23,
    "salesGrowthYoY" : 47.39,
    "grossProfitMargin" : 100.00,
    "grossProfit" : 449.23,
    "operatingProfitMargin" : 69.94,
    "operatingProfit" : 314.19,
    "netProfitMargin" : 9.65,
    "netProfit" : 43.35
  }, {
    "date" : "2013-09-30",
    "sales" : 446.17,
    "salesGrowthYoY" : 23.54,
    "grossProfitMargin" : 100.00,
    "grossProfit" : 446.17,
    "operatingProfitMargin" : 67.37,
    "operatingProfit" : 300.58,
    "netProfitMargin" : 6.86,
    "netProfit" : 30.61
  }, {
    "date" : "2013-12-31",
    "sales" : 467.24,
    "salesGrowthYoY" : 15.21,
    "grossProfitMargin" : 100.00,
    "grossProfit" : 467.24,
    "operatingProfitMargin" : 67.32,
    "operatingProfit" : 314.55,
    "netProfitMargin" : 6.60,
    "netProfit" : 30.84
  }, {
    "date" : "2014-03-31",
    "sales" : 484.14,
    "salesGrowthYoY" : 5.90,
    "grossProfitMargin" : 100.00,
    "grossProfit" : 484.14,
    "operatingProfitMargin" : 63.72,
    "operatingProfit" : 308.49,
    "netProfitMargin" : 6.35,
    "netProfit" : 30.74
  }, {
    "date" : "2014-06-30",
    "sales" : 470.65,
    "salesGrowthYoY" : 4.77,
    "grossProfitMargin" : 100.00,
    "grossProfit" : 470.65,
    "operatingProfitMargin" : 62.71,
    "operatingProfit" : 295.14,
    "netProfitMargin" : 7.36,
    "netProfit" : 34.64
  }, {
    "date" : "2014-09-30",
    "sales" : 492.60,
    "salesGrowthYoY" : 10.41,
    "grossProfitMargin" : 100.00,
    "grossProfit" : 492.60,
    "operatingProfitMargin" : 61.57,
    "operatingProfit" : 303.29,
    "netProfitMargin" : 7.00,
    "netProfit" : 34.48
  }, {
    "date" : "2014-12-31",
    "sales" : 524.09,
    "salesGrowthYoY" : 12.17,
    "grossProfitMargin" : 100.00,
    "grossProfit" : 524.09,
    "operatingProfitMargin" : 59.90,
    "operatingProfit" : 313.93,
    "netProfitMargin" : 6.45,
    "netProfit" : 33.80
  }, {
    "date" : "2015-03-31",
    "sales" : 531.43,
    "salesGrowthYoY" : 9.77,
    "grossProfitMargin" : 100.00,
    "grossProfit" : 531.43,
    "operatingProfitMargin" : 62.38,
    "operatingProfit" : 331.51,
    "netProfitMargin" : 8.68,
    "netProfit" : 46.13
  }, {
    "date" : "2015-06-30",
    "sales" : 516.06,
    "salesGrowthYoY" : 9.65,
    "grossProfitMargin" : 100.00,
    "grossProfit" : 516.06,
    "operatingProfitMargin" : 59.52,
    "operatingProfit" : 307.16,
    "netProfitMargin" : 7.75,
    "netProfit" : 39.99
  }, {
    "date" : "2015-09-30",
    "sales" : 526.57,
    "salesGrowthYoY" : 6.90,
    "grossProfitMargin" : 100.00,
    "grossProfit" : 526.57,
    "operatingProfitMargin" : 60.30,
    "operatingProfit" : 317.52,
    "netProfitMargin" : 9.01,
    "netProfit" : 47.44
  }, {
    "date" : "2015-12-31",
    "sales" : 530.23,
    "salesGrowthYoY" : 1.17,
    "grossProfitMargin" : 100.00,
    "grossProfit" : 530.23,
    "operatingProfitMargin" : 58.89,
    "operatingProfit" : 312.25,
    "netProfitMargin" : 8.22,
    "netProfit" : 43.58
  }, {
    "date" : "2016-03-31",
    "sales" : 536.26,
    "salesGrowthYoY" : 0.91,
    "grossProfitMargin" : 100.00,
    "grossProfit" : 536.26,
    "operatingProfitMargin" : 62.84,
    "operatingProfit" : 336.99,
    "netProfitMargin" : 10.47,
    "netProfit" : 56.15
  }, {
    "date" : "2016-06-30",
    "sales" : 508.49,
    "salesGrowthYoY" : -1.47,
    "grossProfitMargin" : 100.00,
    "grossProfit" : 508.49,
    "operatingProfitMargin" : 61.43,
    "operatingProfit" : 312.37,
    "netProfitMargin" : 7.89,
    "netProfit" : 40.12
  }, {
    "date" : "2016-09-30",
    "sales" : 504.79,
    "salesGrowthYoY" : -4.14,
    "grossProfitMargin" : 100.00,
    "grossProfit" : 504.79,
    "operatingProfitMargin" : 59.06,
    "operatingProfit" : 298.13,
    "netProfitMargin" : 7.73,
    "netProfit" : 39.02
  }, {
    "date" : "2016-12-31",
    "sales" : 487.85,
    "salesGrowthYoY" : -7.99,
    "grossProfitMargin" : 100.00,
    "grossProfit" : 487.85,
    "operatingProfitMargin" : 56.04,
    "operatingProfit" : 273.39,
    "netProfitMargin" : 6.03,
    "netProfit" : 29.42
  }, {
    "date" : "2017-03-31",
    "sales" : 473.10,
    "salesGrowthYoY" : -11.78,
    "grossProfitMargin" : 100.00,
    "grossProfit" : 473.10,
    "operatingProfitMargin" : 13.79,
    "operatingProfit" : 65.24,
    "netProfitMargin" : -21.66,
    "netProfit" : -102.47
  }, {
    "date" : "2017-06-30",
    "sales" : 529.50,
    "salesGrowthYoY" : 4.13,
    "grossProfitMargin" : 100.00,
    "grossProfit" : 529.50,
    "operatingProfitMargin" : 49.59,
    "operatingProfit" : 262.58,
    "netProfitMargin" : 5.53,
    "netProfit" : 29.28
  }, {
    "date" : "2017-09-30",
    "sales" : 533.71,
    "salesGrowthYoY" : 5.73,
    "grossProfitMargin" : 100.00,
    "grossProfit" : 533.71,
    "operatingProfitMargin" : 61.89,
    "operatingProfit" : 330.31,
    "netProfitMargin" : 11.40,
    "netProfit" : 60.84
  }, {
    "date" : "2017-12-31",
    "sales" : 524.34,
    "salesGrowthYoY" : 7.48,
    "grossProfitMargin" : 100.00,
    "grossProfit" : 524.34,
    "operatingProfitMargin" : 58.14,
    "operatingProfit" : 304.85,
    "netProfitMargin" : 6.95,
    "netProfit" : 36.44
  }, {
    "date" : "2018-03-31",
    "sales" : 525.49,
    "salesGrowthYoY" : 11.07,
    "grossProfitMargin" : 100.00,
    "grossProfit" : 525.49,
    "operatingProfitMargin" : 69.76,
    "operatingProfit" : 366.58,
    "netProfitMargin" : 14.21,
    "netProfit" : 74.67
  }, {
    "date" : "2018-06-30",
    "sales" : 535.51,
    "salesGrowthYoY" : 1.14,
    "grossProfitMargin" : 100.00,
    "grossProfit" : 535.51,
    "operatingProfitMargin" : 58.60,
    "operatingProfit" : 313.81,
    "netProfitMargin" : 9.61,
    "netProfit" : 51.46
  }, {
    "date" : "2018-09-30",
    "sales" : 564.54,
    "salesGrowthYoY" : 5.78,
    "grossProfitMargin" : 100.00,
    "grossProfit" : 564.54,
    "operatingProfitMargin" : 60.21,
    "operatingProfit" : 339.91,
    "netProfitMargin" : 12.50,
    "netProfit" : 70.57
  }, {
    "date" : "2018-12-31",
    "sales" : 564.13,
    "salesGrowthYoY" : 7.59,
    "grossProfitMargin" : 100.00,
    "grossProfit" : 564.13,
    "operatingProfitMargin" : 65.55,
    "operatingProfit" : 369.79,
    "netProfitMargin" : 11.80,
    "netProfit" : 66.57
  }, {
    "date" : "2019-03-31",
    "sales" : 567.16,
    "salesGrowthYoY" : 7.93,
    "grossProfitMargin" : 100.00,
    "grossProfit" : 567.16,
    "operatingProfitMargin" : 70.05,
    "operatingProfit" : 397.30,
    "netProfitMargin" : 15.25,
    "netProfit" : 86.49
  }, {
    "date" : "2019-06-30",
    "sales" : 559.01,
    "salesGrowthYoY" : 4.39,
    "grossProfitMargin" : 100.00,
    "grossProfit" : 559.01,
    "operatingProfitMargin" : 54.14,
    "operatingProfit" : 302.65,
    "netProfitMargin" : 1.40,
    "netProfit" : 7.83
  }, {
    "date" : "2019-09-30",
    "sales" : 580.69,
    "salesGrowthYoY" : 2.86,
    "grossProfitMargin" : 100.00,
    "grossProfit" : 580.69,
    "operatingProfitMargin" : 57.05,
    "operatingProfit" : 331.28,
    "netProfitMargin" : 2.08,
    "netProfit" : 12.08
  }, {
    "date" : "2019-12-31",
    "sales" : 518.41,
    "salesGrowthYoY" : -8.10,
    "grossProfitMargin" : 100.00,
    "grossProfit" : 518.41,
    "operatingProfitMargin" : 53.12,
    "operatingProfit" : 275.38,
    "netProfitMargin" : 1.04,
    "netProfit" : 5.39
  }, {
    "date" : "2020-03-31",
    "sales" : 519.43,
    "salesGrowthYoY" : -8.42,
    "grossProfitMargin" : 100.00,
    "grossProfit" : 519.43,
    "operatingProfitMargin" : 52.55,
    "operatingProfit" : 272.96,
    "netProfitMargin" : -6.81,
    "netProfit" : -35.37
  }, {
    "date" : "2020-06-30",
    "sales" : 473.65,
    "salesGrowthYoY" : -15.27,
    "grossProfitMargin" : 100.00,
    "grossProfit" : 473.65,
    "operatingProfitMargin" : 60.86,
    "operatingProfit" : 288.26,
    "netProfitMargin" : 5.66,
    "netProfit" : 26.81
  }, {
    "date" : "2020-09-30",
    "sales" : 488.50,
    "salesGrowthYoY" : -15.88,
    "grossProfitMargin" : 100.00,
    "grossProfit" : 488.50,
    "operatingProfitMargin" : 53.40,
    "operatingProfit" : 260.86,
    "netProfitMargin" : 4.03,
    "netProfit" : 19.69
  }, {
    "date" : "2020-12-31",
    "sales" : 454.66,
    "salesGrowthYoY" : -12.30,
    "grossProfitMargin" : 100.00,
    "grossProfit" : 454.66,
    "operatingProfitMargin" : 48.34,
    "operatingProfit" : 219.78,
    "netProfitMargin" : 0.23,
    "netProfit" : 1.05
  }, {
    "date" : "2021-03-31",
    "sales" : 434.70,
    "salesGrowthYoY" : -16.31,
    "grossProfitMargin" : 100.00,
    "grossProfit" : 434.70,
    "operatingProfitMargin" : -147.90,
    "operatingProfit" : -642.92,
    "netProfitMargin" : -143.99,
    "netProfit" : -625.92
  }, {
    "date" : "2021-06-30",
    "sales" : 372.56,
    "salesGrowthYoY" : -21.34,
    "grossProfitMargin" : 100.00,
    "grossProfit" : 372.56,
    "operatingProfitMargin" : 57.81,
    "operatingProfit" : 215.38,
    "netProfitMargin" : 13.37,
    "netProfit" : 49.81
  }, {
    "date" : "2021-09-30",
    "sales" : 393.43,
    "salesGrowthYoY" : -19.46,
    "grossProfitMargin" : 100.00,
    "grossProfit" : 393.43,
    "operatingProfitMargin" : 59.75,
    "operatingProfit" : 235.07,
    "netProfitMargin" : 18.82,
    "netProfit" : 74.04
  }, {
    "date" : "2021-12-31",
    "sales" : 387.32,
    "salesGrowthYoY" : -14.81,
    "grossProfitMargin" : 100.00,
    "grossProfit" : 387.32,
    "operatingProfitMargin" : 61.12,
    "operatingProfit" : 236.73,
    "netProfitMargin" : 20.71,
    "netProfit" : 80.21
  }, {
    "date" : "2022-03-31",
    "sales" : 382.91,
    "salesGrowthYoY" : -11.91,
    "grossProfitMargin" : 100.00,
    "grossProfit" : 382.91,
    "operatingProfitMargin" : 58.84,
    "operatingProfit" : 225.30,
    "netProfitMargin" : 23.27,
    "netProfit" : 89.10
  }, {
    "date" : "2022-06-30",
    "sales" : 406.93,
    "salesGrowthYoY" : 9.23,
    "grossProfitMargin" : 100.00,
    "grossProfit" : 406.93,
    "operatingProfitMargin" : 59.73,
    "operatingProfit" : 243.06,
    "netProfitMargin" : 26.66,
    "netProfit" : 108.49
  }, {
    "date" : "2022-09-30",
    "sales" : 454.86,
    "salesGrowthYoY" : 15.61,
    "grossProfitMargin" : 100.00,
    "grossProfit" : 454.86,
    "operatingProfitMargin" : 67.34,
    "operatingProfit" : 306.30,
    "netProfitMargin" : 28.62,
    "netProfit" : 130.18
  }, {
    "date" : "2022-12-31",
    "sales" : 501.37,
    "salesGrowthYoY" : 29.45,
    "grossProfitMargin" : 100.00,
    "grossProfit" : 501.37,
    "operatingProfitMargin" : 71.44,
    "operatingProfit" : 358.18,
    "netProfitMargin" : 30.00,
    "netProfit" : 150.41
  }, {
    "date" : "2023-03-31",
    "sales" : 577.17,
    "salesGrowthYoY" : 50.73,
    "grossProfitMargin" : 100.00,
    "grossProfit" : 577.17,
    "operatingProfitMargin" : 73.61,
    "operatingProfit" : 424.85,
    "netProfitMargin" : 31.26,
    "netProfit" : 180.42
  }, {
    "date" : "2023-06-30",
    "sales" : 698.51,
    "salesGrowthYoY" : 71.65,
    "grossProfitMargin" : 100.00,
    "grossProfit" : 698.51,
    "operatingProfitMargin" : 72.16,
    "operatingProfit" : 504.04,
    "netProfitMargin" : 28.67,
    "netProfit" : 200.26
  }, {
    "date" : "2023-09-30",
    "sales" : 738.11,
    "salesGrowthYoY" : 62.27,
    "grossProfitMargin" : 100.00,
    "grossProfit" : 738.11,
    "operatingProfitMargin" : 71.96,
    "operatingProfit" : 531.14,
    "netProfitMargin" : 48.82,
    "netProfit" : 360.35
  }, {
    "date" : "2023-12-31",
    "sales" : 762.61,
    "salesGrowthYoY" : 52.11,
    "grossProfitMargin" : 100.00,
    "grossProfit" : 762.61,
    "operatingProfitMargin" : 76.64,
    "operatingProfit" : 584.46,
    "netProfitMargin" : 34.77,
    "netProfit" : 265.16
  }, {
    "date" : "2024-03-31",
    "sales" : 915.00,
    "salesGrowthYoY" : 58.53,
    "grossProfitMargin" : 100.00,
    "grossProfit" : 915.00,
    "operatingProfitMargin" : 73.63,
    "operatingProfit" : 673.71,
    "netProfitMargin" : 36.25,
    "netProfit" : 331.69
  }, {
    "date" : "2024-06-30",
    "sales" : 977.59,
    "salesGrowthYoY" : 39.95,
    "grossProfitMargin" : 100.00,
    "grossProfit" : 977.59,
    "operatingProfitMargin" : 72.22,
    "operatingProfit" : 706.02,
    "netProfitMargin" : 29.83,
    "netProfit" : 291.62
  }, {
    "date" : "2024-09-30",
    "sales" : 988.87,
    "salesGrowthYoY" : 33.97,
    "grossProfitMargin" : 100.00,
    "grossProfit" : 988.87,
    "operatingProfitMargin" : -27.37,
    "operatingProfit" : -270.65,
    "netProfitMargin" : -47.63,
    "netProfit" : -471.00
  }, {
    "date" : "2024-12-31",
    "sales" : 1057.03,
    "salesGrowthYoY" : 38.61,
    "grossProfitMargin" : 100.00,
    "grossProfit" : 1057.03,
    "operatingProfitMargin" : 40.24,
    "operatingProfit" : 425.35,
    "netProfitMargin" : 1.77,
    "netProfit" : 18.71
  }, {
    "date" : "2025-03-31",
    "sales" : 1166.27,
    "salesGrowthYoY" : 27.46,
    "grossProfitMargin" : 100.00,
    "grossProfit" : 1166.27,
    "operatingProfitMargin" : 47.25,
    "operatingProfit" : 551.06,
    "netProfitMargin" : 5.34,
    "netProfit" : 62.28
  }, {
    "date" : "2025-06-30",
    "sales" : 1313.97,
    "salesGrowthYoY" : 34.41,
    "grossProfitMargin" : 100.00,
    "grossProfit" : 1313.97,
    "operatingProfitMargin" : 49.58,
    "operatingProfit" : 651.47,
    "netProfitMargin" : 4.76,
    "netProfit" : 62.54
  }, {
    "date" : "2025-09-30",
    "sales" : 1542.28,
    "salesGrowthYoY" : 55.96,
    "grossProfitMargin" : 100.00,
    "grossProfit" : 1542.28,
    "operatingProfitMargin" : 49.19,
    "operatingProfit" : 758.65,
    "netProfitMargin" : 4.81,
    "netProfit" : 74.18
  } ],
  "latestQuarterlyResult" : {
    "date" : "2025-09-30",
    "sales" : 1542.28,
    "salesGrowthYoY" : 55.96,
    "grossProfitMargin" : 100.00,
    "grossProfit" : 1542.28,
    "operatingProfitMargin" : 49.19,
    "operatingProfit" : 758.65,
    "netProfitMargin" : 4.81,
    "netProfit" : 74.18
  },
  "companyScore" : {
    "priceHigherThanDma50" : 5.00,
    "priceHigherThanDma100" : 5.00,
    "priceHigherThanDma200" : 5.00,
    "dma50HigherThanDma100" : 0.00,
    "dma50HigherThanDma200" : 5.00,
    "dma100HigherThanDma200" : 5.00,
    "pricePercentageAboveDma50" : 4.95,
    "pricePercentageAboveDma100" : 4.98,
    "pricePercentageAboveDma200" : 4.65,
    "weeklyVolumeHigherThanYearlyVolume" : 0.00,
    "salesGrowthPercentile" : 16.20,
    "operatingProfitMarginPercentile" : 17.56,
    "netProfitMarginPercentile" : 7.72,
    "totalTechnicalScore" : 39.58,
    "totalFundamentalScore" : 41.47,
    "totalScore" : 81.06
  }
}