{
  "metadata" : {
    "screenerCompanyId" : "2558",
    "companyCode" : "PRESTIGE",
    "companyName" : "Prestige Estates",
    "screenerCompanyLink" : "https://www.screener.in/company/PRESTIGE",
    "screenerTechnicalHistoryLink" : "https://www.screener.in/api/company/2558/chart/?q=Price-DMA50-DMA200-Volume&days=365",
    "screenerQuarterlyResultsLink" : "https://www.screener.in/api/company/2558/chart/?q=GPM-OPM-NPM-Quarter+Sales&days=10000",
    "attributes" : {
      "companyCode" : "PRESTIGE",
      "companyName" : "Prestige Estates",
      "marketCap" : 71547.00,
      "peRatio" : 698.00,
      "description" : "Prestige Estate Projects has diversified business model across various segments, viz Residential, Office, Retail, Hospitality, Property Management and Warehouses with operations in more than 12 major locations in India.[1]"
    },
    "companyScore" : {
      "priceHigherThanDma50" : 0.00,
      "priceHigherThanDma100" : 5.00,
      "priceHigherThanDma200" : 5.00,
      "dma50HigherThanDma100" : 5.00,
      "dma50HigherThanDma200" : 5.00,
      "dma100HigherThanDma200" : 5.00,
      "pricePercentageAboveDma50" : 5.04,
      "pricePercentageAboveDma100" : 4.97,
      "pricePercentageAboveDma200" : 4.78,
      "weeklyVolumeHigherThanYearlyVolume" : 0.00,
      "salesGrowthPercentile" : 4.14,
      "operatingProfitMarginPercentile" : 13.23,
      "netProfitMarginPercentile" : 2.49,
      "totalTechnicalScore" : 39.80,
      "totalFundamentalScore" : 19.85,
      "totalScore" : 59.65
    }
  },
  "attributes" : {
    "companyCode" : "PRESTIGE",
    "companyName" : "Prestige Estates",
    "marketCap" : 71547.00,
    "peRatio" : 698.00,
    "description" : "Prestige Estate Projects has diversified business model across various segments, viz Residential, Office, Retail, Hospitality, Property Management and Warehouses with operations in more than 12 major locations in India.[1]"
  },
  "technicalHistory" : [ {
    "date" : "2024-12-05",
    "price" : 1734.00,
    "dma50" : 1699.60,
    "dma100" : null,
    "dma200" : 1571.49,
    "volume" : 381945.00
  }, {
    "date" : "2024-12-06",
    "price" : 1738.15,
    "dma50" : 1701.11,
    "dma100" : null,
    "dma200" : 1573.14,
    "volume" : 326147.00
  }, {
    "date" : "2024-12-09",
    "price" : 1742.10,
    "dma50" : 1702.72,
    "dma100" : null,
    "dma200" : 1574.82,
    "volume" : 316793.00
  }, {
    "date" : "2024-12-10",
    "price" : 1750.50,
    "dma50" : 1704.59,
    "dma100" : null,
    "dma200" : 1576.57,
    "volume" : 400376.00
  }, {
    "date" : "2024-12-11",
    "price" : 1751.90,
    "dma50" : 1706.45,
    "dma100" : null,
    "dma200" : 1578.32,
    "volume" : 281838.00
  }, {
    "date" : "2024-12-12",
    "price" : 1741.30,
    "dma50" : 1707.81,
    "dma100" : null,
    "dma200" : 1579.94,
    "volume" : 680378.00
  }, {
    "date" : "2024-12-13",
    "price" : 1754.65,
    "dma50" : 1709.65,
    "dma100" : null,
    "dma200" : 1581.68,
    "volume" : 795194.00
  }, {
    "date" : "2024-12-16",
    "price" : 1830.75,
    "dma50" : 1714.40,
    "dma100" : null,
    "dma200" : 1584.16,
    "volume" : 2247265.00
  }, {
    "date" : "2024-12-17",
    "price" : 1854.40,
    "dma50" : 1719.89,
    "dma100" : null,
    "dma200" : 1586.84,
    "volume" : 2034699.00
  }, {
    "date" : "2024-12-18",
    "price" : 1888.05,
    "dma50" : 1726.48,
    "dma100" : null,
    "dma200" : 1589.84,
    "volume" : 1251617.00
  }, {
    "date" : "2024-12-19",
    "price" : 1863.75,
    "dma50" : 1731.87,
    "dma100" : null,
    "dma200" : 1592.57,
    "volume" : 667928.00
  }, {
    "date" : "2024-12-20",
    "price" : 1794.50,
    "dma50" : 1734.32,
    "dma100" : null,
    "dma200" : 1594.58,
    "volume" : 2880016.00
  }, {
    "date" : "2024-12-23",
    "price" : 1755.05,
    "dma50" : 1735.14,
    "dma100" : null,
    "dma200" : 1596.17,
    "volume" : 845140.00
  }, {
    "date" : "2024-12-24",
    "price" : 1751.90,
    "dma50" : 1735.79,
    "dma100" : null,
    "dma200" : 1597.72,
    "volume" : 622865.00
  }, {
    "date" : "2024-12-26",
    "price" : 1751.80,
    "dma50" : 1736.42,
    "dma100" : null,
    "dma200" : 1599.26,
    "volume" : 489147.00
  }, {
    "date" : "2024-12-27",
    "price" : 1752.50,
    "dma50" : 1737.05,
    "dma100" : null,
    "dma200" : 1600.78,
    "volume" : 243367.00
  }, {
    "date" : "2024-12-30",
    "price" : 1675.00,
    "dma50" : 1734.62,
    "dma100" : null,
    "dma200" : 1601.52,
    "volume" : 960426.00
  }, {
    "date" : "2024-12-31",
    "price" : 1694.00,
    "dma50" : 1733.03,
    "dma100" : null,
    "dma200" : 1602.44,
    "volume" : 543885.00
  }, {
    "date" : "2025-01-01",
    "price" : 1653.55,
    "dma50" : 1729.91,
    "dma100" : null,
    "dma200" : 1602.95,
    "volume" : 467870.00
  }, {
    "date" : "2025-01-02",
    "price" : 1662.45,
    "dma50" : 1727.26,
    "dma100" : null,
    "dma200" : 1603.54,
    "volume" : 446554.00
  }, {
    "date" : "2025-01-03",
    "price" : 1656.25,
    "dma50" : 1724.48,
    "dma100" : null,
    "dma200" : 1604.06,
    "volume" : 339408.00
  }, {
    "date" : "2025-01-06",
    "price" : 1594.95,
    "dma50" : 1719.40,
    "dma100" : null,
    "dma200" : 1603.97,
    "volume" : 844190.00
  }, {
    "date" : "2025-01-07",
    "price" : 1583.45,
    "dma50" : 1714.07,
    "dma100" : null,
    "dma200" : 1603.77,
    "volume" : 796640.00
  }, {
    "date" : "2025-01-08",
    "price" : 1568.60,
    "dma50" : 1708.36,
    "dma100" : null,
    "dma200" : 1603.42,
    "volume" : 532134.00
  }, {
    "date" : "2025-01-09",
    "price" : 1521.25,
    "dma50" : 1701.03,
    "dma100" : null,
    "dma200" : 1602.60,
    "volume" : 372541.00
  }, {
    "date" : "2025-01-10",
    "price" : 1492.40,
    "dma50" : 1692.84,
    "dma100" : null,
    "dma200" : 1601.51,
    "volume" : 566538.00
  }, {
    "date" : "2025-01-13",
    "price" : 1426.65,
    "dma50" : 1682.41,
    "dma100" : null,
    "dma200" : 1599.77,
    "volume" : 1033076.00
  }, {
    "date" : "2025-01-14",
    "price" : 1426.30,
    "dma50" : 1672.36,
    "dma100" : null,
    "dma200" : 1598.04,
    "volume" : 947317.00
  }, {
    "date" : "2025-01-15",
    "price" : 1439.35,
    "dma50" : 1663.22,
    "dma100" : null,
    "dma200" : 1596.46,
    "volume" : 432411.00
  }, {
    "date" : "2025-01-16",
    "price" : 1449.85,
    "dma50" : 1654.86,
    "dma100" : null,
    "dma200" : 1595.00,
    "volume" : 331567.00
  }, {
    "date" : "2025-01-17",
    "price" : 1472.20,
    "dma50" : 1647.69,
    "dma100" : null,
    "dma200" : 1593.78,
    "volume" : 581949.00
  }, {
    "date" : "2025-01-20",
    "price" : 1463.50,
    "dma50" : 1640.47,
    "dma100" : null,
    "dma200" : 1592.48,
    "volume" : 340724.00
  }, {
    "date" : "2025-01-21",
    "price" : 1388.90,
    "dma50" : 1630.60,
    "dma100" : null,
    "dma200" : 1590.46,
    "volume" : 980317.00
  }, {
    "date" : "2025-01-22",
    "price" : 1319.30,
    "dma50" : 1618.40,
    "dma100" : null,
    "dma200" : 1587.76,
    "volume" : 2856345.00
  }, {
    "date" : "2025-01-23",
    "price" : 1342.60,
    "dma50" : 1607.58,
    "dma100" : null,
    "dma200" : 1585.32,
    "volume" : 1525585.00
  }, {
    "date" : "2025-01-24",
    "price" : 1255.65,
    "dma50" : 1593.78,
    "dma100" : null,
    "dma200" : 1582.04,
    "volume" : 1775225.00
  }, {
    "date" : "2025-01-27",
    "price" : 1243.85,
    "dma50" : 1580.06,
    "dma100" : null,
    "dma200" : 1578.67,
    "volume" : 1695871.00
  }, {
    "date" : "2025-01-28",
    "price" : 1271.10,
    "dma50" : 1567.94,
    "dma100" : null,
    "dma200" : 1575.61,
    "volume" : 1051112.00
  }, {
    "date" : "2025-01-29",
    "price" : 1318.40,
    "dma50" : 1558.16,
    "dma100" : null,
    "dma200" : 1573.06,
    "volume" : 826811.00
  }, {
    "date" : "2025-01-30",
    "price" : 1342.35,
    "dma50" : 1549.69,
    "dma100" : null,
    "dma200" : 1570.76,
    "volume" : 548680.00
  }, {
    "date" : "2025-01-31",
    "price" : 1359.50,
    "dma50" : 1542.23,
    "dma100" : null,
    "dma200" : 1568.66,
    "volume" : 1526361.00
  }, {
    "date" : "2025-02-01",
    "price" : 1431.70,
    "dma50" : 1537.90,
    "dma100" : null,
    "dma200" : 1567.29,
    "volume" : 3040463.00
  }, {
    "date" : "2025-02-03",
    "price" : 1425.15,
    "dma50" : 1533.48,
    "dma100" : null,
    "dma200" : 1565.88,
    "volume" : 1130270.00
  }, {
    "date" : "2025-02-04",
    "price" : 1421.40,
    "dma50" : 1529.08,
    "dma100" : null,
    "dma200" : 1564.44,
    "volume" : 957803.00
  }, {
    "date" : "2025-02-05",
    "price" : 1379.35,
    "dma50" : 1523.21,
    "dma100" : null,
    "dma200" : 1562.60,
    "volume" : 1402067.00
  }, {
    "date" : "2025-02-06",
    "price" : 1366.35,
    "dma50" : 1517.06,
    "dma100" : null,
    "dma200" : 1560.65,
    "volume" : 633378.00
  }, {
    "date" : "2025-02-07",
    "price" : 1347.70,
    "dma50" : 1510.42,
    "dma100" : null,
    "dma200" : 1558.53,
    "volume" : 1079646.00
  }, {
    "date" : "2025-02-10",
    "price" : 1324.85,
    "dma50" : 1503.14,
    "dma100" : null,
    "dma200" : 1556.20,
    "volume" : 529852.00
  }, {
    "date" : "2025-02-11",
    "price" : 1311.15,
    "dma50" : 1495.61,
    "dma100" : null,
    "dma200" : 1553.77,
    "volume" : 789278.00
  }, {
    "date" : "2025-02-12",
    "price" : 1220.15,
    "dma50" : 1484.81,
    "dma100" : null,
    "dma200" : 1550.45,
    "volume" : 3333281.00
  }, {
    "date" : "2025-02-13",
    "price" : 1237.90,
    "dma50" : 1475.13,
    "dma100" : null,
    "dma200" : 1547.34,
    "volume" : 2131126.00
  }, {
    "date" : "2025-02-14",
    "price" : 1227.15,
    "dma50" : 1465.40,
    "dma100" : null,
    "dma200" : 1544.15,
    "volume" : 711769.00
  }, {
    "date" : "2025-02-17",
    "price" : 1240.40,
    "dma50" : 1456.58,
    "dma100" : null,
    "dma200" : 1541.13,
    "volume" : 732880.00
  }, {
    "date" : "2025-02-18",
    "price" : 1217.15,
    "dma50" : 1447.19,
    "dma100" : null,
    "dma200" : 1537.90,
    "volume" : 1041974.00
  }, {
    "date" : "2025-02-19",
    "price" : 1230.05,
    "dma50" : 1438.67,
    "dma100" : null,
    "dma200" : 1534.84,
    "volume" : 1294558.00
  }, {
    "date" : "2025-02-20",
    "price" : 1250.30,
    "dma50" : 1431.29,
    "dma100" : null,
    "dma200" : 1532.01,
    "volume" : 1276787.00
  }, {
    "date" : "2025-02-21",
    "price" : 1216.30,
    "dma50" : 1422.86,
    "dma100" : null,
    "dma200" : 1528.87,
    "volume" : 967676.00
  }, {
    "date" : "2025-02-24",
    "price" : 1186.10,
    "dma50" : 1413.57,
    "dma100" : null,
    "dma200" : 1525.46,
    "volume" : 2671476.00
  }, {
    "date" : "2025-02-25",
    "price" : 1192.00,
    "dma50" : 1404.88,
    "dma100" : null,
    "dma200" : 1522.14,
    "volume" : 609349.00
  }, {
    "date" : "2025-02-27",
    "price" : 1134.55,
    "dma50" : 1394.28,
    "dma100" : null,
    "dma200" : 1518.28,
    "volume" : 1543603.00
  }, {
    "date" : "2025-02-28",
    "price" : 1126.60,
    "dma50" : 1383.78,
    "dma100" : null,
    "dma200" : 1514.39,
    "volume" : 2288146.00
  }, {
    "date" : "2025-03-03",
    "price" : 1184.00,
    "dma50" : 1375.95,
    "dma100" : null,
    "dma200" : 1511.10,
    "volume" : 1569086.00
  }, {
    "date" : "2025-03-04",
    "price" : 1187.95,
    "dma50" : 1368.58,
    "dma100" : null,
    "dma200" : 1507.88,
    "volume" : 508755.00
  }, {
    "date" : "2025-03-05",
    "price" : 1178.15,
    "dma50" : 1361.11,
    "dma100" : null,
    "dma200" : 1504.60,
    "volume" : 849593.00
  }, {
    "date" : "2025-03-06",
    "price" : 1171.65,
    "dma50" : 1353.68,
    "dma100" : null,
    "dma200" : 1501.29,
    "volume" : 597298.00
  }, {
    "date" : "2025-03-07",
    "price" : 1144.85,
    "dma50" : 1345.49,
    "dma100" : null,
    "dma200" : 1497.74,
    "volume" : 1150010.00
  }, {
    "date" : "2025-03-10",
    "price" : 1123.95,
    "dma50" : 1336.80,
    "dma100" : null,
    "dma200" : 1494.02,
    "volume" : 497492.00
  }, {
    "date" : "2025-03-11",
    "price" : 1126.40,
    "dma50" : 1328.55,
    "dma100" : null,
    "dma200" : 1490.37,
    "volume" : 1094119.00
  }, {
    "date" : "2025-03-12",
    "price" : 1118.70,
    "dma50" : 1320.32,
    "dma100" : null,
    "dma200" : 1486.67,
    "volume" : 839471.00
  }, {
    "date" : "2025-03-13",
    "price" : 1129.60,
    "dma50" : 1312.84,
    "dma100" : null,
    "dma200" : 1483.11,
    "volume" : 678792.00
  }, {
    "date" : "2025-03-17",
    "price" : 1099.50,
    "dma50" : 1304.48,
    "dma100" : null,
    "dma200" : 1479.30,
    "volume" : 852640.00
  }, {
    "date" : "2025-03-18",
    "price" : 1132.50,
    "dma50" : 1297.73,
    "dma100" : null,
    "dma200" : 1475.85,
    "volume" : 733348.00
  }, {
    "date" : "2025-03-19",
    "price" : 1200.75,
    "dma50" : 1293.93,
    "dma100" : null,
    "dma200" : 1473.11,
    "volume" : 1294208.00
  }, {
    "date" : "2025-03-20",
    "price" : 1208.25,
    "dma50" : 1290.57,
    "dma100" : null,
    "dma200" : 1470.47,
    "volume" : 726384.00
  }, {
    "date" : "2025-03-21",
    "price" : 1226.15,
    "dma50" : 1288.04,
    "dma100" : null,
    "dma200" : 1468.04,
    "volume" : 1175016.00
  }, {
    "date" : "2025-03-24",
    "price" : 1220.30,
    "dma50" : 1285.39,
    "dma100" : null,
    "dma200" : 1465.58,
    "volume" : 736869.00
  }, {
    "date" : "2025-03-25",
    "price" : 1222.90,
    "dma50" : 1282.94,
    "dma100" : null,
    "dma200" : 1463.16,
    "volume" : 1173642.00
  }, {
    "date" : "2025-03-26",
    "price" : 1196.60,
    "dma50" : 1279.55,
    "dma100" : null,
    "dma200" : 1460.51,
    "volume" : 1131487.00
  }, {
    "date" : "2025-03-27",
    "price" : 1206.05,
    "dma50" : 1276.67,
    "dma100" : null,
    "dma200" : 1457.98,
    "volume" : 805491.00
  }, {
    "date" : "2025-03-28",
    "price" : 1184.40,
    "dma50" : 1273.05,
    "dma100" : null,
    "dma200" : 1455.26,
    "volume" : 750925.00
  }, {
    "date" : "2025-04-01",
    "price" : 1137.35,
    "dma50" : 1267.73,
    "dma100" : null,
    "dma200" : 1452.09,
    "volume" : 781395.00
  }, {
    "date" : "2025-04-02",
    "price" : 1177.60,
    "dma50" : 1264.19,
    "dma100" : null,
    "dma200" : 1449.36,
    "volume" : 895482.00
  }, {
    "date" : "2025-04-03",
    "price" : 1188.50,
    "dma50" : 1261.22,
    "dma100" : null,
    "dma200" : 1446.77,
    "volume" : 519527.00
  }, {
    "date" : "2025-04-04",
    "price" : 1127.05,
    "dma50" : 1255.96,
    "dma100" : null,
    "dma200" : 1443.58,
    "volume" : 587285.00
  }, {
    "date" : "2025-04-07",
    "price" : 1060.30,
    "dma50" : 1248.29,
    "dma100" : null,
    "dma200" : 1439.77,
    "volume" : 853307.00
  }, {
    "date" : "2025-04-08",
    "price" : 1087.05,
    "dma50" : 1241.97,
    "dma100" : null,
    "dma200" : 1436.26,
    "volume" : 449444.00
  }, {
    "date" : "2025-04-09",
    "price" : 1079.45,
    "dma50" : 1235.59,
    "dma100" : null,
    "dma200" : 1432.71,
    "volume" : 517058.00
  }, {
    "date" : "2025-04-11",
    "price" : 1122.85,
    "dma50" : 1231.17,
    "dma100" : null,
    "dma200" : 1429.63,
    "volume" : 693421.00
  }, {
    "date" : "2025-04-15",
    "price" : 1198.50,
    "dma50" : 1229.89,
    "dma100" : null,
    "dma200" : 1427.33,
    "volume" : 849543.00
  }, {
    "date" : "2025-04-16",
    "price" : 1207.40,
    "dma50" : 1229.01,
    "dma100" : null,
    "dma200" : 1425.14,
    "volume" : 863697.00
  }, {
    "date" : "2025-04-17",
    "price" : 1215.20,
    "dma50" : 1228.47,
    "dma100" : null,
    "dma200" : 1423.05,
    "volume" : 659404.00
  }, {
    "date" : "2025-04-21",
    "price" : 1268.60,
    "dma50" : 1230.04,
    "dma100" : null,
    "dma200" : 1421.51,
    "volume" : 971714.00
  }, {
    "date" : "2025-04-22",
    "price" : 1303.90,
    "dma50" : 1232.94,
    "dma100" : null,
    "dma200" : 1420.34,
    "volume" : 870424.00
  }, {
    "date" : "2025-04-23",
    "price" : 1323.80,
    "dma50" : 1236.50,
    "dma100" : null,
    "dma200" : 1419.38,
    "volume" : 1423298.00
  }, {
    "date" : "2025-04-24",
    "price" : 1294.00,
    "dma50" : 1238.76,
    "dma100" : null,
    "dma200" : 1418.14,
    "volume" : 795670.00
  }, {
    "date" : "2025-04-25",
    "price" : 1261.80,
    "dma50" : 1239.66,
    "dma100" : null,
    "dma200" : 1416.58,
    "volume" : 490025.00
  }, {
    "date" : "2025-04-28",
    "price" : 1315.80,
    "dma50" : 1242.65,
    "dma100" : null,
    "dma200" : 1415.58,
    "volume" : 966112.00
  }, {
    "date" : "2025-04-29",
    "price" : 1380.00,
    "dma50" : 1248.03,
    "dma100" : null,
    "dma200" : 1415.22,
    "volume" : 2222414.00
  }, {
    "date" : "2025-04-30",
    "price" : 1375.10,
    "dma50" : 1253.01,
    "dma100" : null,
    "dma200" : 1414.82,
    "volume" : 2803925.00
  }, {
    "date" : "2025-05-02",
    "price" : 1363.00,
    "dma50" : 1257.33,
    "dma100" : null,
    "dma200" : 1414.31,
    "volume" : 568688.00
  }, {
    "date" : "2025-05-05",
    "price" : 1385.50,
    "dma50" : 1262.35,
    "dma100" : 1369.64,
    "dma200" : 1414.02,
    "volume" : 304924.00
  }, {
    "date" : "2025-05-06",
    "price" : 1332.00,
    "dma50" : 1265.09,
    "dma100" : 1365.58,
    "dma200" : 1413.21,
    "volume" : 555416.00
  }, {
    "date" : "2025-05-07",
    "price" : 1337.00,
    "dma50" : 1267.91,
    "dma100" : 1361.53,
    "dma200" : 1412.45,
    "volume" : 676654.00
  }, {
    "date" : "2025-05-08",
    "price" : 1315.50,
    "dma50" : 1269.77,
    "dma100" : 1357.18,
    "dma200" : 1411.48,
    "volume" : 1061031.00
  }, {
    "date" : "2025-05-09",
    "price" : 1281.60,
    "dma50" : 1270.24,
    "dma100" : 1352.48,
    "dma200" : 1410.19,
    "volume" : 417687.00
  }, {
    "date" : "2025-05-12",
    "price" : 1366.10,
    "dma50" : 1274.00,
    "dma100" : 1348.73,
    "dma200" : 1409.75,
    "volume" : 640909.00
  }, {
    "date" : "2025-05-13",
    "price" : 1347.30,
    "dma50" : 1276.87,
    "dma100" : 1344.65,
    "dma200" : 1409.13,
    "volume" : 645382.00
  }, {
    "date" : "2025-05-14",
    "price" : 1395.30,
    "dma50" : 1281.51,
    "dma100" : 1340.30,
    "dma200" : 1408.99,
    "volume" : 512227.00
  }, {
    "date" : "2025-05-15",
    "price" : 1418.90,
    "dma50" : 1286.90,
    "dma100" : 1335.94,
    "dma200" : 1409.09,
    "volume" : 752410.00
  }, {
    "date" : "2025-05-16",
    "price" : 1433.20,
    "dma50" : 1292.64,
    "dma100" : 1331.39,
    "dma200" : 1409.33,
    "volume" : 629419.00
  }, {
    "date" : "2025-05-19",
    "price" : 1439.80,
    "dma50" : 1298.41,
    "dma100" : 1327.16,
    "dma200" : 1409.63,
    "volume" : 523530.00
  }, {
    "date" : "2025-05-20",
    "price" : 1419.60,
    "dma50" : 1303.16,
    "dma100" : 1323.41,
    "dma200" : 1409.73,
    "volume" : 614487.00
  }, {
    "date" : "2025-05-21",
    "price" : 1432.60,
    "dma50" : 1308.24,
    "dma100" : 1320.18,
    "dma200" : 1409.96,
    "volume" : 345390.00
  }, {
    "date" : "2025-05-22",
    "price" : 1419.70,
    "dma50" : 1312.61,
    "dma100" : 1316.86,
    "dma200" : 1410.06,
    "volume" : 443692.00
  }, {
    "date" : "2025-05-23",
    "price" : 1436.20,
    "dma50" : 1317.46,
    "dma100" : 1313.70,
    "dma200" : 1410.32,
    "volume" : 541172.00
  }, {
    "date" : "2025-05-26",
    "price" : 1438.70,
    "dma50" : 1322.21,
    "dma100" : 1310.57,
    "dma200" : 1410.60,
    "volume" : 326013.00
  }, {
    "date" : "2025-05-27",
    "price" : 1444.50,
    "dma50" : 1327.01,
    "dma100" : 1308.26,
    "dma200" : 1410.94,
    "volume" : 349483.00
  }, {
    "date" : "2025-05-28",
    "price" : 1451.80,
    "dma50" : 1331.90,
    "dma100" : 1305.84,
    "dma200" : 1411.34,
    "volume" : 602020.00
  }, {
    "date" : "2025-05-29",
    "price" : 1500.90,
    "dma50" : 1338.53,
    "dma100" : 1304.31,
    "dma200" : 1412.24,
    "volume" : 2728389.00
  }, {
    "date" : "2025-05-30",
    "price" : 1466.60,
    "dma50" : 1343.55,
    "dma100" : 1302.35,
    "dma200" : 1412.78,
    "volume" : 1254081.00
  }, {
    "date" : "2025-06-02",
    "price" : 1539.60,
    "dma50" : 1351.24,
    "dma100" : 1301.19,
    "dma200" : 1414.04,
    "volume" : 2371317.00
  }, {
    "date" : "2025-06-03",
    "price" : 1584.60,
    "dma50" : 1360.39,
    "dma100" : 1301.08,
    "dma200" : 1415.74,
    "volume" : 2721424.00
  }, {
    "date" : "2025-06-04",
    "price" : 1581.60,
    "dma50" : 1369.06,
    "dma100" : 1301.07,
    "dma200" : 1417.39,
    "volume" : 1474162.00
  }, {
    "date" : "2025-06-05",
    "price" : 1626.10,
    "dma50" : 1379.14,
    "dma100" : 1301.64,
    "dma200" : 1419.46,
    "volume" : 2234246.00
  }, {
    "date" : "2025-06-06",
    "price" : 1714.60,
    "dma50" : 1392.30,
    "dma100" : 1303.57,
    "dma200" : 1422.40,
    "volume" : 2824807.00
  }, {
    "date" : "2025-06-09",
    "price" : 1708.50,
    "dma50" : 1404.70,
    "dma100" : 1305.74,
    "dma200" : 1425.25,
    "volume" : 1442531.00
  }, {
    "date" : "2025-06-10",
    "price" : 1663.60,
    "dma50" : 1414.85,
    "dma100" : 1308.10,
    "dma200" : 1427.62,
    "volume" : 796966.00
  }, {
    "date" : "2025-06-11",
    "price" : 1666.50,
    "dma50" : 1424.72,
    "dma100" : 1310.51,
    "dma200" : 1429.99,
    "volume" : 854675.00
  }, {
    "date" : "2025-06-12",
    "price" : 1640.20,
    "dma50" : 1433.17,
    "dma100" : 1312.52,
    "dma200" : 1432.09,
    "volume" : 333212.00
  }, {
    "date" : "2025-06-13",
    "price" : 1656.10,
    "dma50" : 1441.91,
    "dma100" : 1314.58,
    "dma200" : 1434.32,
    "volume" : 525389.00
  }, {
    "date" : "2025-06-16",
    "price" : 1699.30,
    "dma50" : 1452.01,
    "dma100" : 1316.85,
    "dma200" : 1436.95,
    "volume" : 1079943.00
  }, {
    "date" : "2025-06-17",
    "price" : 1694.70,
    "dma50" : 1461.52,
    "dma100" : 1319.16,
    "dma200" : 1439.52,
    "volume" : 952268.00
  }, {
    "date" : "2025-06-18",
    "price" : 1692.50,
    "dma50" : 1470.58,
    "dma100" : 1322.20,
    "dma200" : 1442.03,
    "volume" : 373414.00
  }, {
    "date" : "2025-06-19",
    "price" : 1678.00,
    "dma50" : 1478.72,
    "dma100" : 1325.78,
    "dma200" : 1444.38,
    "volume" : 590411.00
  }, {
    "date" : "2025-06-20",
    "price" : 1716.30,
    "dma50" : 1488.03,
    "dma100" : 1329.52,
    "dma200" : 1447.09,
    "volume" : 1376974.00
  }, {
    "date" : "2025-06-23",
    "price" : 1719.20,
    "dma50" : 1497.10,
    "dma100" : 1334.16,
    "dma200" : 1449.79,
    "volume" : 820145.00
  }, {
    "date" : "2025-06-24",
    "price" : 1728.50,
    "dma50" : 1506.17,
    "dma100" : 1339.00,
    "dma200" : 1452.57,
    "volume" : 930049.00
  }, {
    "date" : "2025-06-25",
    "price" : 1748.60,
    "dma50" : 1515.68,
    "dma100" : 1343.78,
    "dma200" : 1455.51,
    "volume" : 549394.00
  }, {
    "date" : "2025-06-26",
    "price" : 1699.00,
    "dma50" : 1522.87,
    "dma100" : 1347.58,
    "dma200" : 1457.94,
    "volume" : 939108.00
  }, {
    "date" : "2025-06-27",
    "price" : 1665.40,
    "dma50" : 1528.46,
    "dma100" : 1350.81,
    "dma200" : 1460.00,
    "volume" : 814987.00
  }, {
    "date" : "2025-06-30",
    "price" : 1657.40,
    "dma50" : 1533.52,
    "dma100" : 1353.79,
    "dma200" : 1461.96,
    "volume" : 679691.00
  }, {
    "date" : "2025-07-01",
    "price" : 1637.10,
    "dma50" : 1537.58,
    "dma100" : 1355.85,
    "dma200" : 1463.71,
    "volume" : 772489.00
  }, {
    "date" : "2025-07-02",
    "price" : 1601.60,
    "dma50" : 1540.09,
    "dma100" : 1357.61,
    "dma200" : 1465.08,
    "volume" : 784010.00
  }, {
    "date" : "2025-07-03",
    "price" : 1600.80,
    "dma50" : 1542.47,
    "dma100" : 1359.41,
    "dma200" : 1466.43,
    "volume" : 661033.00
  }, {
    "date" : "2025-07-04",
    "price" : 1613.00,
    "dma50" : 1545.23,
    "dma100" : 1361.74,
    "dma200" : 1467.89,
    "volume" : 287969.00
  }, {
    "date" : "2025-07-07",
    "price" : 1630.50,
    "dma50" : 1548.58,
    "dma100" : 1364.38,
    "dma200" : 1469.51,
    "volume" : 255946.00
  }, {
    "date" : "2025-07-08",
    "price" : 1659.10,
    "dma50" : 1552.91,
    "dma100" : 1367.50,
    "dma200" : 1471.39,
    "volume" : 319267.00
  }, {
    "date" : "2025-07-09",
    "price" : 1650.00,
    "dma50" : 1556.72,
    "dma100" : 1370.75,
    "dma200" : 1473.17,
    "volume" : 639492.00
  }, {
    "date" : "2025-07-10",
    "price" : 1696.50,
    "dma50" : 1562.20,
    "dma100" : 1374.60,
    "dma200" : 1475.39,
    "volume" : 1487682.00
  }, {
    "date" : "2025-07-11",
    "price" : 1695.00,
    "dma50" : 1567.41,
    "dma100" : 1379.35,
    "dma200" : 1477.58,
    "volume" : 897666.00
  }, {
    "date" : "2025-07-14",
    "price" : 1726.30,
    "dma50" : 1573.64,
    "dma100" : 1384.23,
    "dma200" : 1480.05,
    "volume" : 1283059.00
  }, {
    "date" : "2025-07-15",
    "price" : 1724.60,
    "dma50" : 1579.56,
    "dma100" : 1389.21,
    "dma200" : 1482.49,
    "volume" : 1844240.00
  }, {
    "date" : "2025-07-16",
    "price" : 1718.60,
    "dma50" : 1585.01,
    "dma100" : 1393.99,
    "dma200" : 1484.84,
    "volume" : 1043215.00
  }, {
    "date" : "2025-07-17",
    "price" : 1783.20,
    "dma50" : 1592.79,
    "dma100" : 1399.65,
    "dma200" : 1487.80,
    "volume" : 2030074.00
  }, {
    "date" : "2025-07-18",
    "price" : 1782.20,
    "dma50" : 1600.21,
    "dma100" : 1405.17,
    "dma200" : 1490.73,
    "volume" : 1460090.00
  }, {
    "date" : "2025-07-21",
    "price" : 1806.10,
    "dma50" : 1608.29,
    "dma100" : 1410.73,
    "dma200" : 1493.87,
    "volume" : 635422.00
  }, {
    "date" : "2025-07-22",
    "price" : 1793.10,
    "dma50" : 1615.53,
    "dma100" : 1416.50,
    "dma200" : 1496.85,
    "volume" : 564264.00
  }, {
    "date" : "2025-07-23",
    "price" : 1753.80,
    "dma50" : 1620.96,
    "dma100" : 1422.18,
    "dma200" : 1499.41,
    "volume" : 1135104.00
  }, {
    "date" : "2025-07-24",
    "price" : 1698.00,
    "dma50" : 1623.98,
    "dma100" : 1427.24,
    "dma200" : 1501.38,
    "volume" : 893154.00
  }, {
    "date" : "2025-07-25",
    "price" : 1669.10,
    "dma50" : 1625.75,
    "dma100" : 1432.58,
    "dma200" : 1503.05,
    "volume" : 519412.00
  }, {
    "date" : "2025-07-28",
    "price" : 1611.30,
    "dma50" : 1625.18,
    "dma100" : 1437.43,
    "dma200" : 1504.13,
    "volume" : 1558198.00
  }, {
    "date" : "2025-07-29",
    "price" : 1640.20,
    "dma50" : 1625.77,
    "dma100" : 1441.99,
    "dma200" : 1505.48,
    "volume" : 1119252.00
  }, {
    "date" : "2025-07-30",
    "price" : 1624.80,
    "dma50" : 1625.73,
    "dma100" : 1446.36,
    "dma200" : 1506.67,
    "volume" : 573703.00
  }, {
    "date" : "2025-07-31",
    "price" : 1626.50,
    "dma50" : 1625.76,
    "dma100" : 1450.84,
    "dma200" : 1507.86,
    "volume" : 908490.00
  }, {
    "date" : "2025-08-01",
    "price" : 1596.50,
    "dma50" : 1624.61,
    "dma100" : 1455.09,
    "dma200" : 1508.74,
    "volume" : 848990.00
  }, {
    "date" : "2025-08-04",
    "price" : 1632.80,
    "dma50" : 1624.94,
    "dma100" : 1459.97,
    "dma200" : 1509.98,
    "volume" : 393964.00
  }, {
    "date" : "2025-08-05",
    "price" : 1608.90,
    "dma50" : 1624.31,
    "dma100" : 1464.82,
    "dma200" : 1510.96,
    "volume" : 293085.00
  }, {
    "date" : "2025-08-06",
    "price" : 1604.60,
    "dma50" : 1623.53,
    "dma100" : 1469.60,
    "dma200" : 1511.89,
    "volume" : 1524272.00
  }, {
    "date" : "2025-08-07",
    "price" : 1629.50,
    "dma50" : 1623.77,
    "dma100" : 1474.71,
    "dma200" : 1513.06,
    "volume" : 846707.00
  }, {
    "date" : "2025-08-08",
    "price" : 1603.60,
    "dma50" : 1622.98,
    "dma100" : 1479.45,
    "dma200" : 1513.96,
    "volume" : 900655.00
  }, {
    "date" : "2025-08-11",
    "price" : 1652.80,
    "dma50" : 1624.15,
    "dma100" : 1484.98,
    "dma200" : 1515.35,
    "volume" : 884219.00
  }, {
    "date" : "2025-08-12",
    "price" : 1630.80,
    "dma50" : 1624.41,
    "dma100" : 1489.97,
    "dma200" : 1516.49,
    "volume" : 226316.00
  }, {
    "date" : "2025-08-13",
    "price" : 1628.90,
    "dma50" : 1624.58,
    "dma100" : 1494.25,
    "dma200" : 1517.61,
    "volume" : 682042.00
  }, {
    "date" : "2025-08-14",
    "price" : 1600.90,
    "dma50" : 1623.65,
    "dma100" : 1498.17,
    "dma200" : 1518.44,
    "volume" : 312180.00
  }, {
    "date" : "2025-08-18",
    "price" : 1624.70,
    "dma50" : 1623.70,
    "dma100" : 1502.16,
    "dma200" : 1519.50,
    "volume" : 399440.00
  }, {
    "date" : "2025-08-19",
    "price" : 1636.40,
    "dma50" : 1624.19,
    "dma100" : 1506.32,
    "dma200" : 1520.66,
    "volume" : 258061.00
  }, {
    "date" : "2025-08-20",
    "price" : 1626.60,
    "dma50" : 1624.29,
    "dma100" : 1510.36,
    "dma200" : 1521.72,
    "volume" : 632458.00
  }, {
    "date" : "2025-08-21",
    "price" : 1630.60,
    "dma50" : 1624.54,
    "dma100" : 1514.70,
    "dma200" : 1522.80,
    "volume" : 1226524.00
  }, {
    "date" : "2025-08-22",
    "price" : 1635.60,
    "dma50" : 1624.97,
    "dma100" : 1518.99,
    "dma200" : 1523.92,
    "volume" : 246524.00
  }, {
    "date" : "2025-08-25",
    "price" : 1649.10,
    "dma50" : 1625.92,
    "dma100" : 1523.64,
    "dma200" : 1525.17,
    "volume" : 393016.00
  }, {
    "date" : "2025-08-26",
    "price" : 1609.00,
    "dma50" : 1625.25,
    "dma100" : 1528.36,
    "dma200" : 1526.00,
    "volume" : 430300.00
  }, {
    "date" : "2025-08-28",
    "price" : 1579.90,
    "dma50" : 1623.47,
    "dma100" : 1532.38,
    "dma200" : 1526.54,
    "volume" : 750998.00
  }, {
    "date" : "2025-08-29",
    "price" : 1561.80,
    "dma50" : 1621.06,
    "dma100" : 1536.11,
    "dma200" : 1526.89,
    "volume" : 879688.00
  }, {
    "date" : "2025-09-01",
    "price" : 1578.20,
    "dma50" : 1619.37,
    "dma100" : 1540.62,
    "dma200" : 1527.40,
    "volume" : 654372.00
  }, {
    "date" : "2025-09-02",
    "price" : 1565.60,
    "dma50" : 1617.27,
    "dma100" : 1545.68,
    "dma200" : 1527.78,
    "volume" : 670416.00
  }, {
    "date" : "2025-09-03",
    "price" : 1584.90,
    "dma50" : 1616.00,
    "dma100" : 1550.66,
    "dma200" : 1528.35,
    "volume" : 1168702.00
  }, {
    "date" : "2025-09-04",
    "price" : 1554.20,
    "dma50" : 1613.57,
    "dma100" : 1555.40,
    "dma200" : 1528.61,
    "volume" : 876042.00
  }, {
    "date" : "2025-09-05",
    "price" : 1510.50,
    "dma50" : 1609.53,
    "dma100" : 1559.28,
    "dma200" : 1528.43,
    "volume" : 1214733.00
  }, {
    "date" : "2025-09-08",
    "price" : 1538.60,
    "dma50" : 1606.75,
    "dma100" : 1562.68,
    "dma200" : 1528.53,
    "volume" : 528559.00
  }, {
    "date" : "2025-09-09",
    "price" : 1542.70,
    "dma50" : 1604.24,
    "dma100" : 1566.03,
    "dma200" : 1528.67,
    "volume" : 212523.00
  }, {
    "date" : "2025-09-10",
    "price" : 1561.90,
    "dma50" : 1602.58,
    "dma100" : 1569.50,
    "dma200" : 1529.00,
    "volume" : 779075.00
  }, {
    "date" : "2025-09-11",
    "price" : 1558.90,
    "dma50" : 1600.86,
    "dma100" : 1572.40,
    "dma200" : 1529.30,
    "volume" : 272556.00
  }, {
    "date" : "2025-09-12",
    "price" : 1549.70,
    "dma50" : 1598.86,
    "dma100" : 1574.86,
    "dma200" : 1529.50,
    "volume" : 327480.00
  }, {
    "date" : "2025-09-15",
    "price" : 1594.20,
    "dma50" : 1598.68,
    "dma100" : 1577.57,
    "dma200" : 1530.14,
    "volume" : 470606.00
  }, {
    "date" : "2025-09-16",
    "price" : 1625.20,
    "dma50" : 1599.72,
    "dma100" : 1580.88,
    "dma200" : 1531.09,
    "volume" : 604390.00
  }, {
    "date" : "2025-09-17",
    "price" : 1654.30,
    "dma50" : 1601.86,
    "dma100" : 1584.80,
    "dma200" : 1532.31,
    "volume" : 995755.00
  }, {
    "date" : "2025-09-18",
    "price" : 1629.00,
    "dma50" : 1602.92,
    "dma100" : 1587.94,
    "dma200" : 1533.28,
    "volume" : 798335.00
  }, {
    "date" : "2025-09-19",
    "price" : 1618.70,
    "dma50" : 1603.54,
    "dma100" : 1590.32,
    "dma200" : 1534.13,
    "volume" : 962617.00
  }, {
    "date" : "2025-09-22",
    "price" : 1617.40,
    "dma50" : 1604.08,
    "dma100" : 1592.75,
    "dma200" : 1534.95,
    "volume" : 736447.00
  }, {
    "date" : "2025-09-23",
    "price" : 1604.90,
    "dma50" : 1604.12,
    "dma100" : 1595.16,
    "dma200" : 1535.65,
    "volume" : 520979.00
  }, {
    "date" : "2025-09-24",
    "price" : 1572.70,
    "dma50" : 1602.88,
    "dma100" : 1597.04,
    "dma200" : 1536.02,
    "volume" : 860288.00
  }, {
    "date" : "2025-09-25",
    "price" : 1534.50,
    "dma50" : 1600.20,
    "dma100" : 1599.06,
    "dma200" : 1536.00,
    "volume" : 509578.00
  }, {
    "date" : "2025-09-26",
    "price" : 1507.40,
    "dma50" : 1596.56,
    "dma100" : 1600.77,
    "dma200" : 1535.72,
    "volume" : 401005.00
  }, {
    "date" : "2025-09-29",
    "price" : 1520.80,
    "dma50" : 1593.59,
    "dma100" : 1602.82,
    "dma200" : 1535.57,
    "volume" : 831638.00
  }, {
    "date" : "2025-09-30",
    "price" : 1510.10,
    "dma50" : 1590.32,
    "dma100" : 1605.10,
    "dma200" : 1535.32,
    "volume" : 641727.00
  }, {
    "date" : "2025-10-01",
    "price" : 1542.10,
    "dma50" : 1588.43,
    "dma100" : 1606.86,
    "dma200" : 1535.39,
    "volume" : 313510.00
  }, {
    "date" : "2025-10-03",
    "price" : 1530.10,
    "dma50" : 1586.14,
    "dma100" : 1608.69,
    "dma200" : 1535.33,
    "volume" : 620248.00
  }, {
    "date" : "2025-10-06",
    "price" : 1541.30,
    "dma50" : 1584.38,
    "dma100" : 1610.15,
    "dma200" : 1535.39,
    "volume" : 513667.00
  }, {
    "date" : "2025-10-07",
    "price" : 1530.60,
    "dma50" : 1582.27,
    "dma100" : 1611.27,
    "dma200" : 1535.34,
    "volume" : 367006.00
  }, {
    "date" : "2025-10-08",
    "price" : 1513.80,
    "dma50" : 1579.59,
    "dma100" : 1612.07,
    "dma200" : 1535.13,
    "volume" : 261480.00
  }, {
    "date" : "2025-10-09",
    "price" : 1582.90,
    "dma50" : 1579.72,
    "dma100" : 1613.51,
    "dma200" : 1535.61,
    "volume" : 3816470.00
  }, {
    "date" : "2025-10-10",
    "price" : 1621.60,
    "dma50" : 1581.36,
    "dma100" : 1615.53,
    "dma200" : 1536.46,
    "volume" : 1439892.00
  }, {
    "date" : "2025-10-13",
    "price" : 1614.60,
    "dma50" : 1582.66,
    "dma100" : 1617.35,
    "dma200" : 1537.24,
    "volume" : 771921.00
  }, {
    "date" : "2025-10-14",
    "price" : 1603.60,
    "dma50" : 1583.48,
    "dma100" : 1619.18,
    "dma200" : 1537.90,
    "volume" : 642201.00
  }, {
    "date" : "2025-10-15",
    "price" : 1676.00,
    "dma50" : 1587.11,
    "dma100" : 1621.58,
    "dma200" : 1539.27,
    "volume" : 2253150.00
  }, {
    "date" : "2025-10-16",
    "price" : 1696.90,
    "dma50" : 1591.42,
    "dma100" : 1624.16,
    "dma200" : 1540.84,
    "volume" : 1054248.00
  }, {
    "date" : "2025-10-17",
    "price" : 1706.20,
    "dma50" : 1595.92,
    "dma100" : 1626.78,
    "dma200" : 1542.49,
    "volume" : 881412.00
  }, {
    "date" : "2025-10-20",
    "price" : 1717.50,
    "dma50" : 1600.69,
    "dma100" : 1629.44,
    "dma200" : 1544.23,
    "volume" : 472375.00
  }, {
    "date" : "2025-10-21",
    "price" : 1713.40,
    "dma50" : 1605.11,
    "dma100" : 1631.56,
    "dma200" : 1545.91,
    "volume" : 35102.00
  }, {
    "date" : "2025-10-23",
    "price" : 1737.10,
    "dma50" : 1610.28,
    "dma100" : 1634.27,
    "dma200" : 1547.81,
    "volume" : 716984.00
  }, {
    "date" : "2025-10-24",
    "price" : 1754.10,
    "dma50" : 1615.92,
    "dma100" : 1636.41,
    "dma200" : 1549.87,
    "volume" : 688307.00
  }, {
    "date" : "2025-10-27",
    "price" : 1784.80,
    "dma50" : 1622.55,
    "dma100" : 1638.42,
    "dma200" : 1552.20,
    "volume" : 1276256.00
  }, {
    "date" : "2025-10-28",
    "price" : 1758.20,
    "dma50" : 1627.86,
    "dma100" : 1640.18,
    "dma200" : 1554.25,
    "volume" : 240337.00
  }, {
    "date" : "2025-10-29",
    "price" : 1753.10,
    "dma50" : 1632.78,
    "dma100" : 1641.45,
    "dma200" : 1556.23,
    "volume" : 179141.00
  }, {
    "date" : "2025-10-30",
    "price" : 1755.30,
    "dma50" : 1637.58,
    "dma100" : 1641.86,
    "dma200" : 1558.21,
    "volume" : 386049.00
  }, {
    "date" : "2025-10-31",
    "price" : 1744.70,
    "dma50" : 1641.78,
    "dma100" : 1642.22,
    "dma200" : 1560.07,
    "volume" : 517219.00
  }, {
    "date" : "2025-11-03",
    "price" : 1780.70,
    "dma50" : 1647.23,
    "dma100" : 1643.39,
    "dma200" : 1562.26,
    "volume" : 918540.00
  }, {
    "date" : "2025-11-04",
    "price" : 1746.50,
    "dma50" : 1651.12,
    "dma100" : 1644.19,
    "dma200" : 1564.10,
    "volume" : 238408.00
  }, {
    "date" : "2025-11-06",
    "price" : 1725.20,
    "dma50" : 1654.03,
    "dma100" : 1645.04,
    "dma200" : 1565.70,
    "volume" : 528932.00
  }, {
    "date" : "2025-11-07",
    "price" : 1738.60,
    "dma50" : 1657.34,
    "dma100" : 1645.87,
    "dma200" : 1567.42,
    "volume" : 285519.00
  }, {
    "date" : "2025-11-10",
    "price" : 1750.70,
    "dma50" : 1661.01,
    "dma100" : 1646.38,
    "dma200" : 1569.24,
    "volume" : 760215.00
  }, {
    "date" : "2025-11-11",
    "price" : 1758.60,
    "dma50" : 1664.83,
    "dma100" : 1647.02,
    "dma200" : 1571.13,
    "volume" : 253868.00
  }, {
    "date" : "2025-11-12",
    "price" : 1701.20,
    "dma50" : 1666.26,
    "dma100" : 1647.11,
    "dma200" : 1572.42,
    "volume" : 706519.00
  }, {
    "date" : "2025-11-13",
    "price" : 1755.20,
    "dma50" : 1669.75,
    "dma100" : 1647.88,
    "dma200" : 1574.24,
    "volume" : 1805969.00
  }, {
    "date" : "2025-11-14",
    "price" : 1744.90,
    "dma50" : 1672.69,
    "dma100" : 1648.16,
    "dma200" : 1575.94,
    "volume" : 712923.00
  }, {
    "date" : "2025-11-17",
    "price" : 1753.20,
    "dma50" : 1675.85,
    "dma100" : 1648.50,
    "dma200" : 1577.70,
    "volume" : 420659.00
  }, {
    "date" : "2025-11-18",
    "price" : 1722.30,
    "dma50" : 1677.67,
    "dma100" : 1648.44,
    "dma200" : 1579.14,
    "volume" : 487542.00
  }, {
    "date" : "2025-11-19",
    "price" : 1717.30,
    "dma50" : 1679.23,
    "dma100" : 1648.13,
    "dma200" : 1580.52,
    "volume" : 851135.00
  }, {
    "date" : "2025-11-20",
    "price" : 1717.20,
    "dma50" : 1680.72,
    "dma100" : 1648.31,
    "dma200" : 1581.88,
    "volume" : 490912.00
  }, {
    "date" : "2025-11-21",
    "price" : 1688.50,
    "dma50" : 1681.02,
    "dma100" : 1648.54,
    "dma200" : 1582.94,
    "volume" : 456287.00
  }, {
    "date" : "2025-11-24",
    "price" : 1631.30,
    "dma50" : 1679.07,
    "dma100" : 1648.28,
    "dma200" : 1583.42,
    "volume" : 1151790.00
  }, {
    "date" : "2025-11-25",
    "price" : 1655.90,
    "dma50" : 1678.16,
    "dma100" : 1648.47,
    "dma200" : 1584.14,
    "volume" : 955825.00
  }, {
    "date" : "2025-11-26",
    "price" : 1667.80,
    "dma50" : 1677.76,
    "dma100" : 1649.13,
    "dma200" : 1584.97,
    "volume" : 683640.00
  }, {
    "date" : "2025-11-27",
    "price" : 1669.50,
    "dma50" : 1677.43,
    "dma100" : 1649.82,
    "dma200" : 1585.81,
    "volume" : 207749.00
  }, {
    "date" : "2025-11-28",
    "price" : 1677.30,
    "dma50" : 1677.43,
    "dma100" : 1650.46,
    "dma200" : 1586.72,
    "volume" : 256624.00
  }, {
    "date" : "2025-12-01",
    "price" : 1659.20,
    "dma50" : 1676.71,
    "dma100" : 1650.75,
    "dma200" : 1587.45,
    "volume" : 277266.00
  }, {
    "date" : "2025-12-02",
    "price" : 1652.50,
    "dma50" : 1675.76,
    "dma100" : 1650.68,
    "dma200" : 1588.09,
    "volume" : 267124.00
  }, {
    "date" : "2025-12-03",
    "price" : 1642.20,
    "dma50" : 1674.45,
    "dma100" : 1650.60,
    "dma200" : 1588.63,
    "volume" : 143460.00
  }, {
    "date" : "2025-12-04",
    "price" : 1659.20,
    "dma50" : 1673.85,
    "dma100" : 1650.23,
    "dma200" : 1589.33,
    "volume" : 189767.00
  } ],
  "latestTechnicalAttributes" : {
    "date" : "2025-12-04",
    "price" : 1659.20,
    "dma50" : 1673.85,
    "dma100" : 1650.23,
    "dma200" : 1589.33,
    "volume" : 189767.00
  },
  "quarterlyResults" : [ {
    "date" : "2010-06-30",
    "sales" : 259.57,
    "salesGrowthYoY" : null,
    "grossProfitMargin" : 108.08,
    "grossProfit" : 280.54,
    "operatingProfitMargin" : 19.22,
    "operatingProfit" : 49.89,
    "netProfitMargin" : 9.60,
    "netProfit" : 24.92
  }, {
    "date" : "2010-09-30",
    "sales" : 296.39,
    "salesGrowthYoY" : null,
    "grossProfitMargin" : 39.02,
    "grossProfit" : 115.65,
    "operatingProfitMargin" : 31.66,
    "operatingProfit" : 93.84,
    "netProfitMargin" : 18.26,
    "netProfit" : 54.12
  }, {
    "date" : "2010-12-31",
    "sales" : 363.58,
    "salesGrowthYoY" : null,
    "grossProfitMargin" : 32.81,
    "grossProfit" : 119.29,
    "operatingProfitMargin" : 25.72,
    "operatingProfit" : 93.51,
    "netProfitMargin" : 14.95,
    "netProfit" : 54.36
  }, {
    "date" : "2011-03-31",
    "sales" : 465.46,
    "salesGrowthYoY" : null,
    "grossProfitMargin" : 22.61,
    "grossProfit" : 105.24,
    "operatingProfitMargin" : 18.60,
    "operatingProfit" : 86.58,
    "netProfitMargin" : 15.07,
    "netProfit" : 70.14
  }, {
    "date" : "2011-06-30",
    "sales" : 248.41,
    "salesGrowthYoY" : -4.30,
    "grossProfitMargin" : 37.25,
    "grossProfit" : 92.53,
    "operatingProfitMargin" : 27.74,
    "operatingProfit" : 68.91,
    "netProfitMargin" : 14.67,
    "netProfit" : 36.44
  }, {
    "date" : "2011-09-30",
    "sales" : 128.09,
    "salesGrowthYoY" : -56.78,
    "grossProfitMargin" : 56.26,
    "grossProfit" : 72.06,
    "operatingProfitMargin" : 38.45,
    "operatingProfit" : 49.25,
    "netProfitMargin" : 20.52,
    "netProfit" : 26.28
  }, {
    "date" : "2011-12-31",
    "sales" : 166.86,
    "salesGrowthYoY" : -54.11,
    "grossProfitMargin" : 45.15,
    "grossProfit" : 75.34,
    "operatingProfitMargin" : 30.04,
    "operatingProfit" : 50.12,
    "netProfitMargin" : 16.82,
    "netProfit" : 28.07
  }, {
    "date" : "2012-03-31",
    "sales" : 202.12,
    "salesGrowthYoY" : -56.58,
    "grossProfitMargin" : 49.52,
    "grossProfit" : 100.09,
    "operatingProfitMargin" : 33.95,
    "operatingProfit" : 68.62,
    "netProfitMargin" : 18.94,
    "netProfit" : 38.28
  }, {
    "date" : "2012-06-30",
    "sales" : 219.18,
    "salesGrowthYoY" : -11.77,
    "grossProfitMargin" : 44.44,
    "grossProfit" : 97.40,
    "operatingProfitMargin" : 32.10,
    "operatingProfit" : 70.36,
    "netProfitMargin" : 22.48,
    "netProfit" : 49.27
  }, {
    "date" : "2012-09-30",
    "sales" : 241.41,
    "salesGrowthYoY" : 88.47,
    "grossProfitMargin" : 150.35,
    "grossProfit" : 362.96,
    "operatingProfitMargin" : 30.03,
    "operatingProfit" : 72.50,
    "netProfitMargin" : 18.93,
    "netProfit" : 45.70
  }, {
    "date" : "2012-12-31",
    "sales" : 492.07,
    "salesGrowthYoY" : 194.90,
    "grossProfitMargin" : 93.43,
    "grossProfit" : 459.74,
    "operatingProfitMargin" : 28.94,
    "operatingProfit" : 142.41,
    "netProfitMargin" : 18.71,
    "netProfit" : 92.07
  }, {
    "date" : "2013-03-31",
    "sales" : 559.72,
    "salesGrowthYoY" : 176.92,
    "grossProfitMargin" : 105.43,
    "grossProfit" : 590.11,
    "operatingProfitMargin" : 23.59,
    "operatingProfit" : 132.04,
    "netProfitMargin" : 15.91,
    "netProfit" : 89.05
  }, {
    "date" : "2013-06-30",
    "sales" : 498.28,
    "salesGrowthYoY" : 127.34,
    "grossProfitMargin" : 96.07,
    "grossProfit" : 478.70,
    "operatingProfitMargin" : 25.87,
    "operatingProfit" : 128.91,
    "netProfitMargin" : 17.39,
    "netProfit" : 86.65
  }, {
    "date" : "2013-09-30",
    "sales" : 475.30,
    "salesGrowthYoY" : 96.88,
    "grossProfitMargin" : 105.82,
    "grossProfit" : 502.96,
    "operatingProfitMargin" : 24.97,
    "operatingProfit" : 118.68,
    "netProfitMargin" : 16.33,
    "netProfit" : 77.62
  }, {
    "date" : "2013-12-31",
    "sales" : 430.46,
    "salesGrowthYoY" : -12.52,
    "grossProfitMargin" : 147.39,
    "grossProfit" : 634.45,
    "operatingProfitMargin" : 30.63,
    "operatingProfit" : 131.85,
    "netProfitMargin" : 18.71,
    "netProfit" : 80.54
  }, {
    "date" : "2014-03-31",
    "sales" : 601.16,
    "salesGrowthYoY" : 7.40,
    "grossProfitMargin" : 30.19,
    "grossProfit" : 181.49,
    "operatingProfitMargin" : 20.48,
    "operatingProfit" : 123.12,
    "netProfitMargin" : 15.83,
    "netProfit" : 95.16
  }, {
    "date" : "2014-06-30",
    "sales" : 563.09,
    "salesGrowthYoY" : 13.01,
    "grossProfitMargin" : 37.30,
    "grossProfit" : 210.03,
    "operatingProfitMargin" : 24.33,
    "operatingProfit" : 137.00,
    "netProfitMargin" : 18.48,
    "netProfit" : 104.06
  }, {
    "date" : "2014-09-30",
    "sales" : 547.46,
    "salesGrowthYoY" : 15.18,
    "grossProfitMargin" : 38.64,
    "grossProfit" : 211.54,
    "operatingProfitMargin" : 29.10,
    "operatingProfit" : 159.31,
    "netProfitMargin" : 17.70,
    "netProfit" : 96.90
  }, {
    "date" : "2014-12-31",
    "sales" : 617.52,
    "salesGrowthYoY" : 43.46,
    "grossProfitMargin" : 42.61,
    "grossProfit" : 263.13,
    "operatingProfitMargin" : 31.80,
    "operatingProfit" : 196.37,
    "netProfitMargin" : 16.12,
    "netProfit" : 99.54
  }, {
    "date" : "2015-03-31",
    "sales" : 710.59,
    "salesGrowthYoY" : 18.20,
    "grossProfitMargin" : 34.92,
    "grossProfit" : 248.14,
    "operatingProfitMargin" : 25.24,
    "operatingProfit" : 179.35,
    "netProfitMargin" : 16.01,
    "netProfit" : 113.77
  }, {
    "date" : "2015-06-30",
    "sales" : 932.73,
    "salesGrowthYoY" : 65.64,
    "grossProfitMargin" : 24.11,
    "grossProfit" : 224.88,
    "operatingProfitMargin" : 17.23,
    "operatingProfit" : 160.71,
    "netProfitMargin" : 12.14,
    "netProfit" : 113.23
  }, {
    "date" : "2015-09-30",
    "sales" : 736.13,
    "salesGrowthYoY" : 34.46,
    "grossProfitMargin" : 115.40,
    "grossProfit" : 849.49,
    "operatingProfitMargin" : 23.66,
    "operatingProfit" : 174.17,
    "netProfitMargin" : 17.43,
    "netProfit" : 128.31
  }, {
    "date" : "2015-12-31",
    "sales" : 686.88,
    "salesGrowthYoY" : 11.23,
    "grossProfitMargin" : 32.91,
    "grossProfit" : 226.05,
    "operatingProfitMargin" : 23.00,
    "operatingProfit" : 157.98,
    "netProfitMargin" : 16.18,
    "netProfit" : 111.14
  }, {
    "date" : "2016-03-31",
    "sales" : 905.56,
    "salesGrowthYoY" : 27.44,
    "grossProfitMargin" : 19.47,
    "grossProfit" : 176.31,
    "operatingProfitMargin" : 9.34,
    "operatingProfit" : 84.58,
    "netProfitMargin" : 5.30,
    "netProfit" : 47.99
  }, {
    "date" : "2016-06-30",
    "sales" : 579.66,
    "salesGrowthYoY" : -37.85,
    "grossProfitMargin" : 139.01,
    "grossProfit" : 805.79,
    "operatingProfitMargin" : 26.43,
    "operatingProfit" : 153.20,
    "netProfitMargin" : 23.59,
    "netProfit" : 136.74
  }, {
    "date" : "2016-09-30",
    "sales" : 482.40,
    "salesGrowthYoY" : -34.47,
    "grossProfitMargin" : 34.10,
    "grossProfit" : 164.50,
    "operatingProfitMargin" : 21.52,
    "operatingProfit" : 103.81,
    "netProfitMargin" : 13.85,
    "netProfit" : 66.81
  }, {
    "date" : "2016-12-31",
    "sales" : 555.00,
    "salesGrowthYoY" : -19.20,
    "grossProfitMargin" : 30.79,
    "grossProfit" : 170.88,
    "operatingProfitMargin" : 17.82,
    "operatingProfit" : 98.90,
    "netProfitMargin" : 13.48,
    "netProfit" : 74.81
  }, {
    "date" : "2017-03-31",
    "sales" : 559.00,
    "salesGrowthYoY" : -38.27,
    "grossProfitMargin" : 29.95,
    "grossProfit" : 167.42,
    "operatingProfitMargin" : 15.85,
    "operatingProfit" : 88.60,
    "netProfitMargin" : 14.84,
    "netProfit" : 82.96
  }, {
    "date" : "2017-06-30",
    "sales" : 626.90,
    "salesGrowthYoY" : 8.15,
    "grossProfitMargin" : 55.26,
    "grossProfit" : 346.42,
    "operatingProfitMargin" : 22.65,
    "operatingProfit" : 141.99,
    "netProfitMargin" : 10.05,
    "netProfit" : 63.00
  }, {
    "date" : "2017-09-30",
    "sales" : 599.60,
    "salesGrowthYoY" : 24.30,
    "grossProfitMargin" : 48.92,
    "grossProfit" : 293.32,
    "operatingProfitMargin" : 24.52,
    "operatingProfit" : 147.02,
    "netProfitMargin" : 8.49,
    "netProfit" : 50.91
  }, {
    "date" : "2017-12-31",
    "sales" : 769.00,
    "salesGrowthYoY" : 38.56,
    "grossProfitMargin" : 42.55,
    "grossProfit" : 327.21,
    "operatingProfitMargin" : 19.27,
    "operatingProfit" : 148.19,
    "netProfitMargin" : 7.92,
    "netProfit" : 60.90
  }, {
    "date" : "2018-03-31",
    "sales" : 997.00,
    "salesGrowthYoY" : 78.35,
    "grossProfitMargin" : 33.20,
    "grossProfit" : 331.00,
    "operatingProfitMargin" : 13.85,
    "operatingProfit" : 138.08,
    "netProfitMargin" : 5.74,
    "netProfit" : 57.23
  }, {
    "date" : "2018-06-30",
    "sales" : 312.20,
    "salesGrowthYoY" : -50.20,
    "grossProfitMargin" : 90.94,
    "grossProfit" : 283.91,
    "operatingProfitMargin" : 32.03,
    "operatingProfit" : 100.00,
    "netProfitMargin" : 11.53,
    "netProfit" : 36.00
  }, {
    "date" : "2018-09-30",
    "sales" : 768.40,
    "salesGrowthYoY" : 28.15,
    "grossProfitMargin" : 44.85,
    "grossProfit" : 344.63,
    "operatingProfitMargin" : 19.22,
    "operatingProfit" : 147.69,
    "netProfitMargin" : 8.28,
    "netProfit" : 63.62
  }, {
    "date" : "2018-12-31",
    "sales" : 508.10,
    "salesGrowthYoY" : -33.93,
    "grossProfitMargin" : 67.74,
    "grossProfit" : 344.19,
    "operatingProfitMargin" : 29.27,
    "operatingProfit" : 148.72,
    "netProfitMargin" : 10.23,
    "netProfit" : 51.98
  }, {
    "date" : "2019-03-31",
    "sales" : 852.40,
    "salesGrowthYoY" : -14.50,
    "grossProfitMargin" : 66.26,
    "grossProfit" : 564.80,
    "operatingProfitMargin" : 28.82,
    "operatingProfit" : 245.66,
    "netProfitMargin" : 16.14,
    "netProfit" : 137.58
  }, {
    "date" : "2019-06-30",
    "sales" : 772.30,
    "salesGrowthYoY" : 147.37,
    "grossProfitMargin" : 51.86,
    "grossProfit" : 400.51,
    "operatingProfitMargin" : 35.45,
    "operatingProfit" : 273.78,
    "netProfitMargin" : 10.37,
    "netProfit" : 80.09
  }, {
    "date" : "2019-09-30",
    "sales" : 637.50,
    "salesGrowthYoY" : -17.04,
    "grossProfitMargin" : 64.35,
    "grossProfit" : 410.23,
    "operatingProfitMargin" : 39.03,
    "operatingProfit" : 248.82,
    "netProfitMargin" : 23.86,
    "netProfit" : 152.11
  }, {
    "date" : "2019-12-31",
    "sales" : 1019.70,
    "salesGrowthYoY" : 100.69,
    "grossProfitMargin" : 41.94,
    "grossProfit" : 427.66,
    "operatingProfitMargin" : 27.05,
    "operatingProfit" : 275.83,
    "netProfitMargin" : 7.10,
    "netProfit" : 72.40
  }, {
    "date" : "2020-03-31",
    "sales" : 926.30,
    "salesGrowthYoY" : 8.67,
    "grossProfitMargin" : 53.17,
    "grossProfit" : 492.51,
    "operatingProfitMargin" : 21.69,
    "operatingProfit" : 200.91,
    "netProfitMargin" : -4.56,
    "netProfit" : -42.24
  }, {
    "date" : "2020-06-30",
    "sales" : 685.10,
    "salesGrowthYoY" : -11.29,
    "grossProfitMargin" : 47.74,
    "grossProfit" : 327.07,
    "operatingProfitMargin" : 33.92,
    "operatingProfit" : 232.39,
    "netProfitMargin" : 6.80,
    "netProfit" : 46.59
  }, {
    "date" : "2020-09-30",
    "sales" : 949.20,
    "salesGrowthYoY" : 48.89,
    "grossProfitMargin" : 40.94,
    "grossProfit" : 388.60,
    "operatingProfitMargin" : 27.25,
    "operatingProfit" : 258.66,
    "netProfitMargin" : 7.91,
    "netProfit" : 75.08
  }, {
    "date" : "2020-12-31",
    "sales" : 1052.50,
    "salesGrowthYoY" : 3.22,
    "grossProfitMargin" : 28.95,
    "grossProfit" : 304.70,
    "operatingProfitMargin" : 18.73,
    "operatingProfit" : 197.13,
    "netProfitMargin" : 5.19,
    "netProfit" : 54.62
  }, {
    "date" : "2021-03-31",
    "sales" : 1367.40,
    "salesGrowthYoY" : 47.62,
    "grossProfitMargin" : 31.36,
    "grossProfit" : 428.82,
    "operatingProfitMargin" : 18.46,
    "operatingProfit" : 252.42,
    "netProfitMargin" : 6.37,
    "netProfit" : 87.10
  }, {
    "date" : "2021-06-30",
    "sales" : 841.90,
    "salesGrowthYoY" : 22.89,
    "grossProfitMargin" : 32.85,
    "grossProfit" : 276.56,
    "operatingProfitMargin" : 15.52,
    "operatingProfit" : 130.66,
    "netProfitMargin" : 4.67,
    "netProfit" : 39.32
  }, {
    "date" : "2021-09-30",
    "sales" : 867.30,
    "salesGrowthYoY" : -8.63,
    "grossProfitMargin" : 35.96,
    "grossProfit" : 311.88,
    "operatingProfitMargin" : 15.80,
    "operatingProfit" : 137.03,
    "netProfitMargin" : 9.80,
    "netProfit" : 85.00
  }, {
    "date" : "2021-12-31",
    "sales" : 996.80,
    "salesGrowthYoY" : -5.29,
    "grossProfitMargin" : 43.23,
    "grossProfit" : 430.92,
    "operatingProfitMargin" : 21.81,
    "operatingProfit" : 217.40,
    "netProfitMargin" : 12.17,
    "netProfit" : 121.31
  }, {
    "date" : "2022-03-31",
    "sales" : 1853.20,
    "salesGrowthYoY" : 35.53,
    "grossProfitMargin" : 30.51,
    "grossProfit" : 565.41,
    "operatingProfitMargin" : 18.51,
    "operatingProfit" : 343.03,
    "netProfitMargin" : 11.91,
    "netProfit" : 220.72
  }, {
    "date" : "2022-06-30",
    "sales" : 948.80,
    "salesGrowthYoY" : 12.70,
    "grossProfitMargin" : 39.93,
    "grossProfit" : 378.86,
    "operatingProfitMargin" : 23.58,
    "operatingProfit" : 223.73,
    "netProfitMargin" : 9.99,
    "netProfit" : 94.79
  }, {
    "date" : "2022-09-30",
    "sales" : 817.00,
    "salesGrowthYoY" : -5.80,
    "grossProfitMargin" : 52.12,
    "grossProfit" : 425.82,
    "operatingProfitMargin" : 23.89,
    "operatingProfit" : 195.18,
    "netProfitMargin" : 5.54,
    "netProfit" : 45.26
  }, {
    "date" : "2022-12-31",
    "sales" : 1299.80,
    "salesGrowthYoY" : 30.40,
    "grossProfitMargin" : 39.41,
    "grossProfit" : 512.25,
    "operatingProfitMargin" : 24.50,
    "operatingProfit" : 318.45,
    "netProfitMargin" : 10.63,
    "netProfit" : 138.17
  }, {
    "date" : "2023-03-31",
    "sales" : 1264.10,
    "salesGrowthYoY" : -31.79,
    "grossProfitMargin" : 35.13,
    "grossProfit" : 444.08,
    "operatingProfitMargin" : 16.87,
    "operatingProfit" : 213.25,
    "netProfitMargin" : 3.58,
    "netProfit" : 45.25
  }, {
    "date" : "2023-06-30",
    "sales" : 535.00,
    "salesGrowthYoY" : -43.61,
    "grossProfitMargin" : 66.77,
    "grossProfit" : 357.22,
    "operatingProfitMargin" : 34.82,
    "operatingProfit" : 186.29,
    "netProfitMargin" : 7.29,
    "netProfit" : 39.00
  }, {
    "date" : "2023-09-30",
    "sales" : 959.70,
    "salesGrowthYoY" : 17.47,
    "grossProfitMargin" : 48.52,
    "grossProfit" : 465.65,
    "operatingProfitMargin" : 25.22,
    "operatingProfit" : 242.04,
    "netProfitMargin" : 13.44,
    "netProfit" : 128.98
  }, {
    "date" : "2023-12-31",
    "sales" : 578.70,
    "salesGrowthYoY" : -55.48,
    "grossProfitMargin" : 63.64,
    "grossProfit" : 368.28,
    "operatingProfitMargin" : 31.12,
    "operatingProfit" : 180.09,
    "netProfitMargin" : 1.92,
    "netProfit" : 11.11
  }, {
    "date" : "2024-03-31",
    "sales" : 577.80,
    "salesGrowthYoY" : -54.29,
    "grossProfitMargin" : 85.79,
    "grossProfit" : 495.69,
    "operatingProfitMargin" : 36.60,
    "operatingProfit" : 211.47,
    "netProfitMargin" : 11.54,
    "netProfit" : 66.68
  }, {
    "date" : "2024-06-30",
    "sales" : 397.10,
    "salesGrowthYoY" : -25.78,
    "grossProfitMargin" : 108.16,
    "grossProfit" : 429.50,
    "operatingProfitMargin" : 45.00,
    "operatingProfit" : 178.69,
    "netProfitMargin" : 4.84,
    "netProfit" : 19.22
  }, {
    "date" : "2024-09-30",
    "sales" : 1178.30,
    "salesGrowthYoY" : 22.78,
    "grossProfitMargin" : 42.06,
    "grossProfit" : 495.59,
    "operatingProfitMargin" : 15.45,
    "operatingProfit" : 182.05,
    "netProfitMargin" : 1.56,
    "netProfit" : 18.38
  }, {
    "date" : "2024-12-31",
    "sales" : 710.00,
    "salesGrowthYoY" : 22.69,
    "grossProfitMargin" : 63.10,
    "grossProfit" : 448.01,
    "operatingProfitMargin" : 24.10,
    "operatingProfit" : 171.11,
    "netProfitMargin" : 7.33,
    "netProfit" : 52.04
  }, {
    "date" : "2025-03-31",
    "sales" : 587.60,
    "salesGrowthYoY" : 1.70,
    "grossProfitMargin" : 58.32,
    "grossProfit" : 342.69,
    "operatingProfitMargin" : 20.49,
    "operatingProfit" : 120.40,
    "netProfitMargin" : 2.93,
    "netProfit" : 17.22
  }, {
    "date" : "2025-06-30",
    "sales" : 456.00,
    "salesGrowthYoY" : 14.83,
    "grossProfitMargin" : 78.95,
    "grossProfit" : 360.01,
    "operatingProfitMargin" : 40.64,
    "operatingProfit" : 185.32,
    "netProfitMargin" : 2.87,
    "netProfit" : 13.09
  }, {
    "date" : "2025-09-30",
    "sales" : 798.20,
    "salesGrowthYoY" : -32.26,
    "grossProfitMargin" : 53.56,
    "grossProfit" : 427.52,
    "operatingProfitMargin" : 28.00,
    "operatingProfit" : 223.50,
    "netProfitMargin" : 2.52,
    "netProfit" : 20.11
  } ],
  "latestQuarterlyResult" : {
    "date" : "2025-09-30",
    "sales" : 798.20,
    "salesGrowthYoY" : -32.26,
    "grossProfitMargin" : 53.56,
    "grossProfit" : 427.52,
    "operatingProfitMargin" : 28.00,
    "operatingProfit" : 223.50,
    "netProfitMargin" : 2.52,
    "netProfit" : 20.11
  },
  "companyScore" : {
    "priceHigherThanDma50" : 0.00,
    "priceHigherThanDma100" : 5.00,
    "priceHigherThanDma200" : 5.00,
    "dma50HigherThanDma100" : 5.00,
    "dma50HigherThanDma200" : 5.00,
    "dma100HigherThanDma200" : 5.00,
    "pricePercentageAboveDma50" : 5.04,
    "pricePercentageAboveDma100" : 4.97,
    "pricePercentageAboveDma200" : 4.78,
    "weeklyVolumeHigherThanYearlyVolume" : 0.00,
    "salesGrowthPercentile" : 4.14,
    "operatingProfitMarginPercentile" : 13.23,
    "netProfitMarginPercentile" : 2.49,
    "totalTechnicalScore" : 39.80,
    "totalFundamentalScore" : 19.85,
    "totalScore" : 59.65
  }
}