{
  "metadata" : {
    "screenerCompanyId" : "2695",
    "companyCode" : "RACLGEAR",
    "companyName" : "RACL Geartech",
    "screenerCompanyLink" : "https://www.screener.in/company/RACLGEAR/",
    "screenerTechnicalHistoryLink" : "https://www.screener.in/api/company/2695/chart/?q=Price-DMA50-DMA200-Volume&days=365",
    "screenerQuarterlyResultsLink" : "https://www.screener.in/api/company/2695/chart/?q=GPM-OPM-NPM-Quarter+Sales&days=10000",
    "attributes" : {
      "companyCode" : "RACLGEAR",
      "companyName" : "RACL Geartech",
      "marketCap" : 1234.00,
      "peRatio" : 35.60,
      "description" : "Incorporated in 1983, RACL Geartech Ltd manufactures and exports automotive gears and components[1]"
    },
    "companyScore" : {
      "priceHigherThanDma50" : 0.00,
      "priceHigherThanDma100" : 5.00,
      "priceHigherThanDma200" : 5.00,
      "dma50HigherThanDma100" : 5.00,
      "dma50HigherThanDma200" : 5.00,
      "dma100HigherThanDma200" : 5.00,
      "pricePercentageAboveDma50" : 5.03,
      "pricePercentageAboveDma100" : 4.88,
      "pricePercentageAboveDma200" : 4.63,
      "weeklyVolumeHigherThanYearlyVolume" : 0.00,
      "salesGrowthPercentile" : 9.37,
      "operatingProfitMarginPercentile" : 16.14,
      "netProfitMarginPercentile" : 9.04,
      "totalTechnicalScore" : 39.55,
      "totalFundamentalScore" : 34.55,
      "totalScore" : 74.09
    }
  },
  "attributes" : {
    "companyCode" : "RACLGEAR",
    "companyName" : "RACL Geartech",
    "marketCap" : 1234.00,
    "peRatio" : 35.60,
    "description" : "Incorporated in 1983, RACL Geartech Ltd manufactures and exports automotive gears and components[1]"
  },
  "technicalHistory" : [ {
    "date" : "2024-12-23",
    "price" : 850.35,
    "dma50" : 860.89,
    "dma100" : null,
    "dma200" : 852.42,
    "volume" : 11488.00
  }, {
    "date" : "2024-12-24",
    "price" : 848.55,
    "dma50" : 860.40,
    "dma100" : null,
    "dma200" : 852.39,
    "volume" : 5878.00
  }, {
    "date" : "2024-12-26",
    "price" : 850.50,
    "dma50" : 860.02,
    "dma100" : null,
    "dma200" : 852.37,
    "volume" : 6800.00
  }, {
    "date" : "2024-12-27",
    "price" : 865.65,
    "dma50" : 860.24,
    "dma100" : null,
    "dma200" : 852.50,
    "volume" : 26870.00
  }, {
    "date" : "2024-12-30",
    "price" : 863.50,
    "dma50" : 860.37,
    "dma100" : null,
    "dma200" : 852.61,
    "volume" : 6386.00
  }, {
    "date" : "2024-12-31",
    "price" : 875.15,
    "dma50" : 860.94,
    "dma100" : null,
    "dma200" : 852.83,
    "volume" : 2939.00
  }, {
    "date" : "2025-01-01",
    "price" : 858.50,
    "dma50" : 860.85,
    "dma100" : null,
    "dma200" : 852.89,
    "volume" : 2097.00
  }, {
    "date" : "2025-01-02",
    "price" : 865.70,
    "dma50" : 861.04,
    "dma100" : null,
    "dma200" : 853.02,
    "volume" : 6247.00
  }, {
    "date" : "2025-01-03",
    "price" : 851.25,
    "dma50" : 860.66,
    "dma100" : null,
    "dma200" : 853.00,
    "volume" : 4932.00
  }, {
    "date" : "2025-01-06",
    "price" : 848.35,
    "dma50" : 860.17,
    "dma100" : null,
    "dma200" : 852.95,
    "volume" : 6592.00
  }, {
    "date" : "2025-01-07",
    "price" : 850.60,
    "dma50" : 859.80,
    "dma100" : null,
    "dma200" : 852.93,
    "volume" : 16346.00
  }, {
    "date" : "2025-01-08",
    "price" : 850.10,
    "dma50" : 859.42,
    "dma100" : null,
    "dma200" : 852.90,
    "volume" : 24325.00
  }, {
    "date" : "2025-01-09",
    "price" : 853.10,
    "dma50" : 859.17,
    "dma100" : null,
    "dma200" : 852.90,
    "volume" : 4233.00
  }, {
    "date" : "2025-01-10",
    "price" : 850.75,
    "dma50" : 858.84,
    "dma100" : null,
    "dma200" : 852.88,
    "volume" : 7592.00
  }, {
    "date" : "2025-01-13",
    "price" : 795.45,
    "dma50" : 856.35,
    "dma100" : null,
    "dma200" : 852.31,
    "volume" : 15177.00
  }, {
    "date" : "2025-01-14",
    "price" : 820.50,
    "dma50" : 854.95,
    "dma100" : null,
    "dma200" : 851.99,
    "volume" : 3437.00
  }, {
    "date" : "2025-01-15",
    "price" : 810.00,
    "dma50" : 853.18,
    "dma100" : null,
    "dma200" : 851.58,
    "volume" : 1539.00
  }, {
    "date" : "2025-01-16",
    "price" : 813.60,
    "dma50" : 851.63,
    "dma100" : null,
    "dma200" : 851.20,
    "volume" : 1453.00
  }, {
    "date" : "2025-01-17",
    "price" : 827.65,
    "dma50" : 850.69,
    "dma100" : null,
    "dma200" : 850.96,
    "volume" : 1729.00
  }, {
    "date" : "2025-01-20",
    "price" : 840.80,
    "dma50" : 850.30,
    "dma100" : null,
    "dma200" : 850.86,
    "volume" : 3443.00
  }, {
    "date" : "2025-01-21",
    "price" : 820.75,
    "dma50" : 849.14,
    "dma100" : null,
    "dma200" : 850.56,
    "volume" : 5534.00
  }, {
    "date" : "2025-01-22",
    "price" : 802.95,
    "dma50" : 847.33,
    "dma100" : null,
    "dma200" : 850.09,
    "volume" : 8285.00
  }, {
    "date" : "2025-01-23",
    "price" : 812.40,
    "dma50" : 845.96,
    "dma100" : null,
    "dma200" : 849.71,
    "volume" : 2340.00
  }, {
    "date" : "2025-01-24",
    "price" : 796.45,
    "dma50" : 844.02,
    "dma100" : null,
    "dma200" : 849.18,
    "volume" : 5334.00
  }, {
    "date" : "2025-01-27",
    "price" : 762.25,
    "dma50" : 840.82,
    "dma100" : null,
    "dma200" : 848.32,
    "volume" : 12218.00
  }, {
    "date" : "2025-01-28",
    "price" : 750.50,
    "dma50" : 837.27,
    "dma100" : null,
    "dma200" : 847.35,
    "volume" : 8626.00
  }, {
    "date" : "2025-01-29",
    "price" : 736.15,
    "dma50" : 833.31,
    "dma100" : null,
    "dma200" : 846.24,
    "volume" : 8955.00
  }, {
    "date" : "2025-01-30",
    "price" : 772.50,
    "dma50" : 830.92,
    "dma100" : null,
    "dma200" : 845.51,
    "volume" : 15924.00
  }, {
    "date" : "2025-01-31",
    "price" : 853.00,
    "dma50" : 831.79,
    "dma100" : null,
    "dma200" : 845.58,
    "volume" : 17186.00
  }, {
    "date" : "2025-02-01",
    "price" : 802.35,
    "dma50" : 830.63,
    "dma100" : null,
    "dma200" : 845.15,
    "volume" : 11399.00
  }, {
    "date" : "2025-02-03",
    "price" : 799.85,
    "dma50" : 829.43,
    "dma100" : null,
    "dma200" : 844.70,
    "volume" : 26479.00
  }, {
    "date" : "2025-02-04",
    "price" : 815.30,
    "dma50" : 828.87,
    "dma100" : null,
    "dma200" : 844.41,
    "volume" : 14795.00
  }, {
    "date" : "2025-02-05",
    "price" : 813.15,
    "dma50" : 828.26,
    "dma100" : null,
    "dma200" : 844.10,
    "volume" : 5522.00
  }, {
    "date" : "2025-02-06",
    "price" : 815.60,
    "dma50" : 827.76,
    "dma100" : null,
    "dma200" : 843.81,
    "volume" : 7684.00
  }, {
    "date" : "2025-02-07",
    "price" : 814.10,
    "dma50" : 827.22,
    "dma100" : null,
    "dma200" : 843.52,
    "volume" : 14962.00
  }, {
    "date" : "2025-02-10",
    "price" : 787.50,
    "dma50" : 825.67,
    "dma100" : null,
    "dma200" : 842.96,
    "volume" : 2945.00
  }, {
    "date" : "2025-02-11",
    "price" : 743.30,
    "dma50" : 822.44,
    "dma100" : null,
    "dma200" : 841.97,
    "volume" : 7991.00
  }, {
    "date" : "2025-02-12",
    "price" : 747.70,
    "dma50" : 819.51,
    "dma100" : null,
    "dma200" : 841.03,
    "volume" : 5885.00
  }, {
    "date" : "2025-02-13",
    "price" : 768.50,
    "dma50" : 817.51,
    "dma100" : null,
    "dma200" : 840.31,
    "volume" : 2338.00
  }, {
    "date" : "2025-02-14",
    "price" : 763.85,
    "dma50" : 815.40,
    "dma100" : null,
    "dma200" : 839.55,
    "volume" : 3323.00
  }, {
    "date" : "2025-02-17",
    "price" : 734.05,
    "dma50" : 812.21,
    "dma100" : null,
    "dma200" : 838.50,
    "volume" : 9670.00
  }, {
    "date" : "2025-02-18",
    "price" : 737.00,
    "dma50" : 809.26,
    "dma100" : null,
    "dma200" : 837.49,
    "volume" : 5875.00
  }, {
    "date" : "2025-02-19",
    "price" : 712.75,
    "dma50" : 805.48,
    "dma100" : null,
    "dma200" : 836.25,
    "volume" : 5865.00
  }, {
    "date" : "2025-02-20",
    "price" : 740.90,
    "dma50" : 802.94,
    "dma100" : null,
    "dma200" : 835.30,
    "volume" : 2116.00
  }, {
    "date" : "2025-02-21",
    "price" : 735.00,
    "dma50" : 800.28,
    "dma100" : null,
    "dma200" : 834.30,
    "volume" : 4560.00
  }, {
    "date" : "2025-02-24",
    "price" : 724.60,
    "dma50" : 797.31,
    "dma100" : null,
    "dma200" : 833.21,
    "volume" : 6011.00
  }, {
    "date" : "2025-02-25",
    "price" : 702.90,
    "dma50" : 793.61,
    "dma100" : null,
    "dma200" : 831.91,
    "volume" : 8665.00
  }, {
    "date" : "2025-02-27",
    "price" : 736.95,
    "dma50" : 791.39,
    "dma100" : null,
    "dma200" : 830.97,
    "volume" : 11682.00
  }, {
    "date" : "2025-02-28",
    "price" : 727.05,
    "dma50" : 788.86,
    "dma100" : null,
    "dma200" : 829.93,
    "volume" : 7412.00
  }, {
    "date" : "2025-03-03",
    "price" : 723.00,
    "dma50" : 786.28,
    "dma100" : null,
    "dma200" : 828.87,
    "volume" : 11437.00
  }, {
    "date" : "2025-03-04",
    "price" : 725.00,
    "dma50" : 783.88,
    "dma100" : null,
    "dma200" : 827.84,
    "volume" : 8294.00
  }, {
    "date" : "2025-03-05",
    "price" : 724.25,
    "dma50" : 781.54,
    "dma100" : null,
    "dma200" : 826.80,
    "volume" : 5734.00
  }, {
    "date" : "2025-03-06",
    "price" : 731.90,
    "dma50" : 779.59,
    "dma100" : null,
    "dma200" : 825.86,
    "volume" : 6515.00
  }, {
    "date" : "2025-03-07",
    "price" : 756.30,
    "dma50" : 778.68,
    "dma100" : null,
    "dma200" : 825.17,
    "volume" : 5637.00
  }, {
    "date" : "2025-03-10",
    "price" : 734.10,
    "dma50" : 776.93,
    "dma100" : null,
    "dma200" : 824.26,
    "volume" : 2057.00
  }, {
    "date" : "2025-03-11",
    "price" : 704.40,
    "dma50" : 774.09,
    "dma100" : null,
    "dma200" : 823.07,
    "volume" : 8279.00
  }, {
    "date" : "2025-03-12",
    "price" : 701.40,
    "dma50" : 771.24,
    "dma100" : null,
    "dma200" : 821.86,
    "volume" : 2273.00
  }, {
    "date" : "2025-03-13",
    "price" : 691.20,
    "dma50" : 768.10,
    "dma100" : null,
    "dma200" : 820.56,
    "volume" : 4550.00
  }, {
    "date" : "2025-03-17",
    "price" : 669.80,
    "dma50" : 764.24,
    "dma100" : null,
    "dma200" : 819.06,
    "volume" : 12559.00
  }, {
    "date" : "2025-03-18",
    "price" : 667.35,
    "dma50" : 760.44,
    "dma100" : null,
    "dma200" : 817.55,
    "volume" : 8364.00
  }, {
    "date" : "2025-03-19",
    "price" : 704.95,
    "dma50" : 758.27,
    "dma100" : null,
    "dma200" : 816.43,
    "volume" : 12677.00
  }, {
    "date" : "2025-03-20",
    "price" : 752.30,
    "dma50" : 758.03,
    "dma100" : null,
    "dma200" : 815.79,
    "volume" : 9126.00
  }, {
    "date" : "2025-03-21",
    "price" : 760.35,
    "dma50" : 758.12,
    "dma100" : null,
    "dma200" : 815.24,
    "volume" : 54946.00
  }, {
    "date" : "2025-03-24",
    "price" : 765.15,
    "dma50" : 758.40,
    "dma100" : null,
    "dma200" : 814.74,
    "volume" : 52260.00
  }, {
    "date" : "2025-03-25",
    "price" : 741.70,
    "dma50" : 757.74,
    "dma100" : null,
    "dma200" : 814.01,
    "volume" : 55618.00
  }, {
    "date" : "2025-03-26",
    "price" : 750.35,
    "dma50" : 757.45,
    "dma100" : null,
    "dma200" : 813.38,
    "volume" : 17142.00
  }, {
    "date" : "2025-03-27",
    "price" : 751.05,
    "dma50" : 757.20,
    "dma100" : null,
    "dma200" : 812.76,
    "volume" : 16162.00
  }, {
    "date" : "2025-03-28",
    "price" : 750.00,
    "dma50" : 756.92,
    "dma100" : null,
    "dma200" : 812.14,
    "volume" : 16670.00
  }, {
    "date" : "2025-04-01",
    "price" : 761.75,
    "dma50" : 757.11,
    "dma100" : null,
    "dma200" : 811.63,
    "volume" : 4442.00
  }, {
    "date" : "2025-04-02",
    "price" : 754.60,
    "dma50" : 757.01,
    "dma100" : null,
    "dma200" : 811.07,
    "volume" : 1235.00
  }, {
    "date" : "2025-04-03",
    "price" : 750.30,
    "dma50" : 756.75,
    "dma100" : null,
    "dma200" : 810.46,
    "volume" : 6258.00
  }, {
    "date" : "2025-04-04",
    "price" : 753.50,
    "dma50" : 756.62,
    "dma100" : null,
    "dma200" : 809.90,
    "volume" : 3592.00
  }, {
    "date" : "2025-04-07",
    "price" : 711.90,
    "dma50" : 754.87,
    "dma100" : null,
    "dma200" : 808.92,
    "volume" : 6643.00
  }, {
    "date" : "2025-04-08",
    "price" : 756.40,
    "dma50" : 754.93,
    "dma100" : null,
    "dma200" : 808.40,
    "volume" : 16400.00
  }, {
    "date" : "2025-04-09",
    "price" : 735.25,
    "dma50" : 754.16,
    "dma100" : null,
    "dma200" : 807.67,
    "volume" : 2200.00
  }, {
    "date" : "2025-04-11",
    "price" : 825.00,
    "dma50" : 756.93,
    "dma100" : null,
    "dma200" : 807.84,
    "volume" : 93072.00
  }, {
    "date" : "2025-04-15",
    "price" : 819.45,
    "dma50" : 759.39,
    "dma100" : null,
    "dma200" : 807.96,
    "volume" : 13950.00
  }, {
    "date" : "2025-04-16",
    "price" : 817.45,
    "dma50" : 761.66,
    "dma100" : null,
    "dma200" : 808.05,
    "volume" : 3700.00
  }, {
    "date" : "2025-04-17",
    "price" : 819.75,
    "dma50" : 763.94,
    "dma100" : null,
    "dma200" : 808.17,
    "volume" : 5610.00
  }, {
    "date" : "2025-04-21",
    "price" : 838.80,
    "dma50" : 766.88,
    "dma100" : null,
    "dma200" : 808.47,
    "volume" : 18968.00
  }, {
    "date" : "2025-04-22",
    "price" : 836.60,
    "dma50" : 769.61,
    "dma100" : null,
    "dma200" : 808.75,
    "volume" : 14635.00
  }, {
    "date" : "2025-04-23",
    "price" : 847.30,
    "dma50" : 772.66,
    "dma100" : null,
    "dma200" : 809.14,
    "volume" : 6595.00
  }, {
    "date" : "2025-04-24",
    "price" : 816.20,
    "dma50" : 774.36,
    "dma100" : null,
    "dma200" : 809.21,
    "volume" : 20174.00
  }, {
    "date" : "2025-04-25",
    "price" : 790.20,
    "dma50" : 774.99,
    "dma100" : null,
    "dma200" : 809.02,
    "volume" : 9189.00
  }, {
    "date" : "2025-04-28",
    "price" : 777.90,
    "dma50" : 775.10,
    "dma100" : null,
    "dma200" : 808.71,
    "volume" : 11383.00
  }, {
    "date" : "2025-04-29",
    "price" : 814.45,
    "dma50" : 776.64,
    "dma100" : null,
    "dma200" : 808.77,
    "volume" : 12117.00
  }, {
    "date" : "2025-04-30",
    "price" : 793.00,
    "dma50" : 777.28,
    "dma100" : null,
    "dma200" : 808.61,
    "volume" : 7639.00
  }, {
    "date" : "2025-05-02",
    "price" : 780.40,
    "dma50" : 777.41,
    "dma100" : null,
    "dma200" : 808.33,
    "volume" : 7917.00
  }, {
    "date" : "2025-05-05",
    "price" : 786.20,
    "dma50" : 777.75,
    "dma100" : null,
    "dma200" : 808.11,
    "volume" : 4130.00
  }, {
    "date" : "2025-05-06",
    "price" : 775.50,
    "dma50" : 777.66,
    "dma100" : null,
    "dma200" : 807.78,
    "volume" : 7184.00
  }, {
    "date" : "2025-05-07",
    "price" : 790.75,
    "dma50" : 778.18,
    "dma100" : null,
    "dma200" : 807.61,
    "volume" : 10670.00
  }, {
    "date" : "2025-05-08",
    "price" : 777.70,
    "dma50" : 778.16,
    "dma100" : null,
    "dma200" : 807.32,
    "volume" : 11715.00
  }, {
    "date" : "2025-05-09",
    "price" : 769.80,
    "dma50" : 777.83,
    "dma100" : null,
    "dma200" : 806.94,
    "volume" : 4115.00
  }, {
    "date" : "2025-05-12",
    "price" : 847.00,
    "dma50" : 780.54,
    "dma100" : null,
    "dma200" : 807.34,
    "volume" : 14851.00
  }, {
    "date" : "2025-05-13",
    "price" : 801.05,
    "dma50" : 781.35,
    "dma100" : null,
    "dma200" : 807.28,
    "volume" : 17944.00
  }, {
    "date" : "2025-05-14",
    "price" : 809.80,
    "dma50" : 782.46,
    "dma100" : null,
    "dma200" : 807.30,
    "volume" : 604089.00
  }, {
    "date" : "2025-05-15",
    "price" : 833.45,
    "dma50" : 784.46,
    "dma100" : null,
    "dma200" : 807.56,
    "volume" : 37665.00
  }, {
    "date" : "2025-05-16",
    "price" : 836.75,
    "dma50" : 786.51,
    "dma100" : null,
    "dma200" : 807.85,
    "volume" : 16428.00
  }, {
    "date" : "2025-05-19",
    "price" : 892.05,
    "dma50" : 790.65,
    "dma100" : null,
    "dma200" : 808.69,
    "volume" : 48376.00
  }, {
    "date" : "2025-05-20",
    "price" : 932.75,
    "dma50" : 796.22,
    "dma100" : null,
    "dma200" : 809.93,
    "volume" : 36584.00
  }, {
    "date" : "2025-05-21",
    "price" : 950.10,
    "dma50" : 802.26,
    "dma100" : 787.77,
    "dma200" : 811.32,
    "volume" : 37310.00
  }, {
    "date" : "2025-05-22",
    "price" : 960.35,
    "dma50" : 808.46,
    "dma100" : 788.88,
    "dma200" : 812.80,
    "volume" : 17292.00
  }, {
    "date" : "2025-05-23",
    "price" : 969.80,
    "dma50" : 814.79,
    "dma100" : 790.08,
    "dma200" : 814.37,
    "volume" : 20837.00
  }, {
    "date" : "2025-05-26",
    "price" : 1028.55,
    "dma50" : 823.17,
    "dma100" : 791.71,
    "dma200" : 816.50,
    "volume" : 51241.00
  }, {
    "date" : "2025-05-27",
    "price" : 1102.15,
    "dma50" : 834.11,
    "dma100" : 794.09,
    "dma200" : 819.34,
    "volume" : 50165.00
  }, {
    "date" : "2025-05-28",
    "price" : 987.15,
    "dma50" : 840.11,
    "dma100" : 795.21,
    "dma200" : 821.01,
    "volume" : 61494.00
  }, {
    "date" : "2025-05-29",
    "price" : 977.55,
    "dma50" : 845.50,
    "dma100" : 796.40,
    "dma200" : 822.57,
    "volume" : 12385.00
  }, {
    "date" : "2025-05-30",
    "price" : 944.80,
    "dma50" : 849.39,
    "dma100" : 797.20,
    "dma200" : 823.78,
    "volume" : 9964.00
  }, {
    "date" : "2025-06-02",
    "price" : 995.50,
    "dma50" : 855.12,
    "dma100" : 798.64,
    "dma200" : 825.49,
    "volume" : 17011.00
  }, {
    "date" : "2025-06-03",
    "price" : 985.00,
    "dma50" : 860.22,
    "dma100" : 800.00,
    "dma200" : 827.08,
    "volume" : 9623.00
  }, {
    "date" : "2025-06-04",
    "price" : 985.05,
    "dma50" : 865.11,
    "dma100" : 801.35,
    "dma200" : 828.65,
    "volume" : 7667.00
  }, {
    "date" : "2025-06-05",
    "price" : 952.10,
    "dma50" : 868.52,
    "dma100" : 802.37,
    "dma200" : 829.88,
    "volume" : 5552.00
  }, {
    "date" : "2025-06-06",
    "price" : 982.45,
    "dma50" : 872.99,
    "dma100" : 803.66,
    "dma200" : 831.40,
    "volume" : 9889.00
  }, {
    "date" : "2025-06-09",
    "price" : 948.70,
    "dma50" : 875.96,
    "dma100" : 804.64,
    "dma200" : 832.56,
    "volume" : 17072.00
  }, {
    "date" : "2025-06-10",
    "price" : 950.35,
    "dma50" : 878.88,
    "dma100" : 806.19,
    "dma200" : 833.74,
    "volume" : 5981.00
  }, {
    "date" : "2025-06-11",
    "price" : 963.30,
    "dma50" : 882.19,
    "dma100" : 807.62,
    "dma200" : 835.03,
    "volume" : 2833.00
  }, {
    "date" : "2025-06-12",
    "price" : 959.95,
    "dma50" : 885.24,
    "dma100" : 809.12,
    "dma200" : 836.27,
    "volume" : 3907.00
  }, {
    "date" : "2025-06-13",
    "price" : 962.95,
    "dma50" : 888.29,
    "dma100" : 810.61,
    "dma200" : 837.53,
    "volume" : 3716.00
  }, {
    "date" : "2025-06-16",
    "price" : 984.85,
    "dma50" : 892.07,
    "dma100" : 812.18,
    "dma200" : 839.00,
    "volume" : 6245.00
  }, {
    "date" : "2025-06-17",
    "price" : 941.20,
    "dma50" : 894.00,
    "dma100" : 813.19,
    "dma200" : 840.01,
    "volume" : 9355.00
  }, {
    "date" : "2025-06-18",
    "price" : 943.10,
    "dma50" : 895.92,
    "dma100" : 814.41,
    "dma200" : 841.04,
    "volume" : 7111.00
  }, {
    "date" : "2025-06-19",
    "price" : 946.65,
    "dma50" : 897.91,
    "dma100" : 815.85,
    "dma200" : 842.09,
    "volume" : 5719.00
  }, {
    "date" : "2025-06-20",
    "price" : 970.50,
    "dma50" : 900.76,
    "dma100" : 817.43,
    "dma200" : 843.37,
    "volume" : 11135.00
  }, {
    "date" : "2025-06-23",
    "price" : 929.60,
    "dma50" : 901.89,
    "dma100" : 818.76,
    "dma200" : 844.22,
    "volume" : 13602.00
  }, {
    "date" : "2025-06-24",
    "price" : 903.80,
    "dma50" : 901.97,
    "dma100" : 820.18,
    "dma200" : 844.82,
    "volume" : 20724.00
  }, {
    "date" : "2025-06-25",
    "price" : 908.15,
    "dma50" : 902.21,
    "dma100" : 821.75,
    "dma200" : 845.45,
    "volume" : 13110.00
  }, {
    "date" : "2025-06-26",
    "price" : 909.55,
    "dma50" : 902.50,
    "dma100" : 823.49,
    "dma200" : 846.09,
    "volume" : 5810.00
  }, {
    "date" : "2025-06-27",
    "price" : 893.55,
    "dma50" : 902.15,
    "dma100" : 824.70,
    "dma200" : 846.56,
    "volume" : 44060.00
  }, {
    "date" : "2025-06-30",
    "price" : 900.15,
    "dma50" : 902.07,
    "dma100" : 825.17,
    "dma200" : 847.09,
    "volume" : 10445.00
  }, {
    "date" : "2025-07-01",
    "price" : 907.45,
    "dma50" : 902.28,
    "dma100" : 826.22,
    "dma200" : 847.69,
    "volume" : 8343.00
  }, {
    "date" : "2025-07-02",
    "price" : 918.35,
    "dma50" : 902.91,
    "dma100" : 827.40,
    "dma200" : 848.39,
    "volume" : 5924.00
  }, {
    "date" : "2025-07-03",
    "price" : 914.00,
    "dma50" : 903.34,
    "dma100" : 828.39,
    "dma200" : 849.05,
    "volume" : 6299.00
  }, {
    "date" : "2025-07-04",
    "price" : 920.60,
    "dma50" : 904.02,
    "dma100" : 829.47,
    "dma200" : 849.76,
    "volume" : 6964.00
  }, {
    "date" : "2025-07-07",
    "price" : 923.65,
    "dma50" : 904.79,
    "dma100" : 830.55,
    "dma200" : 850.49,
    "volume" : 10923.00
  }, {
    "date" : "2025-07-08",
    "price" : 947.25,
    "dma50" : 906.46,
    "dma100" : 831.88,
    "dma200" : 851.46,
    "volume" : 7553.00
  }, {
    "date" : "2025-07-09",
    "price" : 944.45,
    "dma50" : 907.95,
    "dma100" : 833.45,
    "dma200" : 852.38,
    "volume" : 6266.00
  }, {
    "date" : "2025-07-10",
    "price" : 939.35,
    "dma50" : 909.18,
    "dma100" : 835.41,
    "dma200" : 853.25,
    "volume" : 3637.00
  }, {
    "date" : "2025-07-11",
    "price" : 953.90,
    "dma50" : 910.93,
    "dma100" : 837.47,
    "dma200" : 854.25,
    "volume" : 4856.00
  }, {
    "date" : "2025-07-14",
    "price" : 937.35,
    "dma50" : 911.97,
    "dma100" : 839.16,
    "dma200" : 855.08,
    "volume" : 3139.00
  }, {
    "date" : "2025-07-15",
    "price" : 921.35,
    "dma50" : 912.33,
    "dma100" : 840.73,
    "dma200" : 855.74,
    "volume" : 12361.00
  }, {
    "date" : "2025-07-16",
    "price" : 912.90,
    "dma50" : 912.36,
    "dma100" : 842.52,
    "dma200" : 856.30,
    "volume" : 3699.00
  }, {
    "date" : "2025-07-17",
    "price" : 902.50,
    "dma50" : 911.97,
    "dma100" : 844.18,
    "dma200" : 856.76,
    "volume" : 9684.00
  }, {
    "date" : "2025-07-18",
    "price" : 910.50,
    "dma50" : 911.91,
    "dma100" : 846.15,
    "dma200" : 857.30,
    "volume" : 4087.00
  }, {
    "date" : "2025-07-21",
    "price" : 910.95,
    "dma50" : 911.87,
    "dma100" : 847.86,
    "dma200" : 857.83,
    "volume" : 7737.00
  }, {
    "date" : "2025-07-22",
    "price" : 1002.40,
    "dma50" : 915.42,
    "dma100" : 850.53,
    "dma200" : 859.27,
    "volume" : 278826.00
  }, {
    "date" : "2025-07-23",
    "price" : 1011.70,
    "dma50" : 919.20,
    "dma100" : 853.40,
    "dma200" : 860.79,
    "volume" : 67190.00
  }, {
    "date" : "2025-07-24",
    "price" : 987.80,
    "dma50" : 921.89,
    "dma100" : 856.25,
    "dma200" : 862.05,
    "volume" : 10239.00
  }, {
    "date" : "2025-07-25",
    "price" : 1000.90,
    "dma50" : 924.99,
    "dma100" : 858.89,
    "dma200" : 863.43,
    "volume" : 8768.00
  }, {
    "date" : "2025-07-28",
    "price" : 970.75,
    "dma50" : 926.78,
    "dma100" : 861.33,
    "dma200" : 864.50,
    "volume" : 8917.00
  }, {
    "date" : "2025-07-29",
    "price" : 974.20,
    "dma50" : 928.64,
    "dma100" : 863.84,
    "dma200" : 865.59,
    "volume" : 8046.00
  }, {
    "date" : "2025-07-30",
    "price" : 941.90,
    "dma50" : 929.16,
    "dma100" : 866.01,
    "dma200" : 866.35,
    "volume" : 11286.00
  }, {
    "date" : "2025-07-31",
    "price" : 929.45,
    "dma50" : 929.17,
    "dma100" : 868.06,
    "dma200" : 866.98,
    "volume" : 7259.00
  }, {
    "date" : "2025-08-01",
    "price" : 948.55,
    "dma50" : 929.93,
    "dma100" : 870.22,
    "dma200" : 867.79,
    "volume" : 7169.00
  }, {
    "date" : "2025-08-04",
    "price" : 934.90,
    "dma50" : 930.13,
    "dma100" : 872.01,
    "dma200" : 868.46,
    "volume" : 21316.00
  }, {
    "date" : "2025-08-05",
    "price" : 935.20,
    "dma50" : 930.33,
    "dma100" : 874.02,
    "dma200" : 869.12,
    "volume" : 8076.00
  }, {
    "date" : "2025-08-06",
    "price" : 947.15,
    "dma50" : 930.99,
    "dma100" : 876.45,
    "dma200" : 869.90,
    "volume" : 11480.00
  }, {
    "date" : "2025-08-07",
    "price" : 943.90,
    "dma50" : 931.49,
    "dma100" : 878.87,
    "dma200" : 870.64,
    "volume" : 3792.00
  }, {
    "date" : "2025-08-08",
    "price" : 942.60,
    "dma50" : 931.93,
    "dma100" : 881.39,
    "dma200" : 871.35,
    "volume" : 12679.00
  }, {
    "date" : "2025-08-11",
    "price" : 914.30,
    "dma50" : 931.24,
    "dma100" : 883.83,
    "dma200" : 871.78,
    "volume" : 6541.00
  }, {
    "date" : "2025-08-12",
    "price" : 931.90,
    "dma50" : 931.26,
    "dma100" : 886.48,
    "dma200" : 872.38,
    "volume" : 5303.00
  }, {
    "date" : "2025-08-13",
    "price" : 901.40,
    "dma50" : 930.09,
    "dma100" : 888.44,
    "dma200" : 872.67,
    "volume" : 12711.00
  }, {
    "date" : "2025-08-14",
    "price" : 878.85,
    "dma50" : 928.08,
    "dma100" : 889.71,
    "dma200" : 872.73,
    "volume" : 19078.00
  }, {
    "date" : "2025-08-18",
    "price" : 834.75,
    "dma50" : 924.42,
    "dma100" : 890.45,
    "dma200" : 872.35,
    "volume" : 36041.00
  }, {
    "date" : "2025-08-19",
    "price" : 863.35,
    "dma50" : 922.03,
    "dma100" : 891.43,
    "dma200" : 872.26,
    "volume" : 13326.00
  }, {
    "date" : "2025-08-20",
    "price" : 866.70,
    "dma50" : 919.86,
    "dma100" : 892.68,
    "dma200" : 872.21,
    "volume" : 8847.00
  }, {
    "date" : "2025-08-21",
    "price" : 934.20,
    "dma50" : 920.42,
    "dma100" : 894.52,
    "dma200" : 872.82,
    "volume" : 612025.00
  }, {
    "date" : "2025-08-22",
    "price" : 931.80,
    "dma50" : 920.87,
    "dma100" : 896.33,
    "dma200" : 873.41,
    "volume" : 93937.00
  }, {
    "date" : "2025-08-25",
    "price" : 913.25,
    "dma50" : 920.57,
    "dma100" : 897.96,
    "dma200" : 873.81,
    "volume" : 16257.00
  }, {
    "date" : "2025-08-26",
    "price" : 899.80,
    "dma50" : 919.75,
    "dma100" : 899.34,
    "dma200" : 874.06,
    "volume" : 16878.00
  }, {
    "date" : "2025-08-28",
    "price" : 900.40,
    "dma50" : 918.99,
    "dma100" : 900.80,
    "dma200" : 874.33,
    "volume" : 10745.00
  }, {
    "date" : "2025-08-29",
    "price" : 898.75,
    "dma50" : 918.20,
    "dma100" : 902.29,
    "dma200" : 874.57,
    "volume" : 7656.00
  }, {
    "date" : "2025-09-01",
    "price" : 893.15,
    "dma50" : 917.22,
    "dma100" : 903.68,
    "dma200" : 874.75,
    "volume" : 6921.00
  }, {
    "date" : "2025-09-02",
    "price" : 918.25,
    "dma50" : 917.26,
    "dma100" : 905.75,
    "dma200" : 875.19,
    "volume" : 8926.00
  }, {
    "date" : "2025-09-03",
    "price" : 938.65,
    "dma50" : 918.10,
    "dma100" : 907.57,
    "dma200" : 875.82,
    "volume" : 10505.00
  }, {
    "date" : "2025-09-04",
    "price" : 939.45,
    "dma50" : 918.94,
    "dma100" : 909.61,
    "dma200" : 876.45,
    "volume" : 6497.00
  }, {
    "date" : "2025-09-05",
    "price" : 915.40,
    "dma50" : 918.80,
    "dma100" : 910.51,
    "dma200" : 876.84,
    "volume" : 6254.00
  }, {
    "date" : "2025-09-08",
    "price" : 902.55,
    "dma50" : 918.16,
    "dma100" : 911.35,
    "dma200" : 877.09,
    "volume" : 6623.00
  }, {
    "date" : "2025-09-09",
    "price" : 916.15,
    "dma50" : 918.08,
    "dma100" : 912.33,
    "dma200" : 877.48,
    "volume" : 4355.00
  }, {
    "date" : "2025-09-10",
    "price" : 900.90,
    "dma50" : 917.41,
    "dma100" : 913.14,
    "dma200" : 877.72,
    "volume" : 11012.00
  }, {
    "date" : "2025-09-11",
    "price" : 909.30,
    "dma50" : 917.09,
    "dma100" : 913.85,
    "dma200" : 878.03,
    "volume" : 5533.00
  }, {
    "date" : "2025-09-12",
    "price" : 924.05,
    "dma50" : 917.36,
    "dma100" : 914.72,
    "dma200" : 878.49,
    "volume" : 12782.00
  }, {
    "date" : "2025-09-15",
    "price" : 945.65,
    "dma50" : 918.47,
    "dma100" : 915.71,
    "dma200" : 879.16,
    "volume" : 13266.00
  }, {
    "date" : "2025-09-16",
    "price" : 936.50,
    "dma50" : 919.18,
    "dma100" : 916.91,
    "dma200" : 879.73,
    "volume" : 11309.00
  }, {
    "date" : "2025-09-17",
    "price" : 929.85,
    "dma50" : 919.60,
    "dma100" : 918.31,
    "dma200" : 880.23,
    "volume" : 5400.00
  }, {
    "date" : "2025-09-18",
    "price" : 916.15,
    "dma50" : 919.46,
    "dma100" : 919.69,
    "dma200" : 880.58,
    "volume" : 7811.00
  }, {
    "date" : "2025-09-19",
    "price" : 908.05,
    "dma50" : 919.01,
    "dma100" : 920.63,
    "dma200" : 880.86,
    "volume" : 6986.00
  }, {
    "date" : "2025-09-22",
    "price" : 914.35,
    "dma50" : 918.83,
    "dma100" : 921.84,
    "dma200" : 881.19,
    "volume" : 3572.00
  }, {
    "date" : "2025-09-23",
    "price" : 942.35,
    "dma50" : 919.75,
    "dma100" : 923.46,
    "dma200" : 881.80,
    "volume" : 15139.00
  }, {
    "date" : "2025-09-24",
    "price" : 924.05,
    "dma50" : 919.92,
    "dma100" : 924.84,
    "dma200" : 882.22,
    "volume" : 3828.00
  }, {
    "date" : "2025-09-25",
    "price" : 982.40,
    "dma50" : 922.37,
    "dma100" : 926.91,
    "dma200" : 883.22,
    "volume" : 479858.00
  }, {
    "date" : "2025-09-26",
    "price" : 1111.20,
    "dma50" : 929.78,
    "dma100" : 930.11,
    "dma200" : 885.48,
    "volume" : 1780048.00
  }, {
    "date" : "2025-09-29",
    "price" : 1136.80,
    "dma50" : 937.90,
    "dma100" : 933.70,
    "dma200" : 887.99,
    "volume" : 459554.00
  }, {
    "date" : "2025-09-30",
    "price" : 1070.15,
    "dma50" : 943.08,
    "dma100" : 936.70,
    "dma200" : 889.80,
    "volume" : 134855.00
  }, {
    "date" : "2025-10-01",
    "price" : 1218.10,
    "dma50" : 953.87,
    "dma100" : 940.42,
    "dma200" : 893.06,
    "volume" : 924077.00
  }, {
    "date" : "2025-10-03",
    "price" : 1237.00,
    "dma50" : 964.97,
    "dma100" : 944.78,
    "dma200" : 896.49,
    "volume" : 187984.00
  }, {
    "date" : "2025-10-06",
    "price" : 1154.40,
    "dma50" : 972.40,
    "dma100" : 948.22,
    "dma200" : 899.05,
    "volume" : 146284.00
  }, {
    "date" : "2025-10-07",
    "price" : 1262.00,
    "dma50" : 983.76,
    "dma100" : 952.51,
    "dma200" : 902.66,
    "volume" : 984858.00
  }, {
    "date" : "2025-10-08",
    "price" : 1209.00,
    "dma50" : 992.59,
    "dma100" : 956.23,
    "dma200" : 905.71,
    "volume" : 90822.00
  }, {
    "date" : "2025-10-09",
    "price" : 1227.60,
    "dma50" : 1001.81,
    "dma100" : 959.58,
    "dma200" : 908.92,
    "volume" : 192605.00
  }, {
    "date" : "2025-10-10",
    "price" : 1195.70,
    "dma50" : 1009.41,
    "dma100" : 962.21,
    "dma200" : 911.77,
    "volume" : 65840.00
  }, {
    "date" : "2025-10-13",
    "price" : 1157.10,
    "dma50" : 1015.20,
    "dma100" : 964.28,
    "dma200" : 914.21,
    "volume" : 38727.00
  }, {
    "date" : "2025-10-14",
    "price" : 1093.00,
    "dma50" : 1018.25,
    "dma100" : 965.61,
    "dma200" : 915.99,
    "volume" : 102618.00
  }, {
    "date" : "2025-10-15",
    "price" : 1099.90,
    "dma50" : 1021.45,
    "dma100" : 966.91,
    "dma200" : 917.82,
    "volume" : 78259.00
  }, {
    "date" : "2025-10-16",
    "price" : 1076.60,
    "dma50" : 1023.62,
    "dma100" : 967.39,
    "dma200" : 919.40,
    "volume" : 44956.00
  }, {
    "date" : "2025-10-17",
    "price" : 1130.30,
    "dma50" : 1027.80,
    "dma100" : 967.67,
    "dma200" : 921.50,
    "volume" : 184821.00
  }, {
    "date" : "2025-10-20",
    "price" : 1123.50,
    "dma50" : 1031.55,
    "dma100" : 969.04,
    "dma200" : 923.51,
    "volume" : 51835.00
  }, {
    "date" : "2025-10-21",
    "price" : 1136.90,
    "dma50" : 1035.68,
    "dma100" : 970.63,
    "dma200" : 925.63,
    "volume" : 19733.00
  }, {
    "date" : "2025-10-23",
    "price" : 1092.10,
    "dma50" : 1037.90,
    "dma100" : 972.10,
    "dma200" : 927.29,
    "volume" : 65113.00
  }, {
    "date" : "2025-10-24",
    "price" : 1099.40,
    "dma50" : 1040.31,
    "dma100" : 973.14,
    "dma200" : 929.00,
    "volume" : 36915.00
  }, {
    "date" : "2025-10-27",
    "price" : 1094.00,
    "dma50" : 1042.41,
    "dma100" : 974.23,
    "dma200" : 930.64,
    "volume" : 25640.00
  }, {
    "date" : "2025-10-28",
    "price" : 1073.80,
    "dma50" : 1043.64,
    "dma100" : 975.12,
    "dma200" : 932.07,
    "volume" : 32399.00
  }, {
    "date" : "2025-10-29",
    "price" : 1092.40,
    "dma50" : 1045.56,
    "dma100" : 976.52,
    "dma200" : 933.66,
    "volume" : 20452.00
  }, {
    "date" : "2025-10-30",
    "price" : 1090.70,
    "dma50" : 1047.33,
    "dma100" : 977.61,
    "dma200" : 935.22,
    "volume" : 10565.00
  }, {
    "date" : "2025-10-31",
    "price" : 1149.70,
    "dma50" : 1051.34,
    "dma100" : 979.62,
    "dma200" : 937.36,
    "volume" : 82393.00
  }, {
    "date" : "2025-11-03",
    "price" : 1100.00,
    "dma50" : 1053.25,
    "dma100" : 981.11,
    "dma200" : 938.98,
    "volume" : 26655.00
  }, {
    "date" : "2025-11-04",
    "price" : 1083.80,
    "dma50" : 1054.45,
    "dma100" : 982.32,
    "dma200" : 940.42,
    "volume" : 16066.00
  }, {
    "date" : "2025-11-06",
    "price" : 1070.00,
    "dma50" : 1055.06,
    "dma100" : 983.42,
    "dma200" : 941.71,
    "volume" : 19672.00
  }, {
    "date" : "2025-11-07",
    "price" : 1030.00,
    "dma50" : 1054.08,
    "dma100" : 984.09,
    "dma200" : 942.59,
    "volume" : 36089.00
  }, {
    "date" : "2025-11-10",
    "price" : 986.70,
    "dma50" : 1051.43,
    "dma100" : 984.11,
    "dma200" : 943.02,
    "volume" : 60044.00
  }, {
    "date" : "2025-11-11",
    "price" : 1005.20,
    "dma50" : 1049.62,
    "dma100" : 984.75,
    "dma200" : 943.64,
    "volume" : 23104.00
  }, {
    "date" : "2025-11-12",
    "price" : 1024.70,
    "dma50" : 1048.64,
    "dma100" : 985.56,
    "dma200" : 944.45,
    "volume" : 22763.00
  }, {
    "date" : "2025-11-13",
    "price" : 1069.00,
    "dma50" : 1049.44,
    "dma100" : 986.79,
    "dma200" : 945.69,
    "volume" : 46132.00
  }, {
    "date" : "2025-11-14",
    "price" : 1102.00,
    "dma50" : 1051.50,
    "dma100" : 988.10,
    "dma200" : 947.24,
    "volume" : 37089.00
  }, {
    "date" : "2025-11-17",
    "price" : 1126.50,
    "dma50" : 1054.44,
    "dma100" : 990.07,
    "dma200" : 949.03,
    "volume" : 110326.00
  }, {
    "date" : "2025-11-18",
    "price" : 1087.20,
    "dma50" : 1055.73,
    "dma100" : 991.90,
    "dma200" : 950.40,
    "volume" : 19708.00
  }, {
    "date" : "2025-11-19",
    "price" : 1065.20,
    "dma50" : 1056.10,
    "dma100" : 993.47,
    "dma200" : 951.54,
    "volume" : 29984.00
  }, {
    "date" : "2025-11-20",
    "price" : 1069.00,
    "dma50" : 1056.61,
    "dma100" : 995.07,
    "dma200" : 952.71,
    "volume" : 8722.00
  }, {
    "date" : "2025-11-21",
    "price" : 1076.90,
    "dma50" : 1057.40,
    "dma100" : 996.90,
    "dma200" : 953.95,
    "volume" : 58554.00
  }, {
    "date" : "2025-11-24",
    "price" : 1057.10,
    "dma50" : 1057.39,
    "dma100" : 998.47,
    "dma200" : 954.98,
    "volume" : 12782.00
  }, {
    "date" : "2025-11-25",
    "price" : 1062.80,
    "dma50" : 1057.60,
    "dma100" : 1000.03,
    "dma200" : 956.05,
    "volume" : 10658.00
  }, {
    "date" : "2025-11-26",
    "price" : 1059.20,
    "dma50" : 1057.66,
    "dma100" : 1001.43,
    "dma200" : 957.07,
    "volume" : 9216.00
  }, {
    "date" : "2025-11-27",
    "price" : 1065.00,
    "dma50" : 1057.95,
    "dma100" : 1002.94,
    "dma200" : 958.15,
    "volume" : 24188.00
  }, {
    "date" : "2025-11-28",
    "price" : 1062.30,
    "dma50" : 1058.12,
    "dma100" : 1004.36,
    "dma200" : 959.18,
    "volume" : 11272.00
  }, {
    "date" : "2025-12-01",
    "price" : 1048.10,
    "dma50" : 1057.73,
    "dma100" : 1005.61,
    "dma200" : 960.07,
    "volume" : 14017.00
  }, {
    "date" : "2025-12-02",
    "price" : 1015.50,
    "dma50" : 1056.07,
    "dma100" : 1006.29,
    "dma200" : 960.62,
    "volume" : 21600.00
  }, {
    "date" : "2025-12-03",
    "price" : 1043.30,
    "dma50" : 1055.57,
    "dma100" : 1007.28,
    "dma200" : 961.44,
    "volume" : 16114.00
  }, {
    "date" : "2025-12-04",
    "price" : 1033.40,
    "dma50" : 1054.70,
    "dma100" : 1008.22,
    "dma200" : 962.16,
    "volume" : 6478.00
  }, {
    "date" : "2025-12-05",
    "price" : 1041.80,
    "dma50" : 1054.20,
    "dma100" : 1009.10,
    "dma200" : 962.95,
    "volume" : 11197.00
  }, {
    "date" : "2025-12-08",
    "price" : 1041.20,
    "dma50" : 1053.69,
    "dma100" : 1010.13,
    "dma200" : 963.73,
    "volume" : 59447.00
  }, {
    "date" : "2025-12-09",
    "price" : 1029.10,
    "dma50" : 1052.72,
    "dma100" : 1011.21,
    "dma200" : 964.38,
    "volume" : 16678.00
  }, {
    "date" : "2025-12-10",
    "price" : 1017.40,
    "dma50" : 1051.34,
    "dma100" : 1012.26,
    "dma200" : 964.91,
    "volume" : 4953.00
  }, {
    "date" : "2025-12-11",
    "price" : 1044.90,
    "dma50" : 1051.09,
    "dma100" : 1013.68,
    "dma200" : 965.70,
    "volume" : 10394.00
  }, {
    "date" : "2025-12-12",
    "price" : 1044.50,
    "dma50" : 1050.83,
    "dma100" : 1015.02,
    "dma200" : 966.49,
    "volume" : 5018.00
  }, {
    "date" : "2025-12-15",
    "price" : 1065.80,
    "dma50" : 1051.41,
    "dma100" : 1016.57,
    "dma200" : 967.48,
    "volume" : 9523.00
  }, {
    "date" : "2025-12-16",
    "price" : 1059.00,
    "dma50" : 1051.71,
    "dma100" : 1017.14,
    "dma200" : 968.39,
    "volume" : 23393.00
  }, {
    "date" : "2025-12-17",
    "price" : 1044.50,
    "dma50" : 1051.43,
    "dma100" : 1017.46,
    "dma200" : 969.15,
    "volume" : 9911.00
  }, {
    "date" : "2025-12-18",
    "price" : 1015.20,
    "dma50" : 1050.01,
    "dma100" : 1017.74,
    "dma200" : 969.60,
    "volume" : 18892.00
  }, {
    "date" : "2025-12-19",
    "price" : 1012.50,
    "dma50" : 1048.54,
    "dma100" : 1017.85,
    "dma200" : 970.03,
    "volume" : 13235.00
  }, {
    "date" : "2025-12-22",
    "price" : 1042.20,
    "dma50" : 1048.29,
    "dma100" : 1018.57,
    "dma200" : 970.75,
    "volume" : 9007.00
  } ],
  "latestTechnicalAttributes" : {
    "date" : "2025-12-22",
    "price" : 1042.20,
    "dma50" : 1048.29,
    "dma100" : 1018.57,
    "dma200" : 970.75,
    "volume" : 9007.00
  },
  "quarterlyResults" : [ {
    "date" : "2005-03-31",
    "sales" : 6.99,
    "salesGrowthYoY" : null,
    "grossProfitMargin" : 53.65,
    "grossProfit" : 3.75,
    "operatingProfitMargin" : 13.45,
    "operatingProfit" : 0.94,
    "netProfitMargin" : 7.87,
    "netProfit" : 0.55
  }, {
    "date" : "2005-06-30",
    "sales" : 7.83,
    "salesGrowthYoY" : null,
    "grossProfitMargin" : 51.34,
    "grossProfit" : 4.02,
    "operatingProfitMargin" : 14.18,
    "operatingProfit" : 1.11,
    "netProfitMargin" : 7.92,
    "netProfit" : 0.62
  }, {
    "date" : "2005-09-30",
    "sales" : 8.51,
    "salesGrowthYoY" : null,
    "grossProfitMargin" : 53.11,
    "grossProfit" : 4.52,
    "operatingProfitMargin" : 12.69,
    "operatingProfit" : 1.08,
    "netProfitMargin" : 7.52,
    "netProfit" : 0.64
  }, {
    "date" : "2005-12-31",
    "sales" : 10.11,
    "salesGrowthYoY" : null,
    "grossProfitMargin" : 50.15,
    "grossProfit" : 5.07,
    "operatingProfitMargin" : 11.47,
    "operatingProfit" : 1.16,
    "netProfitMargin" : 7.62,
    "netProfit" : 0.77
  }, {
    "date" : "2006-03-31",
    "sales" : 12.26,
    "salesGrowthYoY" : 75.39,
    "grossProfitMargin" : 58.56,
    "grossProfit" : 7.18,
    "operatingProfitMargin" : 8.81,
    "operatingProfit" : 1.08,
    "netProfitMargin" : 5.14,
    "netProfit" : 0.63
  }, {
    "date" : "2006-06-30",
    "sales" : 11.92,
    "salesGrowthYoY" : 52.23,
    "grossProfitMargin" : 51.01,
    "grossProfit" : 6.08,
    "operatingProfitMargin" : 14.77,
    "operatingProfit" : 1.76,
    "netProfitMargin" : 8.98,
    "netProfit" : 1.07
  }, {
    "date" : "2006-09-30",
    "sales" : 13.41,
    "salesGrowthYoY" : 57.58,
    "grossProfitMargin" : 50.56,
    "grossProfit" : 6.78,
    "operatingProfitMargin" : 14.91,
    "operatingProfit" : 2.00,
    "netProfitMargin" : 8.95,
    "netProfit" : 1.20
  }, {
    "date" : "2006-12-31",
    "sales" : 13.97,
    "salesGrowthYoY" : 38.18,
    "grossProfitMargin" : 48.96,
    "grossProfit" : 6.84,
    "operatingProfitMargin" : 12.10,
    "operatingProfit" : 1.69,
    "netProfitMargin" : 7.02,
    "netProfit" : 0.98
  }, {
    "date" : "2007-03-31",
    "sales" : 14.53,
    "salesGrowthYoY" : 18.52,
    "grossProfitMargin" : 46.46,
    "grossProfit" : 6.75,
    "operatingProfitMargin" : 10.87,
    "operatingProfit" : 1.58,
    "netProfitMargin" : 4.61,
    "netProfit" : 0.67
  }, {
    "date" : "2007-06-30",
    "sales" : 12.43,
    "salesGrowthYoY" : 4.28,
    "grossProfitMargin" : 47.30,
    "grossProfit" : 5.88,
    "operatingProfitMargin" : 11.34,
    "operatingProfit" : 1.41,
    "netProfitMargin" : 5.15,
    "netProfit" : 0.64
  }, {
    "date" : "2007-09-30",
    "sales" : 12.66,
    "salesGrowthYoY" : -5.59,
    "grossProfitMargin" : 49.37,
    "grossProfit" : 6.25,
    "operatingProfitMargin" : 11.77,
    "operatingProfit" : 1.49,
    "netProfitMargin" : 4.42,
    "netProfit" : 0.56
  }, {
    "date" : "2007-12-31",
    "sales" : 13.49,
    "salesGrowthYoY" : -3.44,
    "grossProfitMargin" : 47.15,
    "grossProfit" : 6.36,
    "operatingProfitMargin" : 8.23,
    "operatingProfit" : 1.11,
    "netProfitMargin" : 2.59,
    "netProfit" : 0.35
  }, {
    "date" : "2008-03-31",
    "sales" : 12.88,
    "salesGrowthYoY" : -11.36,
    "grossProfitMargin" : 47.90,
    "grossProfit" : 6.17,
    "operatingProfitMargin" : 8.70,
    "operatingProfit" : 1.12,
    "netProfitMargin" : 3.96,
    "netProfit" : 0.51
  }, {
    "date" : "2008-06-30",
    "sales" : 14.75,
    "salesGrowthYoY" : 18.66,
    "grossProfitMargin" : 46.64,
    "grossProfit" : 6.88,
    "operatingProfitMargin" : 9.56,
    "operatingProfit" : 1.41,
    "netProfitMargin" : 5.63,
    "netProfit" : 0.83
  }, {
    "date" : "2008-09-30",
    "sales" : 15.41,
    "salesGrowthYoY" : 21.72,
    "grossProfitMargin" : 47.70,
    "grossProfit" : 7.35,
    "operatingProfitMargin" : 9.47,
    "operatingProfit" : 1.46,
    "netProfitMargin" : 5.71,
    "netProfit" : 0.88
  }, {
    "date" : "2008-12-31",
    "sales" : 14.58,
    "salesGrowthYoY" : 8.08,
    "grossProfitMargin" : 51.30,
    "grossProfit" : 7.48,
    "operatingProfitMargin" : 9.05,
    "operatingProfit" : 1.32,
    "netProfitMargin" : 4.66,
    "netProfit" : 0.68
  }, {
    "date" : "2009-03-31",
    "sales" : 13.05,
    "salesGrowthYoY" : 1.32,
    "grossProfitMargin" : 48.28,
    "grossProfit" : 6.30,
    "operatingProfitMargin" : 10.19,
    "operatingProfit" : 1.33,
    "netProfitMargin" : 3.14,
    "netProfit" : 0.41
  }, {
    "date" : "2009-06-30",
    "sales" : 14.05,
    "salesGrowthYoY" : -4.75,
    "grossProfitMargin" : 51.46,
    "grossProfit" : 7.23,
    "operatingProfitMargin" : 12.53,
    "operatingProfit" : 1.76,
    "netProfitMargin" : 6.05,
    "netProfit" : 0.85
  }, {
    "date" : "2009-09-30",
    "sales" : 15.14,
    "salesGrowthYoY" : -1.75,
    "grossProfitMargin" : 51.39,
    "grossProfit" : 7.78,
    "operatingProfitMargin" : 11.96,
    "operatingProfit" : 1.81,
    "netProfitMargin" : 5.02,
    "netProfit" : 0.76
  }, {
    "date" : "2009-12-31",
    "sales" : 17.28,
    "salesGrowthYoY" : 18.52,
    "grossProfitMargin" : 50.06,
    "grossProfit" : 8.65,
    "operatingProfitMargin" : 10.01,
    "operatingProfit" : 1.73,
    "netProfitMargin" : 4.75,
    "netProfit" : 0.82
  }, {
    "date" : "2010-03-31",
    "sales" : 18.18,
    "salesGrowthYoY" : 39.31,
    "grossProfitMargin" : 54.95,
    "grossProfit" : 9.99,
    "operatingProfitMargin" : 11.77,
    "operatingProfit" : 2.14,
    "netProfitMargin" : 0.39,
    "netProfit" : 0.07
  }, {
    "date" : "2010-06-30",
    "sales" : 17.41,
    "salesGrowthYoY" : 23.91,
    "grossProfitMargin" : 50.32,
    "grossProfit" : 8.76,
    "operatingProfitMargin" : 10.28,
    "operatingProfit" : 1.79,
    "netProfitMargin" : 2.87,
    "netProfit" : 0.50
  }, {
    "date" : "2010-09-30",
    "sales" : 18.53,
    "salesGrowthYoY" : 22.39,
    "grossProfitMargin" : 51.70,
    "grossProfit" : 9.58,
    "operatingProfitMargin" : 10.79,
    "operatingProfit" : 2.00,
    "netProfitMargin" : 3.83,
    "netProfit" : 0.71
  }, {
    "date" : "2010-12-31",
    "sales" : 22.31,
    "salesGrowthYoY" : 29.11,
    "grossProfitMargin" : 51.01,
    "grossProfit" : 11.38,
    "operatingProfitMargin" : 11.25,
    "operatingProfit" : 2.51,
    "netProfitMargin" : 4.62,
    "netProfit" : 1.03
  }, {
    "date" : "2011-03-31",
    "sales" : 23.75,
    "salesGrowthYoY" : 30.64,
    "grossProfitMargin" : 48.13,
    "grossProfit" : 11.43,
    "operatingProfitMargin" : 8.25,
    "operatingProfit" : 1.96,
    "netProfitMargin" : 1.52,
    "netProfit" : 0.36
  }, {
    "date" : "2011-06-30",
    "sales" : 23.16,
    "salesGrowthYoY" : 33.03,
    "grossProfitMargin" : 49.74,
    "grossProfit" : 11.52,
    "operatingProfitMargin" : 10.54,
    "operatingProfit" : 2.44,
    "netProfitMargin" : 2.94,
    "netProfit" : 0.68
  }, {
    "date" : "2011-09-30",
    "sales" : 24.54,
    "salesGrowthYoY" : 32.43,
    "grossProfitMargin" : 50.00,
    "grossProfit" : 12.27,
    "operatingProfitMargin" : 10.51,
    "operatingProfit" : 2.58,
    "netProfitMargin" : 3.38,
    "netProfit" : 0.83
  }, {
    "date" : "2011-12-31",
    "sales" : 26.44,
    "salesGrowthYoY" : 18.51,
    "grossProfitMargin" : 49.70,
    "grossProfit" : 13.14,
    "operatingProfitMargin" : 9.38,
    "operatingProfit" : 2.48,
    "netProfitMargin" : 2.69,
    "netProfit" : 0.71
  }, {
    "date" : "2012-03-31",
    "sales" : 24.78,
    "salesGrowthYoY" : 4.34,
    "grossProfitMargin" : 54.44,
    "grossProfit" : 13.49,
    "operatingProfitMargin" : 11.10,
    "operatingProfit" : 2.75,
    "netProfitMargin" : 2.02,
    "netProfit" : 0.50
  }, {
    "date" : "2012-06-30",
    "sales" : 21.40,
    "salesGrowthYoY" : -7.60,
    "grossProfitMargin" : 53.97,
    "grossProfit" : 11.55,
    "operatingProfitMargin" : 9.53,
    "operatingProfit" : 2.04,
    "netProfitMargin" : 0.65,
    "netProfit" : 0.14
  }, {
    "date" : "2012-09-30",
    "sales" : 24.00,
    "salesGrowthYoY" : -2.20,
    "grossProfitMargin" : 53.08,
    "grossProfit" : 12.74,
    "operatingProfitMargin" : 9.42,
    "operatingProfit" : 2.26,
    "netProfitMargin" : 2.00,
    "netProfit" : 0.48
  }, {
    "date" : "2012-12-31",
    "sales" : 22.40,
    "salesGrowthYoY" : -15.28,
    "grossProfitMargin" : 53.30,
    "grossProfit" : 11.94,
    "operatingProfitMargin" : 8.48,
    "operatingProfit" : 1.90,
    "netProfitMargin" : 0.40,
    "netProfit" : 0.09
  }, {
    "date" : "2013-03-31",
    "sales" : 27.26,
    "salesGrowthYoY" : 10.01,
    "grossProfitMargin" : 57.19,
    "grossProfit" : 15.59,
    "operatingProfitMargin" : 13.43,
    "operatingProfit" : 3.66,
    "netProfitMargin" : 3.19,
    "netProfit" : 0.87
  }, {
    "date" : "2013-06-30",
    "sales" : 25.61,
    "salesGrowthYoY" : 19.67,
    "grossProfitMargin" : 58.02,
    "grossProfit" : 14.86,
    "operatingProfitMargin" : 11.44,
    "operatingProfit" : 2.93,
    "netProfitMargin" : 1.33,
    "netProfit" : 0.34
  }, {
    "date" : "2013-09-30",
    "sales" : 25.52,
    "salesGrowthYoY" : 6.33,
    "grossProfitMargin" : 61.40,
    "grossProfit" : 15.67,
    "operatingProfitMargin" : 10.27,
    "operatingProfit" : 2.62,
    "netProfitMargin" : 1.65,
    "netProfit" : 0.42
  }, {
    "date" : "2013-12-31",
    "sales" : 26.40,
    "salesGrowthYoY" : 17.86,
    "grossProfitMargin" : 60.80,
    "grossProfit" : 16.05,
    "operatingProfitMargin" : 11.78,
    "operatingProfit" : 3.11,
    "netProfitMargin" : 1.97,
    "netProfit" : 0.52
  }, {
    "date" : "2014-03-31",
    "sales" : 25.33,
    "salesGrowthYoY" : -7.08,
    "grossProfitMargin" : 58.11,
    "grossProfit" : 14.72,
    "operatingProfitMargin" : 14.73,
    "operatingProfit" : 3.73,
    "netProfitMargin" : 2.33,
    "netProfit" : 0.59
  }, {
    "date" : "2014-06-30",
    "sales" : 21.99,
    "salesGrowthYoY" : -14.14,
    "grossProfitMargin" : 60.03,
    "grossProfit" : 13.20,
    "operatingProfitMargin" : 12.78,
    "operatingProfit" : 2.81,
    "netProfitMargin" : 1.41,
    "netProfit" : 0.31
  }, {
    "date" : "2014-09-30",
    "sales" : 25.25,
    "salesGrowthYoY" : -1.06,
    "grossProfitMargin" : 59.76,
    "grossProfit" : 15.09,
    "operatingProfitMargin" : 10.50,
    "operatingProfit" : 2.65,
    "netProfitMargin" : 3.60,
    "netProfit" : 0.91
  }, {
    "date" : "2014-12-31",
    "sales" : 28.89,
    "salesGrowthYoY" : 9.43,
    "grossProfitMargin" : 60.06,
    "grossProfit" : 17.35,
    "operatingProfitMargin" : 10.35,
    "operatingProfit" : 2.99,
    "netProfitMargin" : 4.33,
    "netProfit" : 1.25
  }, {
    "date" : "2015-03-31",
    "sales" : 29.48,
    "salesGrowthYoY" : 16.38,
    "grossProfitMargin" : 67.44,
    "grossProfit" : 19.88,
    "operatingProfitMargin" : 18.05,
    "operatingProfit" : 5.32,
    "netProfitMargin" : 3.80,
    "netProfit" : 1.12
  }, {
    "date" : "2015-06-30",
    "sales" : 28.39,
    "salesGrowthYoY" : 29.10,
    "grossProfitMargin" : 58.72,
    "grossProfit" : 16.67,
    "operatingProfitMargin" : 12.29,
    "operatingProfit" : 3.49,
    "netProfitMargin" : 2.82,
    "netProfit" : 0.80
  }, {
    "date" : "2015-09-30",
    "sales" : 32.01,
    "salesGrowthYoY" : 26.77,
    "grossProfitMargin" : 63.54,
    "grossProfit" : 20.34,
    "operatingProfitMargin" : 12.40,
    "operatingProfit" : 3.97,
    "netProfitMargin" : 3.75,
    "netProfit" : 1.20
  }, {
    "date" : "2015-12-31",
    "sales" : 33.59,
    "salesGrowthYoY" : 16.27,
    "grossProfitMargin" : 62.43,
    "grossProfit" : 20.97,
    "operatingProfitMargin" : 11.43,
    "operatingProfit" : 3.84,
    "netProfitMargin" : 3.87,
    "netProfit" : 1.30
  }, {
    "date" : "2016-03-31",
    "sales" : 27.64,
    "salesGrowthYoY" : -6.24,
    "grossProfitMargin" : 69.83,
    "grossProfit" : 19.30,
    "operatingProfitMargin" : 12.66,
    "operatingProfit" : 3.50,
    "netProfitMargin" : 1.45,
    "netProfit" : 0.40
  }, {
    "date" : "2016-06-30",
    "sales" : 27.02,
    "salesGrowthYoY" : -4.83,
    "grossProfitMargin" : 58.11,
    "grossProfit" : 15.70,
    "operatingProfitMargin" : 7.92,
    "operatingProfit" : 2.14,
    "netProfitMargin" : 2.33,
    "netProfit" : 0.63
  }, {
    "date" : "2016-09-30",
    "sales" : 28.17,
    "salesGrowthYoY" : -12.00,
    "grossProfitMargin" : 60.60,
    "grossProfit" : 17.07,
    "operatingProfitMargin" : 9.69,
    "operatingProfit" : 2.73,
    "netProfitMargin" : 2.38,
    "netProfit" : 0.67
  }, {
    "date" : "2016-12-31",
    "sales" : 30.08,
    "salesGrowthYoY" : -10.45,
    "grossProfitMargin" : 63.53,
    "grossProfit" : 19.11,
    "operatingProfitMargin" : 11.47,
    "operatingProfit" : 3.45,
    "netProfitMargin" : 3.82,
    "netProfit" : 1.15
  }, {
    "date" : "2017-03-31",
    "sales" : 23.85,
    "salesGrowthYoY" : -13.71,
    "grossProfitMargin" : 63.19,
    "grossProfit" : 15.07,
    "operatingProfitMargin" : 22.98,
    "operatingProfit" : 5.48,
    "netProfitMargin" : 11.28,
    "netProfit" : 2.69
  }, {
    "date" : "2017-06-30",
    "sales" : 25.03,
    "salesGrowthYoY" : -7.36,
    "grossProfitMargin" : 64.76,
    "grossProfit" : 16.21,
    "operatingProfitMargin" : 7.71,
    "operatingProfit" : 1.93,
    "netProfitMargin" : 2.60,
    "netProfit" : 0.65
  }, {
    "date" : "2017-09-30",
    "sales" : 31.87,
    "salesGrowthYoY" : 13.13,
    "grossProfitMargin" : 61.12,
    "grossProfit" : 19.48,
    "operatingProfitMargin" : 8.50,
    "operatingProfit" : 2.71,
    "netProfitMargin" : 3.23,
    "netProfit" : 1.03
  }, {
    "date" : "2017-12-31",
    "sales" : 35.69,
    "salesGrowthYoY" : 18.65,
    "grossProfitMargin" : 59.23,
    "grossProfit" : 21.14,
    "operatingProfitMargin" : 8.80,
    "operatingProfit" : 3.14,
    "netProfitMargin" : 4.68,
    "netProfit" : 1.67
  }, {
    "date" : "2018-03-31",
    "sales" : 42.22,
    "salesGrowthYoY" : 77.02,
    "grossProfitMargin" : 64.95,
    "grossProfit" : 27.42,
    "operatingProfitMargin" : 14.76,
    "operatingProfit" : 6.23,
    "netProfitMargin" : 10.71,
    "netProfit" : 4.52
  }, {
    "date" : "2018-06-30",
    "sales" : 38.31,
    "salesGrowthYoY" : 53.06,
    "grossProfitMargin" : 66.01,
    "grossProfit" : 25.29,
    "operatingProfitMargin" : 13.36,
    "operatingProfit" : 5.12,
    "netProfitMargin" : 4.20,
    "netProfit" : 1.61
  }, {
    "date" : "2018-09-30",
    "sales" : 44.57,
    "salesGrowthYoY" : 39.85,
    "grossProfitMargin" : 64.46,
    "grossProfit" : 28.73,
    "operatingProfitMargin" : 14.61,
    "operatingProfit" : 6.51,
    "netProfitMargin" : 5.95,
    "netProfit" : 2.65
  }, {
    "date" : "2018-12-31",
    "sales" : 52.88,
    "salesGrowthYoY" : 48.16,
    "grossProfitMargin" : 64.83,
    "grossProfit" : 34.28,
    "operatingProfitMargin" : 16.81,
    "operatingProfit" : 8.89,
    "netProfitMargin" : 7.02,
    "netProfit" : 3.71
  }, {
    "date" : "2019-03-31",
    "sales" : 54.20,
    "salesGrowthYoY" : 28.38,
    "grossProfitMargin" : 69.93,
    "grossProfit" : 37.90,
    "operatingProfitMargin" : 18.76,
    "operatingProfit" : 10.17,
    "netProfitMargin" : 3.32,
    "netProfit" : 1.80
  }, {
    "date" : "2019-06-30",
    "sales" : 52.82,
    "salesGrowthYoY" : 37.88,
    "grossProfitMargin" : 64.71,
    "grossProfit" : 34.18,
    "operatingProfitMargin" : 16.45,
    "operatingProfit" : 8.69,
    "netProfitMargin" : 6.02,
    "netProfit" : 3.18
  }, {
    "date" : "2019-09-30",
    "sales" : 55.96,
    "salesGrowthYoY" : 25.56,
    "grossProfitMargin" : 65.81,
    "grossProfit" : 36.83,
    "operatingProfitMargin" : 18.85,
    "operatingProfit" : 10.55,
    "netProfitMargin" : 9.17,
    "netProfit" : 5.13
  }, {
    "date" : "2019-12-31",
    "sales" : 55.81,
    "salesGrowthYoY" : 5.54,
    "grossProfitMargin" : 67.64,
    "grossProfit" : 37.75,
    "operatingProfitMargin" : 21.77,
    "operatingProfit" : 12.15,
    "netProfitMargin" : 10.02,
    "netProfit" : 5.59
  }, {
    "date" : "2020-03-31",
    "sales" : 47.74,
    "salesGrowthYoY" : -11.92,
    "grossProfitMargin" : 74.17,
    "grossProfit" : 35.41,
    "operatingProfitMargin" : 20.34,
    "operatingProfit" : 9.71,
    "netProfitMargin" : 6.47,
    "netProfit" : 3.09
  }, {
    "date" : "2020-06-30",
    "sales" : 22.66,
    "salesGrowthYoY" : -57.10,
    "grossProfitMargin" : 66.37,
    "grossProfit" : 15.04,
    "operatingProfitMargin" : 18.31,
    "operatingProfit" : 4.15,
    "netProfitMargin" : 6.66,
    "netProfit" : 1.51
  }, {
    "date" : "2020-09-30",
    "sales" : 48.45,
    "salesGrowthYoY" : -13.42,
    "grossProfitMargin" : 73.64,
    "grossProfit" : 35.68,
    "operatingProfitMargin" : 25.06,
    "operatingProfit" : 12.14,
    "netProfitMargin" : 11.48,
    "netProfit" : 5.56
  }, {
    "date" : "2020-12-31",
    "sales" : 65.24,
    "salesGrowthYoY" : 16.90,
    "grossProfitMargin" : 65.71,
    "grossProfit" : 42.87,
    "operatingProfitMargin" : 26.66,
    "operatingProfit" : 17.39,
    "netProfitMargin" : 13.92,
    "netProfit" : 9.08
  }, {
    "date" : "2021-03-31",
    "sales" : 67.26,
    "salesGrowthYoY" : 40.89,
    "grossProfitMargin" : 72.88,
    "grossProfit" : 49.02,
    "operatingProfitMargin" : 25.60,
    "operatingProfit" : 17.22,
    "netProfitMargin" : 10.76,
    "netProfit" : 7.24
  }, {
    "date" : "2021-06-30",
    "sales" : 57.17,
    "salesGrowthYoY" : 152.29,
    "grossProfitMargin" : 67.54,
    "grossProfit" : 38.61,
    "operatingProfitMargin" : 22.65,
    "operatingProfit" : 12.95,
    "netProfitMargin" : 8.83,
    "netProfit" : 5.05
  }, {
    "date" : "2021-09-30",
    "sales" : 69.01,
    "salesGrowthYoY" : 42.44,
    "grossProfitMargin" : 65.38,
    "grossProfit" : 45.12,
    "operatingProfitMargin" : 22.23,
    "operatingProfit" : 15.34,
    "netProfitMargin" : 9.48,
    "netProfit" : 6.54
  }, {
    "date" : "2021-12-31",
    "sales" : 74.82,
    "salesGrowthYoY" : 14.68,
    "grossProfitMargin" : 67.12,
    "grossProfit" : 50.22,
    "operatingProfitMargin" : 21.50,
    "operatingProfit" : 16.09,
    "netProfitMargin" : 10.06,
    "netProfit" : 7.53
  }, {
    "date" : "2022-03-31",
    "sales" : 70.21,
    "salesGrowthYoY" : 4.39,
    "grossProfitMargin" : 67.36,
    "grossProfit" : 47.29,
    "operatingProfitMargin" : 18.23,
    "operatingProfit" : 12.80,
    "netProfitMargin" : 6.89,
    "netProfit" : 4.84
  }, {
    "date" : "2022-06-30",
    "sales" : 78.23,
    "salesGrowthYoY" : 36.84,
    "grossProfitMargin" : 65.24,
    "grossProfit" : 51.04,
    "operatingProfitMargin" : 19.25,
    "operatingProfit" : 15.06,
    "netProfitMargin" : 7.73,
    "netProfit" : 6.05
  }, {
    "date" : "2022-09-30",
    "sales" : 87.68,
    "salesGrowthYoY" : 27.05,
    "grossProfitMargin" : 69.73,
    "grossProfit" : 61.14,
    "operatingProfitMargin" : 23.18,
    "operatingProfit" : 20.32,
    "netProfitMargin" : 11.25,
    "netProfit" : 9.86
  }, {
    "date" : "2022-12-31",
    "sales" : 96.88,
    "salesGrowthYoY" : 29.48,
    "grossProfitMargin" : 71.81,
    "grossProfit" : 69.57,
    "operatingProfitMargin" : 24.18,
    "operatingProfit" : 23.43,
    "netProfitMargin" : 12.39,
    "netProfit" : 12.00
  }, {
    "date" : "2023-03-31",
    "sales" : 95.43,
    "salesGrowthYoY" : 35.92,
    "grossProfitMargin" : 70.18,
    "grossProfit" : 66.97,
    "operatingProfitMargin" : 23.82,
    "operatingProfit" : 22.73,
    "netProfitMargin" : 10.00,
    "netProfit" : 9.54
  }, {
    "date" : "2023-06-30",
    "sales" : 88.44,
    "salesGrowthYoY" : 13.05,
    "grossProfitMargin" : 74.58,
    "grossProfit" : 65.96,
    "operatingProfitMargin" : 24.89,
    "operatingProfit" : 22.01,
    "netProfitMargin" : 9.93,
    "netProfit" : 8.78
  }, {
    "date" : "2023-09-30",
    "sales" : 101.56,
    "salesGrowthYoY" : 15.83,
    "grossProfitMargin" : 69.72,
    "grossProfit" : 70.81,
    "operatingProfitMargin" : 23.25,
    "operatingProfit" : 23.61,
    "netProfitMargin" : 10.04,
    "netProfit" : 10.20
  }, {
    "date" : "2023-12-31",
    "sales" : 113.43,
    "salesGrowthYoY" : 17.08,
    "grossProfitMargin" : 69.66,
    "grossProfit" : 79.02,
    "operatingProfitMargin" : 23.95,
    "operatingProfit" : 27.17,
    "netProfitMargin" : 10.94,
    "netProfit" : 12.41
  }, {
    "date" : "2024-03-31",
    "sales" : 113.86,
    "salesGrowthYoY" : 19.31,
    "grossProfitMargin" : 69.44,
    "grossProfit" : 79.06,
    "operatingProfitMargin" : 20.54,
    "operatingProfit" : 23.39,
    "netProfitMargin" : 7.40,
    "netProfit" : 8.43
  }, {
    "date" : "2024-06-30",
    "sales" : 105.28,
    "salesGrowthYoY" : 19.04,
    "grossProfitMargin" : 71.51,
    "grossProfit" : 75.29,
    "operatingProfitMargin" : 20.73,
    "operatingProfit" : 21.82,
    "netProfitMargin" : 5.95,
    "netProfit" : 6.26
  }, {
    "date" : "2024-09-30",
    "sales" : 101.51,
    "salesGrowthYoY" : -0.05,
    "grossProfitMargin" : 70.66,
    "grossProfit" : 71.73,
    "operatingProfitMargin" : 17.79,
    "operatingProfit" : 18.06,
    "netProfitMargin" : 4.92,
    "netProfit" : 4.99
  }, {
    "date" : "2024-12-31",
    "sales" : 109.49,
    "salesGrowthYoY" : -3.47,
    "grossProfitMargin" : 68.99,
    "grossProfit" : 75.54,
    "operatingProfitMargin" : 22.67,
    "operatingProfit" : 24.82,
    "netProfitMargin" : 7.01,
    "netProfit" : 7.68
  }, {
    "date" : "2025-03-31",
    "sales" : 101.09,
    "salesGrowthYoY" : -11.22,
    "grossProfitMargin" : 70.53,
    "grossProfit" : 71.30,
    "operatingProfitMargin" : 18.90,
    "operatingProfit" : 19.11,
    "netProfitMargin" : 6.60,
    "netProfit" : 6.67
  }, {
    "date" : "2025-06-30",
    "sales" : 99.91,
    "salesGrowthYoY" : -5.10,
    "grossProfitMargin" : 72.53,
    "grossProfit" : 72.46,
    "operatingProfitMargin" : 18.78,
    "operatingProfit" : 18.76,
    "netProfitMargin" : 8.30,
    "netProfit" : 8.29
  }, {
    "date" : "2025-09-30",
    "sales" : 117.28,
    "salesGrowthYoY" : 15.54,
    "grossProfitMargin" : 73.69,
    "grossProfit" : 86.42,
    "operatingProfitMargin" : 20.66,
    "operatingProfit" : 24.23,
    "netProfitMargin" : 10.25,
    "netProfit" : 12.02
  } ],
  "latestQuarterlyResult" : {
    "date" : "2025-09-30",
    "sales" : 117.28,
    "salesGrowthYoY" : 15.54,
    "grossProfitMargin" : 73.69,
    "grossProfit" : 86.42,
    "operatingProfitMargin" : 20.66,
    "operatingProfit" : 24.23,
    "netProfitMargin" : 10.25,
    "netProfit" : 12.02
  },
  "companyScore" : {
    "priceHigherThanDma50" : 0.00,
    "priceHigherThanDma100" : 5.00,
    "priceHigherThanDma200" : 5.00,
    "dma50HigherThanDma100" : 5.00,
    "dma50HigherThanDma200" : 5.00,
    "dma100HigherThanDma200" : 5.00,
    "pricePercentageAboveDma50" : 5.03,
    "pricePercentageAboveDma100" : 4.88,
    "pricePercentageAboveDma200" : 4.63,
    "weeklyVolumeHigherThanYearlyVolume" : 0.00,
    "salesGrowthPercentile" : 9.37,
    "operatingProfitMarginPercentile" : 16.14,
    "netProfitMarginPercentile" : 9.04,
    "totalTechnicalScore" : 39.55,
    "totalFundamentalScore" : 34.55,
    "totalScore" : 74.09
  }
}