{
  "metadata" : {
    "screenerCompanyId" : "2650",
    "companyCode" : "RALLIS",
    "companyName" : "Rallis India",
    "screenerCompanyLink" : "https://www.screener.in/company/RALLIS/",
    "screenerTechnicalHistoryLink" : "https://www.screener.in/api/company/2650/chart/?q=Price-DMA50-DMA200-Volume&days=365",
    "screenerQuarterlyResultsLink" : "https://www.screener.in/api/company/2650/chart/?q=GPM-OPM-NPM-Quarter+Sales&days=10000",
    "attributes" : {
      "companyCode" : "RALLIS",
      "companyName" : "Rallis India",
      "marketCap" : 5131.00,
      "peRatio" : 27.90,
      "description" : "Rallis India, a Tata Group company Group Co., has a history of over 150 years. The company is into manufacturing of Agrochemicals and is present across the value chain of agriculture inputs - from seeds to organic plant growth nutrients. Rallis is also in the business of contract manufacturing for global corporations. [1]"
    },
    "companyScore" : {
      "priceHigherThanDma50" : 0.00,
      "priceHigherThanDma100" : 0.00,
      "priceHigherThanDma200" : 0.00,
      "dma50HigherThanDma100" : 0.00,
      "dma50HigherThanDma200" : 0.00,
      "dma100HigherThanDma200" : 0.00,
      "pricePercentageAboveDma50" : 5.06,
      "pricePercentageAboveDma100" : 5.12,
      "pricePercentageAboveDma200" : 5.34,
      "weeklyVolumeHigherThanYearlyVolume" : 0.00,
      "salesGrowthPercentile" : 16.50,
      "operatingProfitMarginPercentile" : 11.63,
      "netProfitMarginPercentile" : 5.85,
      "totalTechnicalScore" : 15.52,
      "totalFundamentalScore" : 33.98,
      "totalScore" : 49.50
    }
  },
  "attributes" : {
    "companyCode" : "RALLIS",
    "companyName" : "Rallis India",
    "marketCap" : 5131.00,
    "peRatio" : 27.90,
    "description" : "Rallis India, a Tata Group company Group Co., has a history of over 150 years. The company is into manufacturing of Agrochemicals and is present across the value chain of agriculture inputs - from seeds to organic plant growth nutrients. Rallis is also in the business of contract manufacturing for global corporations. [1]"
  },
  "technicalHistory" : [ {
    "date" : "2025-02-14",
    "price" : 216.30,
    "dma50" : 267.28,
    "dma100" : null,
    "dma200" : 292.76,
    "volume" : 406629.00
  }, {
    "date" : "2025-02-17",
    "price" : 212.85,
    "dma50" : 265.14,
    "dma100" : null,
    "dma200" : 291.97,
    "volume" : 475285.00
  }, {
    "date" : "2025-02-18",
    "price" : 209.72,
    "dma50" : 262.97,
    "dma100" : null,
    "dma200" : 291.15,
    "volume" : 363538.00
  }, {
    "date" : "2025-02-19",
    "price" : 209.23,
    "dma50" : 260.86,
    "dma100" : null,
    "dma200" : 290.34,
    "volume" : 335450.00
  }, {
    "date" : "2025-02-20",
    "price" : 209.68,
    "dma50" : 258.86,
    "dma100" : null,
    "dma200" : 289.53,
    "volume" : 323268.00
  }, {
    "date" : "2025-02-21",
    "price" : 218.20,
    "dma50" : 257.26,
    "dma100" : null,
    "dma200" : 288.82,
    "volume" : 511553.00
  }, {
    "date" : "2025-02-24",
    "price" : 220.24,
    "dma50" : 255.81,
    "dma100" : null,
    "dma200" : 288.14,
    "volume" : 420246.00
  }, {
    "date" : "2025-02-25",
    "price" : 223.63,
    "dma50" : 254.55,
    "dma100" : null,
    "dma200" : 287.50,
    "volume" : 362128.00
  }, {
    "date" : "2025-02-27",
    "price" : 217.87,
    "dma50" : 253.11,
    "dma100" : null,
    "dma200" : 286.81,
    "volume" : 289917.00
  }, {
    "date" : "2025-02-28",
    "price" : 209.70,
    "dma50" : 251.41,
    "dma100" : null,
    "dma200" : 286.04,
    "volume" : 397225.00
  }, {
    "date" : "2025-03-03",
    "price" : 202.11,
    "dma50" : 249.47,
    "dma100" : null,
    "dma200" : 285.20,
    "volume" : 533768.00
  }, {
    "date" : "2025-03-04",
    "price" : 212.28,
    "dma50" : 248.02,
    "dma100" : null,
    "dma200" : 284.48,
    "volume" : 483012.00
  }, {
    "date" : "2025-03-05",
    "price" : 216.92,
    "dma50" : 246.80,
    "dma100" : null,
    "dma200" : 283.81,
    "volume" : 301808.00
  }, {
    "date" : "2025-03-06",
    "price" : 217.95,
    "dma50" : 245.66,
    "dma100" : null,
    "dma200" : 283.15,
    "volume" : 428743.00
  }, {
    "date" : "2025-03-07",
    "price" : 222.06,
    "dma50" : 244.74,
    "dma100" : null,
    "dma200" : 282.54,
    "volume" : 462677.00
  }, {
    "date" : "2025-03-10",
    "price" : 214.13,
    "dma50" : 243.54,
    "dma100" : null,
    "dma200" : 281.86,
    "volume" : 318155.00
  }, {
    "date" : "2025-03-11",
    "price" : 216.54,
    "dma50" : 242.48,
    "dma100" : null,
    "dma200" : 281.21,
    "volume" : 280877.00
  }, {
    "date" : "2025-03-12",
    "price" : 211.93,
    "dma50" : 241.28,
    "dma100" : null,
    "dma200" : 280.52,
    "volume" : 246922.00
  }, {
    "date" : "2025-03-13",
    "price" : 207.44,
    "dma50" : 239.95,
    "dma100" : null,
    "dma200" : 279.80,
    "volume" : 343828.00
  }, {
    "date" : "2025-03-17",
    "price" : 204.76,
    "dma50" : 238.57,
    "dma100" : null,
    "dma200" : 279.05,
    "volume" : 291222.00
  }, {
    "date" : "2025-03-18",
    "price" : 212.27,
    "dma50" : 237.54,
    "dma100" : null,
    "dma200" : 278.38,
    "volume" : 368201.00
  }, {
    "date" : "2025-03-19",
    "price" : 215.13,
    "dma50" : 236.66,
    "dma100" : null,
    "dma200" : 277.76,
    "volume" : 356428.00
  }, {
    "date" : "2025-03-20",
    "price" : 219.31,
    "dma50" : 235.98,
    "dma100" : null,
    "dma200" : 277.17,
    "volume" : 408132.00
  }, {
    "date" : "2025-03-21",
    "price" : 224.93,
    "dma50" : 235.55,
    "dma100" : null,
    "dma200" : 276.65,
    "volume" : 317560.00
  }, {
    "date" : "2025-03-24",
    "price" : 230.56,
    "dma50" : 235.35,
    "dma100" : null,
    "dma200" : 276.20,
    "volume" : 392036.00
  }, {
    "date" : "2025-03-25",
    "price" : 229.64,
    "dma50" : 235.13,
    "dma100" : null,
    "dma200" : 275.73,
    "volume" : 1050074.00
  }, {
    "date" : "2025-03-26",
    "price" : 224.41,
    "dma50" : 234.71,
    "dma100" : null,
    "dma200" : 275.22,
    "volume" : 461386.00
  }, {
    "date" : "2025-03-27",
    "price" : 219.21,
    "dma50" : 234.10,
    "dma100" : null,
    "dma200" : 274.66,
    "volume" : 399152.00
  }, {
    "date" : "2025-03-28",
    "price" : 214.28,
    "dma50" : 233.32,
    "dma100" : null,
    "dma200" : 274.06,
    "volume" : 371286.00
  }, {
    "date" : "2025-04-01",
    "price" : 221.44,
    "dma50" : 232.86,
    "dma100" : null,
    "dma200" : 273.54,
    "volume" : 208012.00
  }, {
    "date" : "2025-04-02",
    "price" : 223.13,
    "dma50" : 232.48,
    "dma100" : null,
    "dma200" : 273.04,
    "volume" : 198581.00
  }, {
    "date" : "2025-04-03",
    "price" : 218.99,
    "dma50" : 231.95,
    "dma100" : null,
    "dma200" : 272.50,
    "volume" : 570032.00
  }, {
    "date" : "2025-04-04",
    "price" : 213.03,
    "dma50" : 231.21,
    "dma100" : null,
    "dma200" : 271.91,
    "volume" : 444073.00
  }, {
    "date" : "2025-04-07",
    "price" : 202.06,
    "dma50" : 230.06,
    "dma100" : null,
    "dma200" : 271.21,
    "volume" : 410907.00
  }, {
    "date" : "2025-04-08",
    "price" : 206.43,
    "dma50" : 229.14,
    "dma100" : null,
    "dma200" : 270.57,
    "volume" : 207314.00
  }, {
    "date" : "2025-04-09",
    "price" : 208.58,
    "dma50" : 228.33,
    "dma100" : null,
    "dma200" : 269.95,
    "volume" : 230322.00
  }, {
    "date" : "2025-04-11",
    "price" : 218.04,
    "dma50" : 227.93,
    "dma100" : null,
    "dma200" : 269.44,
    "volume" : 855271.00
  }, {
    "date" : "2025-04-15",
    "price" : 226.90,
    "dma50" : 227.89,
    "dma100" : null,
    "dma200" : 269.01,
    "volume" : 317704.00
  }, {
    "date" : "2025-04-16",
    "price" : 225.44,
    "dma50" : 227.79,
    "dma100" : null,
    "dma200" : 268.58,
    "volume" : 427801.00
  }, {
    "date" : "2025-04-17",
    "price" : 238.37,
    "dma50" : 228.21,
    "dma100" : null,
    "dma200" : 268.28,
    "volume" : 1384859.00
  }, {
    "date" : "2025-04-21",
    "price" : 236.97,
    "dma50" : 228.55,
    "dma100" : null,
    "dma200" : 267.97,
    "volume" : 319432.00
  }, {
    "date" : "2025-04-22",
    "price" : 245.19,
    "dma50" : 229.20,
    "dma100" : null,
    "dma200" : 267.74,
    "volume" : 843944.00
  }, {
    "date" : "2025-04-23",
    "price" : 253.89,
    "dma50" : 230.17,
    "dma100" : null,
    "dma200" : 267.60,
    "volume" : 1059827.00
  }, {
    "date" : "2025-04-24",
    "price" : 242.78,
    "dma50" : 230.66,
    "dma100" : null,
    "dma200" : 267.36,
    "volume" : 2351129.00
  }, {
    "date" : "2025-04-25",
    "price" : 237.75,
    "dma50" : 230.94,
    "dma100" : null,
    "dma200" : 267.06,
    "volume" : 489958.00
  }, {
    "date" : "2025-04-28",
    "price" : 235.19,
    "dma50" : 231.11,
    "dma100" : null,
    "dma200" : 266.74,
    "volume" : 424847.00
  }, {
    "date" : "2025-04-29",
    "price" : 237.85,
    "dma50" : 231.37,
    "dma100" : null,
    "dma200" : 266.46,
    "volume" : 294555.00
  }, {
    "date" : "2025-04-30",
    "price" : 235.26,
    "dma50" : 231.53,
    "dma100" : null,
    "dma200" : 266.15,
    "volume" : 443375.00
  }, {
    "date" : "2025-05-02",
    "price" : 234.44,
    "dma50" : 231.64,
    "dma100" : null,
    "dma200" : 265.83,
    "volume" : 433824.00
  }, {
    "date" : "2025-05-05",
    "price" : 242.09,
    "dma50" : 232.05,
    "dma100" : null,
    "dma200" : 265.59,
    "volume" : 285230.00
  }, {
    "date" : "2025-05-06",
    "price" : 235.09,
    "dma50" : 232.17,
    "dma100" : null,
    "dma200" : 265.29,
    "volume" : 282753.00
  }, {
    "date" : "2025-05-07",
    "price" : 240.23,
    "dma50" : 232.49,
    "dma100" : null,
    "dma200" : 265.04,
    "volume" : 278125.00
  }, {
    "date" : "2025-05-08",
    "price" : 234.93,
    "dma50" : 232.58,
    "dma100" : null,
    "dma200" : 264.74,
    "volume" : 278636.00
  }, {
    "date" : "2025-05-09",
    "price" : 235.76,
    "dma50" : 232.71,
    "dma100" : null,
    "dma200" : 264.45,
    "volume" : 245189.00
  }, {
    "date" : "2025-05-12",
    "price" : 241.65,
    "dma50" : 233.06,
    "dma100" : null,
    "dma200" : 264.23,
    "volume" : 213394.00
  }, {
    "date" : "2025-05-13",
    "price" : 259.29,
    "dma50" : 234.09,
    "dma100" : null,
    "dma200" : 264.18,
    "volume" : 2503493.00
  }, {
    "date" : "2025-05-14",
    "price" : 292.25,
    "dma50" : 236.37,
    "dma100" : null,
    "dma200" : 264.46,
    "volume" : 1740219.00
  }, {
    "date" : "2025-05-15",
    "price" : 286.56,
    "dma50" : 238.33,
    "dma100" : null,
    "dma200" : 264.68,
    "volume" : 1299715.00
  }, {
    "date" : "2025-05-16",
    "price" : 291.10,
    "dma50" : 240.40,
    "dma100" : null,
    "dma200" : 264.94,
    "volume" : 509593.00
  }, {
    "date" : "2025-05-19",
    "price" : 298.70,
    "dma50" : 242.69,
    "dma100" : null,
    "dma200" : 265.28,
    "volume" : 789191.00
  }, {
    "date" : "2025-05-20",
    "price" : 293.79,
    "dma50" : 244.69,
    "dma100" : null,
    "dma200" : 265.56,
    "volume" : 327724.00
  }, {
    "date" : "2025-05-21",
    "price" : 280.76,
    "dma50" : 246.11,
    "dma100" : null,
    "dma200" : 265.71,
    "volume" : 645041.00
  }, {
    "date" : "2025-05-22",
    "price" : 281.50,
    "dma50" : 247.50,
    "dma100" : null,
    "dma200" : 265.87,
    "volume" : 256302.00
  }, {
    "date" : "2025-05-23",
    "price" : 277.96,
    "dma50" : 248.69,
    "dma100" : null,
    "dma200" : 265.99,
    "volume" : 315702.00
  }, {
    "date" : "2025-05-26",
    "price" : 281.72,
    "dma50" : 249.99,
    "dma100" : null,
    "dma200" : 266.14,
    "volume" : 619685.00
  }, {
    "date" : "2025-05-27",
    "price" : 285.30,
    "dma50" : 251.37,
    "dma100" : null,
    "dma200" : 266.33,
    "volume" : 353860.00
  }, {
    "date" : "2025-05-28",
    "price" : 285.81,
    "dma50" : 252.72,
    "dma100" : null,
    "dma200" : 266.53,
    "volume" : 326337.00
  }, {
    "date" : "2025-05-29",
    "price" : 287.01,
    "dma50" : 254.07,
    "dma100" : null,
    "dma200" : 266.73,
    "volume" : 186811.00
  }, {
    "date" : "2025-05-30",
    "price" : 320.06,
    "dma50" : 256.65,
    "dma100" : null,
    "dma200" : 267.26,
    "volume" : 7707963.00
  }, {
    "date" : "2025-06-02",
    "price" : 315.00,
    "dma50" : 258.94,
    "dma100" : null,
    "dma200" : 267.74,
    "volume" : 854276.00
  }, {
    "date" : "2025-06-03",
    "price" : 315.50,
    "dma50" : 261.16,
    "dma100" : null,
    "dma200" : 268.21,
    "volume" : 802237.00
  }, {
    "date" : "2025-06-04",
    "price" : 321.95,
    "dma50" : 263.54,
    "dma100" : null,
    "dma200" : 268.75,
    "volume" : 960386.00
  }, {
    "date" : "2025-06-05",
    "price" : 317.85,
    "dma50" : 265.67,
    "dma100" : null,
    "dma200" : 269.24,
    "volume" : 420900.00
  }, {
    "date" : "2025-06-06",
    "price" : 316.90,
    "dma50" : 267.68,
    "dma100" : null,
    "dma200" : 269.71,
    "volume" : 279956.00
  }, {
    "date" : "2025-06-09",
    "price" : 322.00,
    "dma50" : 269.81,
    "dma100" : null,
    "dma200" : 270.23,
    "volume" : 460597.00
  }, {
    "date" : "2025-06-10",
    "price" : 317.75,
    "dma50" : 271.69,
    "dma100" : null,
    "dma200" : 270.70,
    "volume" : 261601.00
  }, {
    "date" : "2025-06-11",
    "price" : 319.80,
    "dma50" : 273.58,
    "dma100" : null,
    "dma200" : 271.19,
    "volume" : 1450488.00
  }, {
    "date" : "2025-06-12",
    "price" : 307.80,
    "dma50" : 274.92,
    "dma100" : null,
    "dma200" : 271.56,
    "volume" : 388458.00
  }, {
    "date" : "2025-06-13",
    "price" : 312.15,
    "dma50" : 276.38,
    "dma100" : null,
    "dma200" : 271.96,
    "volume" : 681778.00
  }, {
    "date" : "2025-06-16",
    "price" : 318.25,
    "dma50" : 278.02,
    "dma100" : null,
    "dma200" : 272.42,
    "volume" : 347422.00
  }, {
    "date" : "2025-06-17",
    "price" : 313.55,
    "dma50" : 279.42,
    "dma100" : null,
    "dma200" : 272.83,
    "volume" : 250140.00
  }, {
    "date" : "2025-06-18",
    "price" : 315.65,
    "dma50" : 280.84,
    "dma100" : null,
    "dma200" : 273.26,
    "volume" : 685825.00
  }, {
    "date" : "2025-06-19",
    "price" : 312.00,
    "dma50" : 282.06,
    "dma100" : null,
    "dma200" : 273.64,
    "volume" : 261509.00
  }, {
    "date" : "2025-06-20",
    "price" : 310.00,
    "dma50" : 283.15,
    "dma100" : null,
    "dma200" : 274.00,
    "volume" : 542301.00
  }, {
    "date" : "2025-06-23",
    "price" : 308.05,
    "dma50" : 284.13,
    "dma100" : null,
    "dma200" : 274.34,
    "volume" : 484735.00
  }, {
    "date" : "2025-06-24",
    "price" : 305.20,
    "dma50" : 284.96,
    "dma100" : null,
    "dma200" : 274.65,
    "volume" : 422269.00
  }, {
    "date" : "2025-06-25",
    "price" : 319.65,
    "dma50" : 286.32,
    "dma100" : null,
    "dma200" : 275.10,
    "volume" : 691076.00
  }, {
    "date" : "2025-06-26",
    "price" : 328.35,
    "dma50" : 287.97,
    "dma100" : null,
    "dma200" : 275.63,
    "volume" : 1064822.00
  }, {
    "date" : "2025-06-27",
    "price" : 325.65,
    "dma50" : 289.44,
    "dma100" : null,
    "dma200" : 276.12,
    "volume" : 344590.00
  }, {
    "date" : "2025-06-30",
    "price" : 323.95,
    "dma50" : 290.80,
    "dma100" : null,
    "dma200" : 276.60,
    "volume" : 678505.00
  }, {
    "date" : "2025-07-01",
    "price" : 326.45,
    "dma50" : 292.20,
    "dma100" : null,
    "dma200" : 277.10,
    "volume" : 184489.00
  }, {
    "date" : "2025-07-02",
    "price" : 320.45,
    "dma50" : 293.30,
    "dma100" : null,
    "dma200" : 277.53,
    "volume" : 547967.00
  }, {
    "date" : "2025-07-03",
    "price" : 318.80,
    "dma50" : 294.30,
    "dma100" : null,
    "dma200" : 277.94,
    "volume" : 307464.00
  }, {
    "date" : "2025-07-04",
    "price" : 320.05,
    "dma50" : 295.31,
    "dma100" : null,
    "dma200" : 278.36,
    "volume" : 174914.00
  }, {
    "date" : "2025-07-07",
    "price" : 315.80,
    "dma50" : 296.12,
    "dma100" : null,
    "dma200" : 278.73,
    "volume" : 159346.00
  }, {
    "date" : "2025-07-08",
    "price" : 315.75,
    "dma50" : 296.89,
    "dma100" : null,
    "dma200" : 279.10,
    "volume" : 162711.00
  }, {
    "date" : "2025-07-09",
    "price" : 315.65,
    "dma50" : 297.62,
    "dma100" : null,
    "dma200" : 279.46,
    "volume" : 202733.00
  }, {
    "date" : "2025-07-10",
    "price" : 330.65,
    "dma50" : 298.92,
    "dma100" : null,
    "dma200" : 279.97,
    "volume" : 1385920.00
  }, {
    "date" : "2025-07-11",
    "price" : 343.55,
    "dma50" : 300.67,
    "dma100" : null,
    "dma200" : 280.60,
    "volume" : 1819487.00
  }, {
    "date" : "2025-07-14",
    "price" : 354.00,
    "dma50" : 302.76,
    "dma100" : null,
    "dma200" : 281.33,
    "volume" : 5182103.00
  }, {
    "date" : "2025-07-15",
    "price" : 353.20,
    "dma50" : 304.74,
    "dma100" : 263.22,
    "dma200" : 282.05,
    "volume" : 30886392.00
  }, {
    "date" : "2025-07-16",
    "price" : 351.50,
    "dma50" : 306.57,
    "dma100" : 264.60,
    "dma200" : 282.74,
    "volume" : 2622450.00
  }, {
    "date" : "2025-07-17",
    "price" : 352.70,
    "dma50" : 308.38,
    "dma100" : 266.03,
    "dma200" : 283.44,
    "volume" : 1757767.00
  }, {
    "date" : "2025-07-18",
    "price" : 362.05,
    "dma50" : 310.48,
    "dma100" : 267.56,
    "dma200" : 284.22,
    "volume" : 2625760.00
  }, {
    "date" : "2025-07-21",
    "price" : 362.45,
    "dma50" : 312.52,
    "dma100" : 269.09,
    "dma200" : 285.00,
    "volume" : 1664068.00
  }, {
    "date" : "2025-07-22",
    "price" : 362.60,
    "dma50" : 314.49,
    "dma100" : 270.53,
    "dma200" : 285.77,
    "volume" : 865449.00
  }, {
    "date" : "2025-07-23",
    "price" : 357.05,
    "dma50" : 316.16,
    "dma100" : 271.90,
    "dma200" : 286.48,
    "volume" : 1551807.00
  }, {
    "date" : "2025-07-24",
    "price" : 367.15,
    "dma50" : 318.16,
    "dma100" : 273.34,
    "dma200" : 287.28,
    "volume" : 1767004.00
  }, {
    "date" : "2025-07-25",
    "price" : 357.40,
    "dma50" : 319.69,
    "dma100" : 274.73,
    "dma200" : 287.98,
    "volume" : 658491.00
  }, {
    "date" : "2025-07-28",
    "price" : 362.00,
    "dma50" : 321.35,
    "dma100" : 276.25,
    "dma200" : 288.72,
    "volume" : 992282.00
  }, {
    "date" : "2025-07-29",
    "price" : 380.20,
    "dma50" : 323.66,
    "dma100" : 278.03,
    "dma200" : 289.63,
    "volume" : 5031038.00
  }, {
    "date" : "2025-07-30",
    "price" : 379.75,
    "dma50" : 325.86,
    "dma100" : 279.71,
    "dma200" : 290.52,
    "volume" : 2313894.00
  }, {
    "date" : "2025-07-31",
    "price" : 376.45,
    "dma50" : 327.84,
    "dma100" : 281.30,
    "dma200" : 291.38,
    "volume" : 1053595.00
  }, {
    "date" : "2025-08-01",
    "price" : 367.15,
    "dma50" : 329.39,
    "dma100" : 282.80,
    "dma200" : 292.13,
    "volume" : 1718802.00
  }, {
    "date" : "2025-08-04",
    "price" : 380.85,
    "dma50" : 331.40,
    "dma100" : 284.38,
    "dma200" : 293.01,
    "volume" : 996700.00
  }, {
    "date" : "2025-08-05",
    "price" : 375.35,
    "dma50" : 333.13,
    "dma100" : 286.00,
    "dma200" : 293.83,
    "volume" : 913698.00
  }, {
    "date" : "2025-08-06",
    "price" : 372.85,
    "dma50" : 334.69,
    "dma100" : 287.56,
    "dma200" : 294.62,
    "volume" : 677169.00
  }, {
    "date" : "2025-08-07",
    "price" : 365.90,
    "dma50" : 335.91,
    "dma100" : 289.10,
    "dma200" : 295.33,
    "volume" : 1100433.00
  }, {
    "date" : "2025-08-08",
    "price" : 357.80,
    "dma50" : 336.77,
    "dma100" : 290.60,
    "dma200" : 295.95,
    "volume" : 518744.00
  }, {
    "date" : "2025-08-11",
    "price" : 360.00,
    "dma50" : 337.68,
    "dma100" : 292.16,
    "dma200" : 296.59,
    "volume" : 468152.00
  }, {
    "date" : "2025-08-12",
    "price" : 370.75,
    "dma50" : 338.98,
    "dma100" : 293.74,
    "dma200" : 297.33,
    "volume" : 736133.00
  }, {
    "date" : "2025-08-13",
    "price" : 379.90,
    "dma50" : 340.58,
    "dma100" : 295.39,
    "dma200" : 298.15,
    "volume" : 1020028.00
  }, {
    "date" : "2025-08-14",
    "price" : 379.45,
    "dma50" : 342.10,
    "dma100" : 296.99,
    "dma200" : 298.96,
    "volume" : 905064.00
  }, {
    "date" : "2025-08-18",
    "price" : 379.25,
    "dma50" : 343.56,
    "dma100" : 298.53,
    "dma200" : 299.76,
    "volume" : 491883.00
  }, {
    "date" : "2025-08-19",
    "price" : 374.85,
    "dma50" : 344.79,
    "dma100" : 299.98,
    "dma200" : 300.50,
    "volume" : 404901.00
  }, {
    "date" : "2025-08-20",
    "price" : 375.45,
    "dma50" : 345.99,
    "dma100" : 301.43,
    "dma200" : 301.25,
    "volume" : 335706.00
  }, {
    "date" : "2025-08-21",
    "price" : 366.85,
    "dma50" : 346.81,
    "dma100" : 302.86,
    "dma200" : 301.90,
    "volume" : 766197.00
  }, {
    "date" : "2025-08-22",
    "price" : 378.05,
    "dma50" : 348.03,
    "dma100" : 304.45,
    "dma200" : 302.66,
    "volume" : 1111350.00
  }, {
    "date" : "2025-08-25",
    "price" : 381.05,
    "dma50" : 349.33,
    "dma100" : 306.11,
    "dma200" : 303.44,
    "volume" : 1001258.00
  }, {
    "date" : "2025-08-26",
    "price" : 366.25,
    "dma50" : 349.99,
    "dma100" : 307.56,
    "dma200" : 304.06,
    "volume" : 1029169.00
  }, {
    "date" : "2025-08-28",
    "price" : 341.50,
    "dma50" : 349.66,
    "dma100" : 308.75,
    "dma200" : 304.44,
    "volume" : 1144932.00
  }, {
    "date" : "2025-08-29",
    "price" : 348.30,
    "dma50" : 349.61,
    "dma100" : 310.04,
    "dma200" : 304.87,
    "volume" : 470170.00
  }, {
    "date" : "2025-09-01",
    "price" : 353.80,
    "dma50" : 349.77,
    "dma100" : 311.45,
    "dma200" : 305.36,
    "volume" : 385630.00
  }, {
    "date" : "2025-09-02",
    "price" : 357.20,
    "dma50" : 350.06,
    "dma100" : 313.00,
    "dma200" : 305.88,
    "volume" : 389296.00
  }, {
    "date" : "2025-09-03",
    "price" : 363.35,
    "dma50" : 350.58,
    "dma100" : 314.57,
    "dma200" : 306.45,
    "volume" : 551007.00
  }, {
    "date" : "2025-09-04",
    "price" : 361.30,
    "dma50" : 351.00,
    "dma100" : 316.09,
    "dma200" : 306.99,
    "volume" : 428512.00
  }, {
    "date" : "2025-09-05",
    "price" : 357.20,
    "dma50" : 351.25,
    "dma100" : 317.49,
    "dma200" : 307.49,
    "volume" : 419576.00
  }, {
    "date" : "2025-09-08",
    "price" : 361.50,
    "dma50" : 351.65,
    "dma100" : 318.83,
    "dma200" : 308.03,
    "volume" : 410690.00
  }, {
    "date" : "2025-09-09",
    "price" : 346.90,
    "dma50" : 351.46,
    "dma100" : 320.05,
    "dma200" : 308.42,
    "volume" : 531321.00
  }, {
    "date" : "2025-09-10",
    "price" : 340.65,
    "dma50" : 351.04,
    "dma100" : 321.07,
    "dma200" : 308.74,
    "volume" : 505002.00
  }, {
    "date" : "2025-09-11",
    "price" : 335.00,
    "dma50" : 350.41,
    "dma100" : 322.05,
    "dma200" : 309.00,
    "volume" : 638301.00
  }, {
    "date" : "2025-09-12",
    "price" : 332.55,
    "dma50" : 349.71,
    "dma100" : 322.92,
    "dma200" : 309.23,
    "volume" : 247296.00
  }, {
    "date" : "2025-09-15",
    "price" : 336.50,
    "dma50" : 349.19,
    "dma100" : 323.75,
    "dma200" : 309.50,
    "volume" : 305997.00
  }, {
    "date" : "2025-09-16",
    "price" : 339.25,
    "dma50" : 348.80,
    "dma100" : 324.71,
    "dma200" : 309.80,
    "volume" : 876054.00
  }, {
    "date" : "2025-09-17",
    "price" : 338.10,
    "dma50" : 348.38,
    "dma100" : 325.72,
    "dma200" : 310.08,
    "volume" : 317899.00
  }, {
    "date" : "2025-09-18",
    "price" : 339.75,
    "dma50" : 348.04,
    "dma100" : 326.76,
    "dma200" : 310.38,
    "volume" : 295757.00
  }, {
    "date" : "2025-09-19",
    "price" : 335.70,
    "dma50" : 347.56,
    "dma100" : 327.74,
    "dma200" : 310.63,
    "volume" : 370383.00
  }, {
    "date" : "2025-09-22",
    "price" : 327.35,
    "dma50" : 346.77,
    "dma100" : 328.66,
    "dma200" : 310.80,
    "volume" : 611080.00
  }, {
    "date" : "2025-09-23",
    "price" : 328.55,
    "dma50" : 346.05,
    "dma100" : 329.60,
    "dma200" : 310.97,
    "volume" : 1721428.00
  }, {
    "date" : "2025-09-24",
    "price" : 319.20,
    "dma50" : 345.00,
    "dma100" : 330.38,
    "dma200" : 311.05,
    "volume" : 742314.00
  }, {
    "date" : "2025-09-25",
    "price" : 319.00,
    "dma50" : 343.98,
    "dma100" : 331.21,
    "dma200" : 311.13,
    "volume" : 431719.00
  }, {
    "date" : "2025-09-26",
    "price" : 308.25,
    "dma50" : 342.58,
    "dma100" : 331.89,
    "dma200" : 311.10,
    "volume" : 379378.00
  }, {
    "date" : "2025-09-29",
    "price" : 311.25,
    "dma50" : 341.35,
    "dma100" : 332.66,
    "dma200" : 311.11,
    "volume" : 685501.00
  }, {
    "date" : "2025-09-30",
    "price" : 304.85,
    "dma50" : 339.92,
    "dma100" : 333.35,
    "dma200" : 311.04,
    "volume" : 327077.00
  }, {
    "date" : "2025-10-01",
    "price" : 309.20,
    "dma50" : 338.71,
    "dma100" : 334.02,
    "dma200" : 311.03,
    "volume" : 392141.00
  }, {
    "date" : "2025-10-03",
    "price" : 311.70,
    "dma50" : 337.65,
    "dma100" : 334.55,
    "dma200" : 311.03,
    "volume" : 652330.00
  }, {
    "date" : "2025-10-06",
    "price" : 308.50,
    "dma50" : 336.51,
    "dma100" : 334.71,
    "dma200" : 311.01,
    "volume" : 321765.00
  }, {
    "date" : "2025-10-07",
    "price" : 305.65,
    "dma50" : 335.30,
    "dma100" : 334.90,
    "dma200" : 310.95,
    "volume" : 238600.00
  }, {
    "date" : "2025-10-08",
    "price" : 299.60,
    "dma50" : 333.90,
    "dma100" : 334.99,
    "dma200" : 310.84,
    "volume" : 521908.00
  }, {
    "date" : "2025-10-09",
    "price" : 303.45,
    "dma50" : 332.71,
    "dma100" : 335.03,
    "dma200" : 310.77,
    "volume" : 710926.00
  }, {
    "date" : "2025-10-10",
    "price" : 302.55,
    "dma50" : 331.52,
    "dma100" : 335.12,
    "dma200" : 310.69,
    "volume" : 262703.00
  }, {
    "date" : "2025-10-13",
    "price" : 294.75,
    "dma50" : 330.08,
    "dma100" : 335.26,
    "dma200" : 310.53,
    "volume" : 380580.00
  }, {
    "date" : "2025-10-14",
    "price" : 289.70,
    "dma50" : 328.50,
    "dma100" : 335.34,
    "dma200" : 310.32,
    "volume" : 334302.00
  }, {
    "date" : "2025-10-15",
    "price" : 293.55,
    "dma50" : 327.13,
    "dma100" : 335.50,
    "dma200" : 310.15,
    "volume" : 370702.00
  }, {
    "date" : "2025-10-16",
    "price" : 284.35,
    "dma50" : 325.45,
    "dma100" : 335.53,
    "dma200" : 309.90,
    "volume" : 549589.00
  }, {
    "date" : "2025-10-17",
    "price" : 282.35,
    "dma50" : 323.76,
    "dma100" : 335.50,
    "dma200" : 309.62,
    "volume" : 5174325.00
  }, {
    "date" : "2025-10-20",
    "price" : 288.50,
    "dma50" : 322.38,
    "dma100" : 335.52,
    "dma200" : 309.41,
    "volume" : 1189153.00
  }, {
    "date" : "2025-10-21",
    "price" : 288.80,
    "dma50" : 321.06,
    "dma100" : 335.54,
    "dma200" : 309.21,
    "volume" : 157002.00
  }, {
    "date" : "2025-10-23",
    "price" : 280.45,
    "dma50" : 319.47,
    "dma100" : 335.14,
    "dma200" : 308.92,
    "volume" : 729018.00
  }, {
    "date" : "2025-10-24",
    "price" : 269.45,
    "dma50" : 317.51,
    "dma100" : 334.69,
    "dma200" : 308.53,
    "volume" : 1080762.00
  }, {
    "date" : "2025-10-27",
    "price" : 264.50,
    "dma50" : 315.43,
    "dma100" : 334.18,
    "dma200" : 308.09,
    "volume" : 894899.00
  }, {
    "date" : "2025-10-28",
    "price" : 262.05,
    "dma50" : 313.33,
    "dma100" : 333.58,
    "dma200" : 307.63,
    "volume" : 1247913.00
  }, {
    "date" : "2025-10-29",
    "price" : 270.10,
    "dma50" : 311.64,
    "dma100" : 333.10,
    "dma200" : 307.26,
    "volume" : 1510903.00
  }, {
    "date" : "2025-10-30",
    "price" : 268.35,
    "dma50" : 309.94,
    "dma100" : 332.62,
    "dma200" : 306.87,
    "volume" : 445532.00
  }, {
    "date" : "2025-10-31",
    "price" : 258.40,
    "dma50" : 307.92,
    "dma100" : 331.98,
    "dma200" : 306.39,
    "volume" : 1008427.00
  }, {
    "date" : "2025-11-03",
    "price" : 262.60,
    "dma50" : 306.14,
    "dma100" : 331.43,
    "dma200" : 305.95,
    "volume" : 1391181.00
  }, {
    "date" : "2025-11-04",
    "price" : 261.55,
    "dma50" : 304.39,
    "dma100" : 330.85,
    "dma200" : 305.51,
    "volume" : 544583.00
  }, {
    "date" : "2025-11-06",
    "price" : 248.25,
    "dma50" : 302.19,
    "dma100" : 330.25,
    "dma200" : 304.94,
    "volume" : 1555075.00
  }, {
    "date" : "2025-11-07",
    "price" : 248.05,
    "dma50" : 300.07,
    "dma100" : 329.61,
    "dma200" : 304.38,
    "volume" : 845718.00
  }, {
    "date" : "2025-11-10",
    "price" : 245.15,
    "dma50" : 297.92,
    "dma100" : 328.88,
    "dma200" : 303.79,
    "volume" : 876446.00
  }, {
    "date" : "2025-11-11",
    "price" : 248.00,
    "dma50" : 295.96,
    "dma100" : 328.22,
    "dma200" : 303.23,
    "volume" : 979539.00
  }, {
    "date" : "2025-11-12",
    "price" : 248.35,
    "dma50" : 294.09,
    "dma100" : 327.55,
    "dma200" : 302.69,
    "volume" : 611659.00
  }, {
    "date" : "2025-11-13",
    "price" : 251.80,
    "dma50" : 292.43,
    "dma100" : 326.95,
    "dma200" : 302.18,
    "volume" : 1518623.00
  }, {
    "date" : "2025-11-14",
    "price" : 250.70,
    "dma50" : 290.80,
    "dma100" : 326.36,
    "dma200" : 301.67,
    "volume" : 365353.00
  }, {
    "date" : "2025-11-17",
    "price" : 250.30,
    "dma50" : 289.21,
    "dma100" : 325.78,
    "dma200" : 301.16,
    "volume" : 356572.00
  }, {
    "date" : "2025-11-18",
    "price" : 246.25,
    "dma50" : 287.52,
    "dma100" : 325.19,
    "dma200" : 300.61,
    "volume" : 302022.00
  }, {
    "date" : "2025-11-19",
    "price" : 246.80,
    "dma50" : 285.93,
    "dma100" : 324.46,
    "dma200" : 300.07,
    "volume" : 418576.00
  }, {
    "date" : "2025-11-20",
    "price" : 250.30,
    "dma50" : 284.53,
    "dma100" : 323.68,
    "dma200" : 299.58,
    "volume" : 490167.00
  }, {
    "date" : "2025-11-21",
    "price" : 249.90,
    "dma50" : 283.17,
    "dma100" : 322.92,
    "dma200" : 299.08,
    "volume" : 638868.00
  }, {
    "date" : "2025-11-24",
    "price" : 250.30,
    "dma50" : 281.88,
    "dma100" : 322.19,
    "dma200" : 298.60,
    "volume" : 517744.00
  }, {
    "date" : "2025-11-25",
    "price" : 261.55,
    "dma50" : 281.08,
    "dma100" : 321.54,
    "dma200" : 298.23,
    "volume" : 2432179.00
  }, {
    "date" : "2025-11-26",
    "price" : 262.85,
    "dma50" : 280.37,
    "dma100" : 320.96,
    "dma200" : 297.88,
    "volume" : 1148628.00
  }, {
    "date" : "2025-11-27",
    "price" : 263.30,
    "dma50" : 279.70,
    "dma100" : 320.41,
    "dma200" : 297.53,
    "volume" : 632071.00
  }, {
    "date" : "2025-11-28",
    "price" : 263.65,
    "dma50" : 279.07,
    "dma100" : 319.84,
    "dma200" : 297.20,
    "volume" : 469712.00
  }, {
    "date" : "2025-12-01",
    "price" : 264.15,
    "dma50" : 278.49,
    "dma100" : 319.33,
    "dma200" : 296.87,
    "volume" : 437201.00
  }, {
    "date" : "2025-12-02",
    "price" : 266.85,
    "dma50" : 278.03,
    "dma100" : 318.84,
    "dma200" : 296.57,
    "volume" : 2359589.00
  }, {
    "date" : "2025-12-03",
    "price" : 261.75,
    "dma50" : 277.39,
    "dma100" : 318.30,
    "dma200" : 296.22,
    "volume" : 1087213.00
  }, {
    "date" : "2025-12-04",
    "price" : 255.60,
    "dma50" : 276.54,
    "dma100" : 317.55,
    "dma200" : 295.82,
    "volume" : 544158.00
  }, {
    "date" : "2025-12-05",
    "price" : 255.50,
    "dma50" : 275.71,
    "dma100" : 316.67,
    "dma200" : 295.42,
    "volume" : 478131.00
  }, {
    "date" : "2025-12-08",
    "price" : 244.95,
    "dma50" : 274.51,
    "dma100" : 315.58,
    "dma200" : 294.92,
    "volume" : 524398.00
  }, {
    "date" : "2025-12-09",
    "price" : 257.10,
    "dma50" : 273.82,
    "dma100" : 314.62,
    "dma200" : 294.54,
    "volume" : 1343033.00
  }, {
    "date" : "2025-12-10",
    "price" : 261.00,
    "dma50" : 273.32,
    "dma100" : 313.71,
    "dma200" : 294.21,
    "volume" : 1051076.00
  }, {
    "date" : "2025-12-11",
    "price" : 263.10,
    "dma50" : 272.92,
    "dma100" : 312.81,
    "dma200" : 293.90,
    "volume" : 602532.00
  }, {
    "date" : "2025-12-12",
    "price" : 263.60,
    "dma50" : 272.55,
    "dma100" : 311.83,
    "dma200" : 293.59,
    "volume" : 294014.00
  }, {
    "date" : "2025-12-15",
    "price" : 264.35,
    "dma50" : 272.23,
    "dma100" : 310.85,
    "dma200" : 293.30,
    "volume" : 332259.00
  }, {
    "date" : "2025-12-16",
    "price" : 269.90,
    "dma50" : 272.14,
    "dma100" : 309.92,
    "dma200" : 293.07,
    "volume" : 1281138.00
  }, {
    "date" : "2025-12-17",
    "price" : 264.45,
    "dma50" : 271.84,
    "dma100" : 309.00,
    "dma200" : 292.79,
    "volume" : 406836.00
  }, {
    "date" : "2025-12-18",
    "price" : 266.10,
    "dma50" : 271.61,
    "dma100" : 307.99,
    "dma200" : 292.52,
    "volume" : 328487.00
  }, {
    "date" : "2025-12-19",
    "price" : 265.40,
    "dma50" : 271.37,
    "dma100" : 307.07,
    "dma200" : 292.25,
    "volume" : 906836.00
  }, {
    "date" : "2025-12-22",
    "price" : 274.15,
    "dma50" : 271.48,
    "dma100" : 306.19,
    "dma200" : 292.07,
    "volume" : 699362.00
  }, {
    "date" : "2025-12-23",
    "price" : 275.00,
    "dma50" : 271.62,
    "dma100" : 305.13,
    "dma200" : 291.90,
    "volume" : 902703.00
  }, {
    "date" : "2025-12-24",
    "price" : 271.40,
    "dma50" : 271.61,
    "dma100" : 304.05,
    "dma200" : 291.70,
    "volume" : 339712.00
  }, {
    "date" : "2025-12-26",
    "price" : 276.25,
    "dma50" : 271.79,
    "dma100" : 303.05,
    "dma200" : 291.54,
    "volume" : 460394.00
  }, {
    "date" : "2025-12-29",
    "price" : 279.80,
    "dma50" : 272.10,
    "dma100" : 302.18,
    "dma200" : 291.43,
    "volume" : 659211.00
  }, {
    "date" : "2025-12-30",
    "price" : 277.65,
    "dma50" : 272.32,
    "dma100" : 301.14,
    "dma200" : 291.29,
    "volume" : 470772.00
  }, {
    "date" : "2025-12-31",
    "price" : 280.00,
    "dma50" : 272.62,
    "dma100" : 300.19,
    "dma200" : 291.18,
    "volume" : 466108.00
  }, {
    "date" : "2026-01-01",
    "price" : 277.10,
    "dma50" : 272.80,
    "dma100" : 299.23,
    "dma200" : 291.04,
    "volume" : 169774.00
  }, {
    "date" : "2026-01-02",
    "price" : 273.90,
    "dma50" : 272.84,
    "dma100" : 298.31,
    "dma200" : 290.87,
    "volume" : 231550.00
  }, {
    "date" : "2026-01-05",
    "price" : 269.95,
    "dma50" : 272.73,
    "dma100" : 297.43,
    "dma200" : 290.66,
    "volume" : 357418.00
  }, {
    "date" : "2026-01-06",
    "price" : 269.50,
    "dma50" : 272.60,
    "dma100" : 296.53,
    "dma200" : 290.45,
    "volume" : 353961.00
  }, {
    "date" : "2026-01-07",
    "price" : 267.15,
    "dma50" : 272.39,
    "dma100" : 295.49,
    "dma200" : 290.22,
    "volume" : 193054.00
  }, {
    "date" : "2026-01-08",
    "price" : 257.95,
    "dma50" : 271.82,
    "dma100" : 294.27,
    "dma200" : 289.89,
    "volume" : 425530.00
  }, {
    "date" : "2026-01-09",
    "price" : 252.65,
    "dma50" : 271.07,
    "dma100" : 293.01,
    "dma200" : 289.52,
    "volume" : 317508.00
  }, {
    "date" : "2026-01-12",
    "price" : 254.15,
    "dma50" : 270.41,
    "dma100" : 291.75,
    "dma200" : 289.17,
    "volume" : 410358.00
  }, {
    "date" : "2026-01-13",
    "price" : 249.45,
    "dma50" : 269.58,
    "dma100" : 290.50,
    "dma200" : 288.78,
    "volume" : 614112.00
  }, {
    "date" : "2026-01-14",
    "price" : 247.80,
    "dma50" : 268.73,
    "dma100" : 289.22,
    "dma200" : 288.37,
    "volume" : 194641.00
  }, {
    "date" : "2026-01-16",
    "price" : 244.25,
    "dma50" : 267.77,
    "dma100" : 288.00,
    "dma200" : 287.93,
    "volume" : 240966.00
  }, {
    "date" : "2026-01-19",
    "price" : 240.45,
    "dma50" : 266.70,
    "dma100" : 286.62,
    "dma200" : 287.46,
    "volume" : 233482.00
  }, {
    "date" : "2026-01-20",
    "price" : 230.15,
    "dma50" : 265.27,
    "dma100" : 285.11,
    "dma200" : 286.89,
    "volume" : 450848.00
  }, {
    "date" : "2026-01-21",
    "price" : 235.55,
    "dma50" : 264.10,
    "dma100" : 283.81,
    "dma200" : 286.38,
    "volume" : 1511545.00
  }, {
    "date" : "2026-01-22",
    "price" : 270.70,
    "dma50" : 264.36,
    "dma100" : 283.10,
    "dma200" : 286.22,
    "volume" : 40255672.00
  }, {
    "date" : "2026-01-23",
    "price" : 268.50,
    "dma50" : 264.52,
    "dma100" : 282.30,
    "dma200" : 286.04,
    "volume" : 3525283.00
  }, {
    "date" : "2026-01-27",
    "price" : 267.00,
    "dma50" : 264.62,
    "dma100" : 281.43,
    "dma200" : 285.85,
    "volume" : 1373738.00
  }, {
    "date" : "2026-01-28",
    "price" : 275.25,
    "dma50" : 265.04,
    "dma100" : 280.61,
    "dma200" : 285.75,
    "volume" : 927399.00
  }, {
    "date" : "2026-01-29",
    "price" : 273.75,
    "dma50" : 265.38,
    "dma100" : 279.72,
    "dma200" : 285.63,
    "volume" : 1315228.00
  }, {
    "date" : "2026-01-30",
    "price" : 274.70,
    "dma50" : 265.74,
    "dma100" : 278.85,
    "dma200" : 285.52,
    "volume" : 659690.00
  }, {
    "date" : "2026-02-01",
    "price" : 261.65,
    "dma50" : 265.58,
    "dma100" : 277.90,
    "dma200" : 285.28,
    "volume" : 266437.00
  }, {
    "date" : "2026-02-02",
    "price" : 265.55,
    "dma50" : 265.58,
    "dma100" : 276.94,
    "dma200" : 285.09,
    "volume" : 674989.00
  }, {
    "date" : "2026-02-03",
    "price" : 270.45,
    "dma50" : 265.77,
    "dma100" : 276.17,
    "dma200" : 284.94,
    "volume" : 837157.00
  }, {
    "date" : "2026-02-04",
    "price" : 274.60,
    "dma50" : 266.12,
    "dma100" : 275.51,
    "dma200" : 284.84,
    "volume" : 2145146.00
  }, {
    "date" : "2026-02-05",
    "price" : 273.20,
    "dma50" : 266.40,
    "dma100" : 274.89,
    "dma200" : 284.72,
    "volume" : 481972.00
  }, {
    "date" : "2026-02-06",
    "price" : 270.65,
    "dma50" : 266.56,
    "dma100" : 274.27,
    "dma200" : 284.58,
    "volume" : 366653.00
  }, {
    "date" : "2026-02-09",
    "price" : 278.40,
    "dma50" : 267.03,
    "dma100" : 273.69,
    "dma200" : 284.52,
    "volume" : 766615.00
  }, {
    "date" : "2026-02-10",
    "price" : 275.35,
    "dma50" : 267.35,
    "dma100" : 273.05,
    "dma200" : 284.43,
    "volume" : 345578.00
  }, {
    "date" : "2026-02-11",
    "price" : 271.00,
    "dma50" : 267.50,
    "dma100" : 272.38,
    "dma200" : 284.30,
    "volume" : 385224.00
  }, {
    "date" : "2026-02-12",
    "price" : 267.50,
    "dma50" : 267.50,
    "dma100" : 271.66,
    "dma200" : 284.13,
    "volume" : 231624.00
  }, {
    "date" : "2026-02-13",
    "price" : 264.40,
    "dma50" : 267.38,
    "dma100" : 270.95,
    "dma200" : 283.93,
    "volume" : 353318.00
  } ],
  "latestTechnicalAttributes" : {
    "date" : "2026-02-13",
    "price" : 264.40,
    "dma50" : 267.38,
    "dma100" : 270.95,
    "dma200" : 283.93,
    "volume" : 353318.00
  },
  "quarterlyResults" : [ {
    "date" : "2005-03-31",
    "sales" : 97.47,
    "salesGrowthYoY" : null,
    "grossProfitMargin" : 36.02,
    "grossProfit" : 35.11,
    "operatingProfitMargin" : -10.50,
    "operatingProfit" : -10.23,
    "netProfitMargin" : 4.48,
    "netProfit" : 4.37
  }, {
    "date" : "2005-06-30",
    "sales" : 122.21,
    "salesGrowthYoY" : null,
    "grossProfitMargin" : 42.59,
    "grossProfit" : 52.05,
    "operatingProfitMargin" : 8.57,
    "operatingProfit" : 10.47,
    "netProfitMargin" : 2.77,
    "netProfit" : 3.39
  }, {
    "date" : "2005-09-30",
    "sales" : 209.73,
    "salesGrowthYoY" : null,
    "grossProfitMargin" : 39.47,
    "grossProfit" : 82.78,
    "operatingProfitMargin" : 11.64,
    "operatingProfit" : 24.41,
    "netProfitMargin" : 8.84,
    "netProfit" : 18.54
  }, {
    "date" : "2005-12-31",
    "sales" : 166.61,
    "salesGrowthYoY" : null,
    "grossProfitMargin" : 38.44,
    "grossProfit" : 64.04,
    "operatingProfitMargin" : 8.55,
    "operatingProfit" : 14.25,
    "netProfitMargin" : 5.14,
    "netProfit" : 8.56
  }, {
    "date" : "2006-03-31",
    "sales" : 118.05,
    "salesGrowthYoY" : 21.11,
    "grossProfitMargin" : 40.23,
    "grossProfit" : 47.49,
    "operatingProfitMargin" : 5.15,
    "operatingProfit" : 6.08,
    "netProfitMargin" : 2.60,
    "netProfit" : 3.07
  }, {
    "date" : "2006-06-30",
    "sales" : 127.85,
    "salesGrowthYoY" : 4.62,
    "grossProfitMargin" : 38.65,
    "grossProfit" : 49.41,
    "operatingProfitMargin" : 1.58,
    "operatingProfit" : 2.02,
    "netProfitMargin" : -2.87,
    "netProfit" : -3.67
  }, {
    "date" : "2006-09-30",
    "sales" : 211.72,
    "salesGrowthYoY" : 0.95,
    "grossProfitMargin" : 33.97,
    "grossProfit" : 71.92,
    "operatingProfitMargin" : -2.30,
    "operatingProfit" : -4.87,
    "netProfitMargin" : -2.01,
    "netProfit" : -4.26
  }, {
    "date" : "2006-12-31",
    "sales" : 172.19,
    "salesGrowthYoY" : 3.35,
    "grossProfitMargin" : 33.56,
    "grossProfit" : 57.79,
    "operatingProfitMargin" : 7.67,
    "operatingProfit" : 13.21,
    "netProfitMargin" : 5.05,
    "netProfit" : 8.70
  }, {
    "date" : "2007-03-31",
    "sales" : 131.23,
    "salesGrowthYoY" : 11.16,
    "grossProfitMargin" : 46.08,
    "grossProfit" : 60.47,
    "operatingProfitMargin" : 9.37,
    "operatingProfit" : 12.30,
    "netProfitMargin" : 7.45,
    "netProfit" : 9.78
  }, {
    "date" : "2007-06-30",
    "sales" : 117.91,
    "salesGrowthYoY" : -7.77,
    "grossProfitMargin" : 39.70,
    "grossProfit" : 46.81,
    "operatingProfitMargin" : 5.22,
    "operatingProfit" : 6.15,
    "netProfitMargin" : 1.20,
    "netProfit" : 1.41
  }, {
    "date" : "2007-09-30",
    "sales" : 241.03,
    "salesGrowthYoY" : 13.84,
    "grossProfitMargin" : 40.02,
    "grossProfit" : 96.46,
    "operatingProfitMargin" : 17.60,
    "operatingProfit" : 42.42,
    "netProfitMargin" : 13.43,
    "netProfit" : 32.37
  }, {
    "date" : "2007-12-31",
    "sales" : 179.90,
    "salesGrowthYoY" : 4.48,
    "grossProfitMargin" : 38.77,
    "grossProfit" : 69.75,
    "operatingProfitMargin" : 9.47,
    "operatingProfit" : 17.04,
    "netProfitMargin" : 7.96,
    "netProfit" : 14.32
  }, {
    "date" : "2008-03-31",
    "sales" : 144.33,
    "salesGrowthYoY" : 9.98,
    "grossProfitMargin" : 42.75,
    "grossProfit" : 61.70,
    "operatingProfitMargin" : 11.00,
    "operatingProfit" : 15.88,
    "netProfitMargin" : 8.92,
    "netProfit" : 12.87
  }, {
    "date" : "2008-06-30",
    "sales" : 175.15,
    "salesGrowthYoY" : 48.55,
    "grossProfitMargin" : 41.32,
    "grossProfit" : 72.37,
    "operatingProfitMargin" : 9.75,
    "operatingProfit" : 17.08,
    "netProfitMargin" : 4.73,
    "netProfit" : 8.28
  }, {
    "date" : "2008-09-30",
    "sales" : 284.79,
    "salesGrowthYoY" : 18.16,
    "grossProfitMargin" : 47.60,
    "grossProfit" : 135.56,
    "operatingProfitMargin" : 24.82,
    "operatingProfit" : 70.68,
    "netProfitMargin" : 15.28,
    "netProfit" : 43.52
  }, {
    "date" : "2008-12-31",
    "sales" : 214.20,
    "salesGrowthYoY" : 19.07,
    "grossProfitMargin" : 35.96,
    "grossProfit" : 77.03,
    "operatingProfitMargin" : 13.98,
    "operatingProfit" : 29.95,
    "netProfitMargin" : 7.72,
    "netProfit" : 16.54
  }, {
    "date" : "2009-03-31",
    "sales" : 193.12,
    "salesGrowthYoY" : 33.80,
    "grossProfitMargin" : 39.74,
    "grossProfit" : 76.75,
    "operatingProfitMargin" : 12.86,
    "operatingProfit" : 24.84,
    "netProfitMargin" : 5.13,
    "netProfit" : 9.91
  }, {
    "date" : "2009-06-30",
    "sales" : 166.45,
    "salesGrowthYoY" : -4.97,
    "grossProfitMargin" : 39.27,
    "grossProfit" : 65.36,
    "operatingProfitMargin" : 11.77,
    "operatingProfit" : 19.59,
    "netProfitMargin" : 6.45,
    "netProfit" : 10.74
  }, {
    "date" : "2009-09-30",
    "sales" : 320.85,
    "salesGrowthYoY" : 12.66,
    "grossProfitMargin" : 44.17,
    "grossProfit" : 141.72,
    "operatingProfitMargin" : 23.22,
    "operatingProfit" : 74.50,
    "netProfitMargin" : 14.67,
    "netProfit" : 47.07
  }, {
    "date" : "2009-12-31",
    "sales" : 206.76,
    "salesGrowthYoY" : -3.47,
    "grossProfitMargin" : 42.86,
    "grossProfit" : 88.62,
    "operatingProfitMargin" : 22.18,
    "operatingProfit" : 45.86,
    "netProfitMargin" : 13.44,
    "netProfit" : 27.79
  }, {
    "date" : "2010-03-31",
    "sales" : 202.91,
    "salesGrowthYoY" : 5.07,
    "grossProfitMargin" : 48.23,
    "grossProfit" : 97.86,
    "operatingProfitMargin" : 17.63,
    "operatingProfit" : 35.77,
    "netProfitMargin" : 10.77,
    "netProfit" : 21.85
  }, {
    "date" : "2010-06-30",
    "sales" : 203.26,
    "salesGrowthYoY" : 22.11,
    "grossProfitMargin" : 40.05,
    "grossProfit" : 81.41,
    "operatingProfitMargin" : 11.37,
    "operatingProfit" : 23.11,
    "netProfitMargin" : 7.30,
    "netProfit" : 14.84
  }, {
    "date" : "2010-09-30",
    "sales" : 367.99,
    "salesGrowthYoY" : 14.69,
    "grossProfitMargin" : 42.68,
    "grossProfit" : 157.06,
    "operatingProfitMargin" : 23.99,
    "operatingProfit" : 88.28,
    "netProfitMargin" : 15.95,
    "netProfit" : 58.69
  }, {
    "date" : "2010-12-31",
    "sales" : 271.23,
    "salesGrowthYoY" : 31.18,
    "grossProfitMargin" : 41.27,
    "grossProfit" : 111.94,
    "operatingProfitMargin" : 18.84,
    "operatingProfit" : 51.10,
    "netProfitMargin" : 12.42,
    "netProfit" : 33.69
  }, {
    "date" : "2011-03-31",
    "sales" : 226.72,
    "salesGrowthYoY" : 11.73,
    "grossProfitMargin" : 39.95,
    "grossProfit" : 90.57,
    "operatingProfitMargin" : 12.79,
    "operatingProfit" : 29.00,
    "netProfitMargin" : 8.38,
    "netProfit" : 19.00
  }, {
    "date" : "2011-06-30",
    "sales" : 237.92,
    "salesGrowthYoY" : 17.05,
    "grossProfitMargin" : 39.72,
    "grossProfit" : 94.50,
    "operatingProfitMargin" : 13.03,
    "operatingProfit" : 31.00,
    "netProfitMargin" : 6.96,
    "netProfit" : 16.56
  }, {
    "date" : "2011-09-30",
    "sales" : 434.16,
    "salesGrowthYoY" : 17.98,
    "grossProfitMargin" : 39.96,
    "grossProfit" : 173.49,
    "operatingProfitMargin" : 24.34,
    "operatingProfit" : 105.67,
    "netProfitMargin" : 14.25,
    "netProfit" : 61.87
  }, {
    "date" : "2011-12-31",
    "sales" : 309.74,
    "salesGrowthYoY" : 14.20,
    "grossProfitMargin" : 40.77,
    "grossProfit" : 126.28,
    "operatingProfitMargin" : 18.42,
    "operatingProfit" : 57.05,
    "netProfitMargin" : 9.58,
    "netProfit" : 29.67
  }, {
    "date" : "2012-03-31",
    "sales" : 199.43,
    "salesGrowthYoY" : -12.04,
    "grossProfitMargin" : 39.14,
    "grossProfit" : 78.06,
    "operatingProfitMargin" : 6.67,
    "operatingProfit" : 13.30,
    "netProfitMargin" : 3.55,
    "netProfit" : 7.08
  }, {
    "date" : "2012-06-30",
    "sales" : 269.34,
    "salesGrowthYoY" : 13.21,
    "grossProfitMargin" : 39.76,
    "grossProfit" : 107.09,
    "operatingProfitMargin" : 8.55,
    "operatingProfit" : 23.03,
    "netProfitMargin" : 5.73,
    "netProfit" : 15.43
  }, {
    "date" : "2012-09-30",
    "sales" : 465.75,
    "salesGrowthYoY" : 7.28,
    "grossProfitMargin" : 36.09,
    "grossProfit" : 168.09,
    "operatingProfitMargin" : 22.22,
    "operatingProfit" : 103.49,
    "netProfitMargin" : 14.10,
    "netProfit" : 65.67
  }, {
    "date" : "2012-12-31",
    "sales" : 323.02,
    "salesGrowthYoY" : 4.29,
    "grossProfitMargin" : 37.30,
    "grossProfit" : 120.49,
    "operatingProfitMargin" : 15.08,
    "operatingProfit" : 48.71,
    "netProfitMargin" : 7.67,
    "netProfit" : 24.78
  }, {
    "date" : "2013-03-31",
    "sales" : 265.26,
    "salesGrowthYoY" : 33.01,
    "grossProfitMargin" : 35.40,
    "grossProfit" : 93.90,
    "operatingProfitMargin" : 11.46,
    "operatingProfit" : 30.40,
    "netProfitMargin" : 5.09,
    "netProfit" : 13.50
  }, {
    "date" : "2013-06-30",
    "sales" : 270.19,
    "salesGrowthYoY" : 0.32,
    "grossProfitMargin" : 38.56,
    "grossProfit" : 104.19,
    "operatingProfitMargin" : 6.51,
    "operatingProfit" : 17.59,
    "netProfitMargin" : 2.22,
    "netProfit" : 6.00
  }, {
    "date" : "2013-09-30",
    "sales" : 571.26,
    "salesGrowthYoY" : 22.65,
    "grossProfitMargin" : 37.87,
    "grossProfit" : 216.34,
    "operatingProfitMargin" : 22.35,
    "operatingProfit" : 127.68,
    "netProfitMargin" : 14.05,
    "netProfit" : 80.26
  }, {
    "date" : "2013-12-31",
    "sales" : 378.25,
    "salesGrowthYoY" : 17.10,
    "grossProfitMargin" : 39.19,
    "grossProfit" : 148.24,
    "operatingProfitMargin" : 16.27,
    "operatingProfit" : 61.54,
    "netProfitMargin" : 9.24,
    "netProfit" : 34.95
  }, {
    "date" : "2014-03-31",
    "sales" : 311.14,
    "salesGrowthYoY" : 17.30,
    "grossProfitMargin" : 41.39,
    "grossProfit" : 128.78,
    "operatingProfitMargin" : 15.38,
    "operatingProfit" : 47.85,
    "netProfitMargin" : 8.08,
    "netProfit" : 25.14
  }, {
    "date" : "2014-06-30",
    "sales" : 292.12,
    "salesGrowthYoY" : 8.12,
    "grossProfitMargin" : 43.03,
    "grossProfit" : 125.70,
    "operatingProfitMargin" : 9.70,
    "operatingProfit" : 28.34,
    "netProfitMargin" : 4.48,
    "netProfit" : 13.09
  }, {
    "date" : "2014-09-30",
    "sales" : 584.36,
    "salesGrowthYoY" : 2.29,
    "grossProfitMargin" : 37.35,
    "grossProfit" : 218.26,
    "operatingProfitMargin" : 21.10,
    "operatingProfit" : 123.30,
    "netProfitMargin" : 13.03,
    "netProfit" : 76.14
  }, {
    "date" : "2014-12-31",
    "sales" : 352.52,
    "salesGrowthYoY" : -6.80,
    "grossProfitMargin" : 45.35,
    "grossProfit" : 159.87,
    "operatingProfitMargin" : 16.23,
    "operatingProfit" : 57.21,
    "netProfitMargin" : 9.22,
    "netProfit" : 32.50
  }, {
    "date" : "2015-03-31",
    "sales" : 285.85,
    "salesGrowthYoY" : -8.13,
    "grossProfitMargin" : 42.99,
    "grossProfit" : 122.89,
    "operatingProfitMargin" : 15.40,
    "operatingProfit" : 44.02,
    "netProfitMargin" : 8.29,
    "netProfit" : 23.70
  }, {
    "date" : "2015-06-30",
    "sales" : 254.87,
    "salesGrowthYoY" : -12.75,
    "grossProfitMargin" : 40.16,
    "grossProfit" : 102.36,
    "operatingProfitMargin" : 8.18,
    "operatingProfit" : 20.85,
    "netProfitMargin" : 2.57,
    "netProfit" : 6.55
  }, {
    "date" : "2015-09-30",
    "sales" : 421.07,
    "salesGrowthYoY" : -27.94,
    "grossProfitMargin" : 45.16,
    "grossProfit" : 190.16,
    "operatingProfitMargin" : 22.43,
    "operatingProfit" : 94.45,
    "netProfitMargin" : 14.09,
    "netProfit" : 59.33
  }, {
    "date" : "2015-12-31",
    "sales" : 285.35,
    "salesGrowthYoY" : -19.05,
    "grossProfitMargin" : 44.67,
    "grossProfit" : 127.47,
    "operatingProfitMargin" : 14.50,
    "operatingProfit" : 41.38,
    "netProfitMargin" : 9.61,
    "netProfit" : 27.42
  }, {
    "date" : "2016-03-31",
    "sales" : 326.75,
    "salesGrowthYoY" : 14.31,
    "grossProfitMargin" : 40.10,
    "grossProfit" : 131.03,
    "operatingProfitMargin" : 15.18,
    "operatingProfit" : 49.60,
    "netProfitMargin" : 10.05,
    "netProfit" : 32.84
  }, {
    "date" : "2016-06-30",
    "sales" : 260.31,
    "salesGrowthYoY" : 2.13,
    "grossProfitMargin" : 40.04,
    "grossProfit" : 104.23,
    "operatingProfitMargin" : 9.78,
    "operatingProfit" : 25.46,
    "netProfitMargin" : 4.18,
    "netProfit" : 10.88
  }, {
    "date" : "2016-09-30",
    "sales" : 493.30,
    "salesGrowthYoY" : 17.15,
    "grossProfitMargin" : 40.33,
    "grossProfit" : 198.95,
    "operatingProfitMargin" : 22.25,
    "operatingProfit" : 109.76,
    "netProfitMargin" : 14.83,
    "netProfit" : 73.16
  }, {
    "date" : "2016-12-31",
    "sales" : 306.56,
    "salesGrowthYoY" : 7.43,
    "grossProfitMargin" : 47.78,
    "grossProfit" : 146.47,
    "operatingProfitMargin" : 16.08,
    "operatingProfit" : 49.29,
    "netProfitMargin" : 11.08,
    "netProfit" : 33.97
  }, {
    "date" : "2017-03-31",
    "sales" : 328.34,
    "salesGrowthYoY" : 0.49,
    "grossProfitMargin" : 43.91,
    "grossProfit" : 144.17,
    "operatingProfitMargin" : 15.41,
    "operatingProfit" : 50.60,
    "netProfitMargin" : 9.82,
    "netProfit" : 32.24
  }, {
    "date" : "2017-06-30",
    "sales" : 243.57,
    "salesGrowthYoY" : -6.43,
    "grossProfitMargin" : 41.91,
    "grossProfit" : 102.08,
    "operatingProfitMargin" : 3.47,
    "operatingProfit" : 8.45,
    "netProfitMargin" : 0.46,
    "netProfit" : 1.12
  }, {
    "date" : "2017-09-30",
    "sales" : 548.54,
    "salesGrowthYoY" : 11.20,
    "grossProfitMargin" : 42.13,
    "grossProfit" : 231.10,
    "operatingProfitMargin" : 23.14,
    "operatingProfit" : 126.93,
    "netProfitMargin" : 14.94,
    "netProfit" : 81.95
  }, {
    "date" : "2017-12-31",
    "sales" : 357.25,
    "salesGrowthYoY" : 16.54,
    "grossProfitMargin" : 42.18,
    "grossProfit" : 150.69,
    "operatingProfitMargin" : 13.16,
    "operatingProfit" : 47.01,
    "netProfitMargin" : 9.25,
    "netProfit" : 33.05
  }, {
    "date" : "2018-03-31",
    "sales" : 349.06,
    "salesGrowthYoY" : 6.31,
    "grossProfitMargin" : 42.81,
    "grossProfit" : 149.43,
    "operatingProfitMargin" : 12.23,
    "operatingProfit" : 42.69,
    "netProfitMargin" : 7.27,
    "netProfit" : 25.38
  }, {
    "date" : "2018-06-30",
    "sales" : 352.39,
    "salesGrowthYoY" : 44.68,
    "grossProfitMargin" : 33.39,
    "grossProfit" : 117.66,
    "operatingProfitMargin" : 5.07,
    "operatingProfit" : 17.87,
    "netProfitMargin" : 2.20,
    "netProfit" : 7.75
  }, {
    "date" : "2018-09-30",
    "sales" : 613.23,
    "salesGrowthYoY" : 11.79,
    "grossProfitMargin" : 41.10,
    "grossProfit" : 252.04,
    "operatingProfitMargin" : 21.07,
    "operatingProfit" : 129.21,
    "netProfitMargin" : 14.18,
    "netProfit" : 86.96
  }, {
    "date" : "2018-12-31",
    "sales" : 417.13,
    "salesGrowthYoY" : 16.76,
    "grossProfitMargin" : 39.23,
    "grossProfit" : 163.64,
    "operatingProfitMargin" : 6.54,
    "operatingProfit" : 27.28,
    "netProfitMargin" : 3.15,
    "netProfit" : 13.14
  }, {
    "date" : "2019-03-31",
    "sales" : 317.65,
    "salesGrowthYoY" : -9.00,
    "grossProfitMargin" : 42.13,
    "grossProfit" : 133.83,
    "operatingProfitMargin" : 6.22,
    "operatingProfit" : 19.76,
    "netProfitMargin" : 3.59,
    "netProfit" : 11.40
  }, {
    "date" : "2019-06-30",
    "sales" : 363.13,
    "salesGrowthYoY" : 3.05,
    "grossProfitMargin" : 32.42,
    "grossProfit" : 117.73,
    "operatingProfitMargin" : 5.28,
    "operatingProfit" : 19.17,
    "netProfitMargin" : 2.29,
    "netProfit" : 8.32
  }, {
    "date" : "2019-09-30",
    "sales" : 748.78,
    "salesGrowthYoY" : 22.10,
    "grossProfitMargin" : 36.15,
    "grossProfit" : 270.68,
    "operatingProfitMargin" : 16.03,
    "operatingProfit" : 120.03,
    "netProfitMargin" : 11.45,
    "netProfit" : 85.74
  }, {
    "date" : "2019-12-31",
    "sales" : 533.21,
    "salesGrowthYoY" : 27.83,
    "grossProfitMargin" : 38.12,
    "grossProfit" : 203.26,
    "operatingProfitMargin" : 10.48,
    "operatingProfit" : 55.88,
    "netProfitMargin" : 7.15,
    "netProfit" : 38.12
  }, {
    "date" : "2020-03-31",
    "sales" : 346.31,
    "salesGrowthYoY" : 9.02,
    "grossProfitMargin" : 43.45,
    "grossProfit" : 150.47,
    "operatingProfitMargin" : -2.87,
    "operatingProfit" : -9.94,
    "netProfitMargin" : -3.14,
    "netProfit" : -10.87
  }, {
    "date" : "2020-06-30",
    "sales" : 662.70,
    "salesGrowthYoY" : 82.50,
    "grossProfitMargin" : 39.71,
    "grossProfit" : 263.16,
    "operatingProfitMargin" : 19.36,
    "operatingProfit" : 128.30,
    "netProfitMargin" : 13.86,
    "netProfit" : 91.85
  }, {
    "date" : "2020-09-30",
    "sales" : 725.01,
    "salesGrowthYoY" : -3.17,
    "grossProfitMargin" : 38.09,
    "grossProfit" : 276.16,
    "operatingProfitMargin" : 16.10,
    "operatingProfit" : 116.73,
    "netProfitMargin" : 11.27,
    "netProfit" : 81.71
  }, {
    "date" : "2020-12-31",
    "sales" : 570.47,
    "salesGrowthYoY" : 6.99,
    "grossProfitMargin" : 38.52,
    "grossProfit" : 219.75,
    "operatingProfitMargin" : 10.54,
    "operatingProfit" : 60.13,
    "netProfitMargin" : 7.21,
    "netProfit" : 41.13
  }, {
    "date" : "2021-03-31",
    "sales" : 471.25,
    "salesGrowthYoY" : 36.08,
    "grossProfitMargin" : 41.41,
    "grossProfit" : 195.14,
    "operatingProfitMargin" : 3.78,
    "operatingProfit" : 17.81,
    "netProfitMargin" : 1.49,
    "netProfit" : 7.02
  }, {
    "date" : "2021-06-30",
    "sales" : 740.51,
    "salesGrowthYoY" : 11.74,
    "grossProfitMargin" : 38.84,
    "grossProfit" : 287.61,
    "operatingProfitMargin" : 16.42,
    "operatingProfit" : 121.59,
    "netProfitMargin" : 11.13,
    "netProfit" : 82.42
  }, {
    "date" : "2021-09-30",
    "sales" : 727.80,
    "salesGrowthYoY" : 0.38,
    "grossProfitMargin" : 36.23,
    "grossProfit" : 263.68,
    "operatingProfitMargin" : 12.09,
    "operatingProfit" : 87.99,
    "netProfitMargin" : 7.75,
    "netProfit" : 56.40
  }, {
    "date" : "2021-12-31",
    "sales" : 628.08,
    "salesGrowthYoY" : 10.10,
    "grossProfitMargin" : 40.22,
    "grossProfit" : 252.61,
    "operatingProfitMargin" : 10.73,
    "operatingProfit" : 67.39,
    "netProfitMargin" : 6.30,
    "netProfit" : 39.57
  }, {
    "date" : "2022-03-31",
    "sales" : 507.54,
    "salesGrowthYoY" : 7.70,
    "grossProfitMargin" : 34.77,
    "grossProfit" : 176.47,
    "operatingProfitMargin" : -0.56,
    "operatingProfit" : -2.84,
    "netProfitMargin" : -2.78,
    "netProfit" : -14.11
  }, {
    "date" : "2022-06-30",
    "sales" : 863.00,
    "salesGrowthYoY" : 16.54,
    "grossProfitMargin" : 35.92,
    "grossProfit" : 309.99,
    "operatingProfitMargin" : 13.09,
    "operatingProfit" : 112.97,
    "netProfitMargin" : 7.68,
    "netProfit" : 66.28
  }, {
    "date" : "2022-09-30",
    "sales" : 951.00,
    "salesGrowthYoY" : 30.67,
    "grossProfitMargin" : 34.17,
    "grossProfit" : 324.96,
    "operatingProfitMargin" : 12.30,
    "operatingProfit" : 116.97,
    "netProfitMargin" : 7.57,
    "netProfit" : 71.99
  }, {
    "date" : "2022-12-31",
    "sales" : 630.00,
    "salesGrowthYoY" : 0.31,
    "grossProfitMargin" : 39.37,
    "grossProfit" : 248.03,
    "operatingProfitMargin" : 8.41,
    "operatingProfit" : 52.98,
    "netProfitMargin" : 3.49,
    "netProfit" : 21.99
  }, {
    "date" : "2023-03-31",
    "sales" : 523.00,
    "salesGrowthYoY" : 3.05,
    "grossProfitMargin" : 26.77,
    "grossProfit" : 140.01,
    "operatingProfitMargin" : -12.24,
    "operatingProfit" : -64.02,
    "netProfitMargin" : -13.19,
    "netProfit" : -68.98
  }, {
    "date" : "2023-06-30",
    "sales" : 782.00,
    "salesGrowthYoY" : -9.39,
    "grossProfitMargin" : 38.49,
    "grossProfit" : 300.99,
    "operatingProfitMargin" : 14.07,
    "operatingProfit" : 110.03,
    "netProfitMargin" : 8.06,
    "netProfit" : 63.03
  }, {
    "date" : "2023-09-30",
    "sales" : 832.00,
    "salesGrowthYoY" : -12.51,
    "grossProfitMargin" : 38.94,
    "grossProfit" : 323.98,
    "operatingProfitMargin" : 15.99,
    "operatingProfit" : 133.04,
    "netProfitMargin" : 9.77,
    "netProfit" : 81.29
  }, {
    "date" : "2023-12-31",
    "sales" : 598.00,
    "salesGrowthYoY" : -5.08,
    "grossProfitMargin" : 42.47,
    "grossProfit" : 253.97,
    "operatingProfitMargin" : 10.37,
    "operatingProfit" : 62.01,
    "netProfitMargin" : 4.01,
    "netProfit" : 23.98
  }, {
    "date" : "2024-03-31",
    "sales" : 436.00,
    "salesGrowthYoY" : -16.63,
    "grossProfitMargin" : 44.04,
    "grossProfit" : 192.01,
    "operatingProfitMargin" : 1.38,
    "operatingProfit" : 6.02,
    "netProfitMargin" : -4.82,
    "netProfit" : -21.02
  }, {
    "date" : "2024-06-30",
    "sales" : 783.00,
    "salesGrowthYoY" : 0.13,
    "grossProfitMargin" : 38.19,
    "grossProfit" : 299.03,
    "operatingProfitMargin" : 12.26,
    "operatingProfit" : 96.00,
    "netProfitMargin" : 6.13,
    "netProfit" : 48.00
  }, {
    "date" : "2024-09-30",
    "sales" : 928.00,
    "salesGrowthYoY" : 11.54,
    "grossProfitMargin" : 40.09,
    "grossProfit" : 372.04,
    "operatingProfitMargin" : 17.89,
    "operatingProfit" : 166.02,
    "netProfitMargin" : 10.56,
    "netProfit" : 98.00
  }, {
    "date" : "2024-12-31",
    "sales" : 522.00,
    "salesGrowthYoY" : -12.71,
    "grossProfitMargin" : 45.98,
    "grossProfit" : 240.02,
    "operatingProfitMargin" : 8.43,
    "operatingProfit" : 44.00,
    "netProfitMargin" : 2.11,
    "netProfit" : 11.01
  }, {
    "date" : "2025-03-31",
    "sales" : 430.00,
    "salesGrowthYoY" : -1.38,
    "grossProfitMargin" : 39.77,
    "grossProfit" : 171.01,
    "operatingProfitMargin" : -4.65,
    "operatingProfit" : -20.00,
    "netProfitMargin" : -7.64,
    "netProfit" : -32.85
  }, {
    "date" : "2025-06-30",
    "sales" : 957.00,
    "salesGrowthYoY" : 22.22,
    "grossProfitMargin" : 36.26,
    "grossProfit" : 347.01,
    "operatingProfitMargin" : 15.67,
    "operatingProfit" : 149.96,
    "netProfitMargin" : 9.93,
    "netProfit" : 95.03
  }, {
    "date" : "2025-09-30",
    "sales" : 861.00,
    "salesGrowthYoY" : -7.22,
    "grossProfitMargin" : 42.28,
    "grossProfit" : 364.03,
    "operatingProfitMargin" : 17.89,
    "operatingProfit" : 154.03,
    "netProfitMargin" : 11.34,
    "netProfit" : 97.64
  }, {
    "date" : "2025-12-31",
    "sales" : 623.00,
    "salesGrowthYoY" : 19.35,
    "grossProfitMargin" : 41.89,
    "grossProfit" : 260.97,
    "operatingProfitMargin" : 9.31,
    "operatingProfit" : 58.00,
    "netProfitMargin" : 3.85,
    "netProfit" : 23.99
  } ],
  "latestQuarterlyResult" : {
    "date" : "2025-12-31",
    "sales" : 623.00,
    "salesGrowthYoY" : 19.35,
    "grossProfitMargin" : 41.89,
    "grossProfit" : 260.97,
    "operatingProfitMargin" : 9.31,
    "operatingProfit" : 58.00,
    "netProfitMargin" : 3.85,
    "netProfit" : 23.99
  },
  "companyScore" : {
    "priceHigherThanDma50" : 0.00,
    "priceHigherThanDma100" : 0.00,
    "priceHigherThanDma200" : 0.00,
    "dma50HigherThanDma100" : 0.00,
    "dma50HigherThanDma200" : 0.00,
    "dma100HigherThanDma200" : 0.00,
    "pricePercentageAboveDma50" : 5.06,
    "pricePercentageAboveDma100" : 5.12,
    "pricePercentageAboveDma200" : 5.34,
    "weeklyVolumeHigherThanYearlyVolume" : 0.00,
    "salesGrowthPercentile" : 16.50,
    "operatingProfitMarginPercentile" : 11.63,
    "netProfitMarginPercentile" : 5.85,
    "totalTechnicalScore" : 15.52,
    "totalFundamentalScore" : 33.98,
    "totalScore" : 49.50
  }
}