{
  "metadata" : {
    "screenerCompanyId" : "2663",
    "companyCode" : "RAMKY",
    "companyName" : "Ramky Infra",
    "screenerCompanyLink" : "https://www.screener.in/company/RAMKY/consolidated/",
    "screenerTechnicalHistoryLink" : "https://www.screener.in/api/company/2663/chart/?q=Price-DMA50-DMA200-Volume&days=365",
    "screenerQuarterlyResultsLink" : "https://www.screener.in/api/company/2663/chart/?q=GPM-OPM-NPM-Quarter+Sales&days=10000",
    "attributes" : {
      "companyCode" : "RAMKY",
      "companyName" : "Ramky Infra",
      "marketCap" : 3265.00,
      "peRatio" : 14.60,
      "description" : "Ramky Infrastructure Limited is a flagship company of the Ramky Group. The Co is engaged in the business of construction, infrastructure development and management. [1]"
    },
    "companyScore" : {
      "priceHigherThanDma50" : 0.00,
      "priceHigherThanDma100" : 0.00,
      "priceHigherThanDma200" : 0.00,
      "dma50HigherThanDma100" : 0.00,
      "dma50HigherThanDma200" : 0.00,
      "dma100HigherThanDma200" : 5.00,
      "pricePercentageAboveDma50" : 5.42,
      "pricePercentageAboveDma100" : 5.85,
      "pricePercentageAboveDma200" : 5.74,
      "weeklyVolumeHigherThanYearlyVolume" : 0.00,
      "salesGrowthPercentile" : 10.16,
      "operatingProfitMarginPercentile" : 17.16,
      "netProfitMarginPercentile" : 8.72,
      "totalTechnicalScore" : 22.01,
      "totalFundamentalScore" : 36.04,
      "totalScore" : 58.05
    }
  },
  "attributes" : {
    "companyCode" : "RAMKY",
    "companyName" : "Ramky Infra",
    "marketCap" : 3265.00,
    "peRatio" : 14.60,
    "description" : "Ramky Infrastructure Limited is a flagship company of the Ramky Group. The Co is engaged in the business of construction, infrastructure development and management. [1]"
  },
  "technicalHistory" : [ {
    "date" : "2025-02-13",
    "price" : 501.80,
    "dma50" : 570.16,
    "dma100" : null,
    "dma200" : 605.29,
    "volume" : 21414.00
  }, {
    "date" : "2025-02-14",
    "price" : 492.40,
    "dma50" : 567.11,
    "dma100" : null,
    "dma200" : 604.17,
    "volume" : 47251.00
  }, {
    "date" : "2025-02-17",
    "price" : 475.50,
    "dma50" : 563.52,
    "dma100" : null,
    "dma200" : 602.89,
    "volume" : 104586.00
  }, {
    "date" : "2025-02-18",
    "price" : 465.95,
    "dma50" : 559.70,
    "dma100" : null,
    "dma200" : 601.53,
    "volume" : 64290.00
  }, {
    "date" : "2025-02-19",
    "price" : 480.05,
    "dma50" : 556.57,
    "dma100" : null,
    "dma200" : 600.32,
    "volume" : 32751.00
  }, {
    "date" : "2025-02-20",
    "price" : 482.95,
    "dma50" : 553.69,
    "dma100" : null,
    "dma200" : 599.15,
    "volume" : 70452.00
  }, {
    "date" : "2025-02-21",
    "price" : 474.95,
    "dma50" : 550.60,
    "dma100" : null,
    "dma200" : 597.91,
    "volume" : 49278.00
  }, {
    "date" : "2025-02-24",
    "price" : 459.05,
    "dma50" : 547.01,
    "dma100" : null,
    "dma200" : 596.53,
    "volume" : 87186.00
  }, {
    "date" : "2025-02-25",
    "price" : 465.40,
    "dma50" : 543.81,
    "dma100" : null,
    "dma200" : 595.23,
    "volume" : 43015.00
  }, {
    "date" : "2025-02-27",
    "price" : 458.15,
    "dma50" : 540.45,
    "dma100" : null,
    "dma200" : 593.86,
    "volume" : 30576.00
  }, {
    "date" : "2025-02-28",
    "price" : 426.90,
    "dma50" : 536.00,
    "dma100" : null,
    "dma200" : 592.20,
    "volume" : 111866.00
  }, {
    "date" : "2025-03-03",
    "price" : 419.35,
    "dma50" : 531.42,
    "dma100" : null,
    "dma200" : 590.48,
    "volume" : 117375.00
  }, {
    "date" : "2025-03-04",
    "price" : 415.45,
    "dma50" : 526.87,
    "dma100" : null,
    "dma200" : 588.74,
    "volume" : 174164.00
  }, {
    "date" : "2025-03-05",
    "price" : 440.40,
    "dma50" : 523.48,
    "dma100" : null,
    "dma200" : 587.26,
    "volume" : 154270.00
  }, {
    "date" : "2025-03-06",
    "price" : 474.40,
    "dma50" : 521.56,
    "dma100" : null,
    "dma200" : 586.14,
    "volume" : 105464.00
  }, {
    "date" : "2025-03-07",
    "price" : 501.10,
    "dma50" : 520.75,
    "dma100" : null,
    "dma200" : 585.30,
    "volume" : 171517.00
  }, {
    "date" : "2025-03-10",
    "price" : 486.20,
    "dma50" : 519.40,
    "dma100" : null,
    "dma200" : 584.31,
    "volume" : 129052.00
  }, {
    "date" : "2025-03-11",
    "price" : 471.30,
    "dma50" : 517.51,
    "dma100" : null,
    "dma200" : 583.18,
    "volume" : 200676.00
  }, {
    "date" : "2025-03-12",
    "price" : 468.50,
    "dma50" : 515.59,
    "dma100" : null,
    "dma200" : 582.04,
    "volume" : 166642.00
  }, {
    "date" : "2025-03-13",
    "price" : 462.70,
    "dma50" : 513.52,
    "dma100" : null,
    "dma200" : 580.86,
    "volume" : 94057.00
  }, {
    "date" : "2025-03-17",
    "price" : 466.10,
    "dma50" : 511.66,
    "dma100" : null,
    "dma200" : 579.71,
    "volume" : 128872.00
  }, {
    "date" : "2025-03-18",
    "price" : 476.65,
    "dma50" : 510.28,
    "dma100" : null,
    "dma200" : 578.69,
    "volume" : 171333.00
  }, {
    "date" : "2025-03-19",
    "price" : 491.40,
    "dma50" : 509.54,
    "dma100" : null,
    "dma200" : 577.82,
    "volume" : 140744.00
  }, {
    "date" : "2025-03-20",
    "price" : 493.20,
    "dma50" : 508.90,
    "dma100" : null,
    "dma200" : 576.98,
    "volume" : 109137.00
  }, {
    "date" : "2025-03-21",
    "price" : 500.00,
    "dma50" : 508.55,
    "dma100" : null,
    "dma200" : 576.21,
    "volume" : 65340.00
  }, {
    "date" : "2025-03-24",
    "price" : 497.35,
    "dma50" : 508.11,
    "dma100" : null,
    "dma200" : 575.43,
    "volume" : 78179.00
  }, {
    "date" : "2025-03-25",
    "price" : 471.75,
    "dma50" : 506.69,
    "dma100" : null,
    "dma200" : 574.40,
    "volume" : 186980.00
  }, {
    "date" : "2025-03-26",
    "price" : 465.95,
    "dma50" : 505.09,
    "dma100" : null,
    "dma200" : 573.32,
    "volume" : 138625.00
  }, {
    "date" : "2025-03-27",
    "price" : 451.20,
    "dma50" : 502.98,
    "dma100" : null,
    "dma200" : 572.10,
    "volume" : 345336.00
  }, {
    "date" : "2025-03-28",
    "price" : 448.25,
    "dma50" : 500.83,
    "dma100" : null,
    "dma200" : 570.87,
    "volume" : 188068.00
  }, {
    "date" : "2025-04-01",
    "price" : 458.75,
    "dma50" : 499.18,
    "dma100" : null,
    "dma200" : 569.75,
    "volume" : 55102.00
  }, {
    "date" : "2025-04-02",
    "price" : 457.35,
    "dma50" : 497.54,
    "dma100" : null,
    "dma200" : 568.64,
    "volume" : 84763.00
  }, {
    "date" : "2025-04-03",
    "price" : 468.95,
    "dma50" : 496.42,
    "dma100" : null,
    "dma200" : 567.64,
    "volume" : 69510.00
  }, {
    "date" : "2025-04-04",
    "price" : 445.30,
    "dma50" : 494.41,
    "dma100" : null,
    "dma200" : 566.43,
    "volume" : 108172.00
  }, {
    "date" : "2025-04-07",
    "price" : 409.75,
    "dma50" : 491.09,
    "dma100" : null,
    "dma200" : 564.87,
    "volume" : 167535.00
  }, {
    "date" : "2025-04-08",
    "price" : 421.70,
    "dma50" : 488.37,
    "dma100" : null,
    "dma200" : 563.44,
    "volume" : 52797.00
  }, {
    "date" : "2025-04-09",
    "price" : 410.85,
    "dma50" : 485.33,
    "dma100" : null,
    "dma200" : 561.92,
    "volume" : 46447.00
  }, {
    "date" : "2025-04-11",
    "price" : 444.95,
    "dma50" : 483.75,
    "dma100" : null,
    "dma200" : 560.76,
    "volume" : 309913.00
  }, {
    "date" : "2025-04-15",
    "price" : 451.75,
    "dma50" : 482.49,
    "dma100" : null,
    "dma200" : 559.68,
    "volume" : 92396.00
  }, {
    "date" : "2025-04-16",
    "price" : 479.50,
    "dma50" : 482.38,
    "dma100" : null,
    "dma200" : 558.88,
    "volume" : 205533.00
  }, {
    "date" : "2025-04-17",
    "price" : 481.10,
    "dma50" : 482.33,
    "dma100" : null,
    "dma200" : 558.10,
    "volume" : 90045.00
  }, {
    "date" : "2025-04-21",
    "price" : 505.85,
    "dma50" : 483.25,
    "dma100" : null,
    "dma200" : 557.58,
    "volume" : 129836.00
  }, {
    "date" : "2025-04-22",
    "price" : 503.70,
    "dma50" : 484.05,
    "dma100" : null,
    "dma200" : 557.05,
    "volume" : 123561.00
  }, {
    "date" : "2025-04-23",
    "price" : 501.40,
    "dma50" : 484.73,
    "dma100" : null,
    "dma200" : 556.49,
    "volume" : 101482.00
  }, {
    "date" : "2025-04-24",
    "price" : 507.95,
    "dma50" : 485.64,
    "dma100" : null,
    "dma200" : 556.01,
    "volume" : 103153.00
  }, {
    "date" : "2025-04-25",
    "price" : 494.60,
    "dma50" : 485.99,
    "dma100" : null,
    "dma200" : 555.40,
    "volume" : 143953.00
  }, {
    "date" : "2025-04-28",
    "price" : 486.70,
    "dma50" : 486.02,
    "dma100" : null,
    "dma200" : 554.72,
    "volume" : 60843.00
  }, {
    "date" : "2025-04-29",
    "price" : 487.25,
    "dma50" : 486.07,
    "dma100" : null,
    "dma200" : 554.05,
    "volume" : 46969.00
  }, {
    "date" : "2025-04-30",
    "price" : 468.45,
    "dma50" : 485.38,
    "dma100" : null,
    "dma200" : 553.19,
    "volume" : 30700.00
  }, {
    "date" : "2025-05-02",
    "price" : 465.55,
    "dma50" : 484.60,
    "dma100" : null,
    "dma200" : 552.32,
    "volume" : 71183.00
  }, {
    "date" : "2025-05-05",
    "price" : 467.40,
    "dma50" : 483.93,
    "dma100" : null,
    "dma200" : 551.48,
    "volume" : 37298.00
  }, {
    "date" : "2025-05-06",
    "price" : 449.45,
    "dma50" : 482.57,
    "dma100" : null,
    "dma200" : 550.46,
    "volume" : 54502.00
  }, {
    "date" : "2025-05-07",
    "price" : 445.75,
    "dma50" : 481.13,
    "dma100" : null,
    "dma200" : 549.42,
    "volume" : 60235.00
  }, {
    "date" : "2025-05-08",
    "price" : 433.30,
    "dma50" : 479.25,
    "dma100" : null,
    "dma200" : 548.26,
    "volume" : 55691.00
  }, {
    "date" : "2025-05-09",
    "price" : 439.85,
    "dma50" : 477.71,
    "dma100" : null,
    "dma200" : 547.19,
    "volume" : 57907.00
  }, {
    "date" : "2025-05-12",
    "price" : 469.20,
    "dma50" : 477.38,
    "dma100" : null,
    "dma200" : 546.41,
    "volume" : 70461.00
  }, {
    "date" : "2025-05-13",
    "price" : 486.65,
    "dma50" : 477.74,
    "dma100" : null,
    "dma200" : 545.81,
    "volume" : 80244.00
  }, {
    "date" : "2025-05-14",
    "price" : 504.10,
    "dma50" : 478.77,
    "dma100" : null,
    "dma200" : 545.40,
    "volume" : 79229.00
  }, {
    "date" : "2025-05-15",
    "price" : 510.70,
    "dma50" : 480.03,
    "dma100" : null,
    "dma200" : 545.05,
    "volume" : 88442.00
  }, {
    "date" : "2025-05-16",
    "price" : 512.00,
    "dma50" : 481.28,
    "dma100" : null,
    "dma200" : 544.73,
    "volume" : 61075.00
  }, {
    "date" : "2025-05-19",
    "price" : 515.30,
    "dma50" : 482.61,
    "dma100" : null,
    "dma200" : 544.43,
    "volume" : 71166.00
  }, {
    "date" : "2025-05-20",
    "price" : 540.55,
    "dma50" : 484.89,
    "dma100" : null,
    "dma200" : 544.39,
    "volume" : 191769.00
  }, {
    "date" : "2025-05-21",
    "price" : 534.40,
    "dma50" : 486.83,
    "dma100" : null,
    "dma200" : 544.29,
    "volume" : 75731.00
  }, {
    "date" : "2025-05-22",
    "price" : 532.10,
    "dma50" : 488.60,
    "dma100" : null,
    "dma200" : 544.17,
    "volume" : 32686.00
  }, {
    "date" : "2025-05-23",
    "price" : 511.80,
    "dma50" : 489.51,
    "dma100" : null,
    "dma200" : 543.85,
    "volume" : 159611.00
  }, {
    "date" : "2025-05-26",
    "price" : 474.00,
    "dma50" : 488.90,
    "dma100" : null,
    "dma200" : 543.16,
    "volume" : 486114.00
  }, {
    "date" : "2025-05-27",
    "price" : 466.85,
    "dma50" : 488.04,
    "dma100" : null,
    "dma200" : 542.40,
    "volume" : 134681.00
  }, {
    "date" : "2025-05-28",
    "price" : 471.75,
    "dma50" : 487.40,
    "dma100" : null,
    "dma200" : 541.69,
    "volume" : 49592.00
  }, {
    "date" : "2025-05-29",
    "price" : 474.20,
    "dma50" : 486.88,
    "dma100" : null,
    "dma200" : 541.02,
    "volume" : 74816.00
  }, {
    "date" : "2025-05-30",
    "price" : 477.35,
    "dma50" : 486.51,
    "dma100" : null,
    "dma200" : 540.39,
    "volume" : 157828.00
  }, {
    "date" : "2025-06-02",
    "price" : 489.00,
    "dma50" : 486.61,
    "dma100" : null,
    "dma200" : 539.88,
    "volume" : 158708.00
  }, {
    "date" : "2025-06-03",
    "price" : 510.90,
    "dma50" : 487.56,
    "dma100" : null,
    "dma200" : 539.59,
    "volume" : 232585.00
  }, {
    "date" : "2025-06-04",
    "price" : 503.45,
    "dma50" : 488.18,
    "dma100" : null,
    "dma200" : 539.23,
    "volume" : 99004.00
  }, {
    "date" : "2025-06-05",
    "price" : 495.75,
    "dma50" : 488.48,
    "dma100" : null,
    "dma200" : 538.80,
    "volume" : 107628.00
  }, {
    "date" : "2025-06-06",
    "price" : 511.75,
    "dma50" : 489.39,
    "dma100" : null,
    "dma200" : 538.53,
    "volume" : 243656.00
  }, {
    "date" : "2025-06-09",
    "price" : 510.20,
    "dma50" : 490.21,
    "dma100" : null,
    "dma200" : 538.25,
    "volume" : 121265.00
  }, {
    "date" : "2025-06-10",
    "price" : 515.20,
    "dma50" : 491.19,
    "dma100" : null,
    "dma200" : 538.02,
    "volume" : 116729.00
  }, {
    "date" : "2025-06-11",
    "price" : 527.90,
    "dma50" : 492.63,
    "dma100" : null,
    "dma200" : 537.92,
    "volume" : 449169.00
  }, {
    "date" : "2025-06-12",
    "price" : 509.75,
    "dma50" : 493.30,
    "dma100" : null,
    "dma200" : 537.64,
    "volume" : 248462.00
  }, {
    "date" : "2025-06-13",
    "price" : 520.85,
    "dma50" : 494.38,
    "dma100" : null,
    "dma200" : 537.47,
    "volume" : 145643.00
  }, {
    "date" : "2025-06-16",
    "price" : 514.10,
    "dma50" : 495.15,
    "dma100" : null,
    "dma200" : 537.24,
    "volume" : 66770.00
  }, {
    "date" : "2025-06-17",
    "price" : 509.40,
    "dma50" : 495.71,
    "dma100" : null,
    "dma200" : 536.96,
    "volume" : 84518.00
  }, {
    "date" : "2025-06-18",
    "price" : 521.15,
    "dma50" : 496.71,
    "dma100" : null,
    "dma200" : 536.80,
    "volume" : 111760.00
  }, {
    "date" : "2025-06-19",
    "price" : 514.25,
    "dma50" : 497.40,
    "dma100" : null,
    "dma200" : 536.58,
    "volume" : 100452.00
  }, {
    "date" : "2025-06-20",
    "price" : 515.70,
    "dma50" : 498.11,
    "dma100" : null,
    "dma200" : 536.37,
    "volume" : 113147.00
  }, {
    "date" : "2025-06-23",
    "price" : 513.30,
    "dma50" : 498.71,
    "dma100" : null,
    "dma200" : 536.14,
    "volume" : 70288.00
  }, {
    "date" : "2025-06-24",
    "price" : 512.75,
    "dma50" : 499.26,
    "dma100" : null,
    "dma200" : 535.91,
    "volume" : 58619.00
  }, {
    "date" : "2025-06-25",
    "price" : 538.75,
    "dma50" : 500.81,
    "dma100" : null,
    "dma200" : 535.94,
    "volume" : 686439.00
  }, {
    "date" : "2025-06-26",
    "price" : 539.10,
    "dma50" : 502.31,
    "dma100" : null,
    "dma200" : 535.97,
    "volume" : 137431.00
  }, {
    "date" : "2025-06-27",
    "price" : 541.15,
    "dma50" : 503.83,
    "dma100" : null,
    "dma200" : 536.02,
    "volume" : 266486.00
  }, {
    "date" : "2025-06-30",
    "price" : 563.95,
    "dma50" : 506.19,
    "dma100" : null,
    "dma200" : 536.30,
    "volume" : 301926.00
  }, {
    "date" : "2025-07-01",
    "price" : 577.90,
    "dma50" : 509.00,
    "dma100" : null,
    "dma200" : 536.71,
    "volume" : 225719.00
  }, {
    "date" : "2025-07-02",
    "price" : 562.10,
    "dma50" : 511.09,
    "dma100" : null,
    "dma200" : 536.96,
    "volume" : 120671.00
  }, {
    "date" : "2025-07-03",
    "price" : 556.65,
    "dma50" : 512.87,
    "dma100" : null,
    "dma200" : 537.16,
    "volume" : 171334.00
  }, {
    "date" : "2025-07-04",
    "price" : 559.70,
    "dma50" : 514.71,
    "dma100" : null,
    "dma200" : 537.38,
    "volume" : 87420.00
  }, {
    "date" : "2025-07-07",
    "price" : 557.15,
    "dma50" : 516.37,
    "dma100" : null,
    "dma200" : 537.58,
    "volume" : 125592.00
  }, {
    "date" : "2025-07-08",
    "price" : 604.85,
    "dma50" : 519.84,
    "dma100" : null,
    "dma200" : 538.25,
    "volume" : 634068.00
  }, {
    "date" : "2025-07-09",
    "price" : 602.85,
    "dma50" : 523.10,
    "dma100" : null,
    "dma200" : 538.89,
    "volume" : 405227.00
  }, {
    "date" : "2025-07-10",
    "price" : 601.30,
    "dma50" : 526.16,
    "dma100" : null,
    "dma200" : 539.51,
    "volume" : 150374.00
  }, {
    "date" : "2025-07-11",
    "price" : 607.35,
    "dma50" : 529.35,
    "dma100" : null,
    "dma200" : 540.19,
    "volume" : 260029.00
  }, {
    "date" : "2025-07-14",
    "price" : 620.15,
    "dma50" : 532.91,
    "dma100" : 493.79,
    "dma200" : 540.98,
    "volume" : 285782.00
  }, {
    "date" : "2025-07-15",
    "price" : 624.10,
    "dma50" : 536.49,
    "dma100" : 495.11,
    "dma200" : 541.81,
    "volume" : 298050.00
  }, {
    "date" : "2025-07-16",
    "price" : 622.70,
    "dma50" : 539.87,
    "dma100" : 496.58,
    "dma200" : 542.62,
    "volume" : 136079.00
  }, {
    "date" : "2025-07-17",
    "price" : 620.45,
    "dma50" : 543.03,
    "dma100" : 498.12,
    "dma200" : 543.39,
    "volume" : 78168.00
  }, {
    "date" : "2025-07-18",
    "price" : 614.45,
    "dma50" : 545.83,
    "dma100" : 499.47,
    "dma200" : 544.10,
    "volume" : 64192.00
  }, {
    "date" : "2025-07-21",
    "price" : 610.10,
    "dma50" : 548.35,
    "dma100" : 500.74,
    "dma200" : 544.75,
    "volume" : 59975.00
  }, {
    "date" : "2025-07-22",
    "price" : 595.35,
    "dma50" : 550.19,
    "dma100" : 501.94,
    "dma200" : 545.26,
    "volume" : 120528.00
  }, {
    "date" : "2025-07-23",
    "price" : 591.35,
    "dma50" : 551.81,
    "dma100" : 503.27,
    "dma200" : 545.72,
    "volume" : 83994.00
  }, {
    "date" : "2025-07-24",
    "price" : 598.80,
    "dma50" : 553.65,
    "dma100" : 504.60,
    "dma200" : 546.24,
    "volume" : 274211.00
  }, {
    "date" : "2025-07-25",
    "price" : 578.10,
    "dma50" : 554.61,
    "dma100" : 505.80,
    "dma200" : 546.56,
    "volume" : 127949.00
  }, {
    "date" : "2025-07-28",
    "price" : 572.25,
    "dma50" : 555.30,
    "dma100" : 507.25,
    "dma200" : 546.82,
    "volume" : 67827.00
  }, {
    "date" : "2025-07-29",
    "price" : 582.45,
    "dma50" : 556.36,
    "dma100" : 508.88,
    "dma200" : 547.17,
    "volume" : 78142.00
  }, {
    "date" : "2025-07-30",
    "price" : 586.80,
    "dma50" : 557.56,
    "dma100" : 510.60,
    "dma200" : 547.57,
    "volume" : 126188.00
  }, {
    "date" : "2025-07-31",
    "price" : 587.15,
    "dma50" : 558.72,
    "dma100" : 512.07,
    "dma200" : 547.96,
    "volume" : 98921.00
  }, {
    "date" : "2025-08-01",
    "price" : 575.90,
    "dma50" : 559.39,
    "dma100" : 513.08,
    "dma200" : 548.24,
    "volume" : 48337.00
  }, {
    "date" : "2025-08-04",
    "price" : 573.65,
    "dma50" : 559.95,
    "dma100" : 513.81,
    "dma200" : 548.49,
    "volume" : 67076.00
  }, {
    "date" : "2025-08-05",
    "price" : 567.05,
    "dma50" : 560.23,
    "dma100" : 514.61,
    "dma200" : 548.68,
    "volume" : 47711.00
  }, {
    "date" : "2025-08-06",
    "price" : 548.50,
    "dma50" : 559.77,
    "dma100" : 515.39,
    "dma200" : 548.67,
    "volume" : 103734.00
  }, {
    "date" : "2025-08-07",
    "price" : 537.70,
    "dma50" : 558.90,
    "dma100" : 516.08,
    "dma200" : 548.56,
    "volume" : 107315.00
  }, {
    "date" : "2025-08-08",
    "price" : 539.55,
    "dma50" : 558.14,
    "dma100" : 516.85,
    "dma200" : 548.47,
    "volume" : 65297.00
  }, {
    "date" : "2025-08-11",
    "price" : 537.75,
    "dma50" : 557.35,
    "dma100" : 517.56,
    "dma200" : 548.37,
    "volume" : 163024.00
  }, {
    "date" : "2025-08-12",
    "price" : 561.00,
    "dma50" : 557.49,
    "dma100" : 518.41,
    "dma200" : 548.49,
    "volume" : 140775.00
  }, {
    "date" : "2025-08-13",
    "price" : 554.10,
    "dma50" : 557.36,
    "dma100" : 519.03,
    "dma200" : 548.55,
    "volume" : 84747.00
  }, {
    "date" : "2025-08-14",
    "price" : 557.60,
    "dma50" : 557.37,
    "dma100" : 519.68,
    "dma200" : 548.64,
    "volume" : 49850.00
  }, {
    "date" : "2025-08-18",
    "price" : 563.45,
    "dma50" : 557.60,
    "dma100" : 520.31,
    "dma200" : 548.79,
    "volume" : 38481.00
  }, {
    "date" : "2025-08-19",
    "price" : 570.55,
    "dma50" : 558.11,
    "dma100" : 521.04,
    "dma200" : 549.00,
    "volume" : 70324.00
  }, {
    "date" : "2025-08-20",
    "price" : 587.50,
    "dma50" : 559.26,
    "dma100" : 522.20,
    "dma200" : 549.39,
    "volume" : 70100.00
  }, {
    "date" : "2025-08-21",
    "price" : 599.45,
    "dma50" : 560.84,
    "dma100" : 523.54,
    "dma200" : 549.88,
    "volume" : 248741.00
  }, {
    "date" : "2025-08-22",
    "price" : 604.05,
    "dma50" : 562.53,
    "dma100" : 525.07,
    "dma200" : 550.42,
    "volume" : 134541.00
  }, {
    "date" : "2025-08-25",
    "price" : 586.95,
    "dma50" : 563.49,
    "dma100" : 526.45,
    "dma200" : 550.79,
    "volume" : 56953.00
  }, {
    "date" : "2025-08-26",
    "price" : 570.60,
    "dma50" : 563.77,
    "dma100" : 527.57,
    "dma200" : 550.98,
    "volume" : 44403.00
  }, {
    "date" : "2025-08-28",
    "price" : 556.10,
    "dma50" : 563.47,
    "dma100" : 528.56,
    "dma200" : 551.03,
    "volume" : 62032.00
  }, {
    "date" : "2025-08-29",
    "price" : 545.60,
    "dma50" : 562.77,
    "dma100" : 529.32,
    "dma200" : 550.98,
    "volume" : 66527.00
  }, {
    "date" : "2025-09-01",
    "price" : 555.20,
    "dma50" : 562.47,
    "dma100" : 530.42,
    "dma200" : 551.02,
    "volume" : 57185.00
  }, {
    "date" : "2025-09-02",
    "price" : 562.90,
    "dma50" : 562.49,
    "dma100" : 531.96,
    "dma200" : 551.14,
    "volume" : 66102.00
  }, {
    "date" : "2025-09-03",
    "price" : 568.50,
    "dma50" : 562.72,
    "dma100" : 533.42,
    "dma200" : 551.31,
    "volume" : 30832.00
  }, {
    "date" : "2025-09-04",
    "price" : 563.70,
    "dma50" : 562.76,
    "dma100" : 534.95,
    "dma200" : 551.44,
    "volume" : 64460.00
  }, {
    "date" : "2025-09-05",
    "price" : 563.35,
    "dma50" : 562.79,
    "dma100" : 536.14,
    "dma200" : 551.56,
    "volume" : 29860.00
  }, {
    "date" : "2025-09-08",
    "price" : 562.70,
    "dma50" : 562.78,
    "dma100" : 537.25,
    "dma200" : 551.67,
    "volume" : 70870.00
  }, {
    "date" : "2025-09-09",
    "price" : 557.25,
    "dma50" : 562.57,
    "dma100" : 538.02,
    "dma200" : 551.72,
    "volume" : 32061.00
  }, {
    "date" : "2025-09-10",
    "price" : 568.55,
    "dma50" : 562.80,
    "dma100" : 538.90,
    "dma200" : 551.89,
    "volume" : 63942.00
  }, {
    "date" : "2025-09-11",
    "price" : 563.15,
    "dma50" : 562.81,
    "dma100" : 539.47,
    "dma200" : 552.00,
    "volume" : 49423.00
  }, {
    "date" : "2025-09-12",
    "price" : 566.80,
    "dma50" : 562.97,
    "dma100" : 540.10,
    "dma200" : 552.15,
    "volume" : 50388.00
  }, {
    "date" : "2025-09-15",
    "price" : 585.55,
    "dma50" : 563.86,
    "dma100" : 540.94,
    "dma200" : 552.48,
    "volume" : 162020.00
  }, {
    "date" : "2025-09-16",
    "price" : 576.30,
    "dma50" : 564.34,
    "dma100" : 541.63,
    "dma200" : 552.72,
    "volume" : 53814.00
  }, {
    "date" : "2025-09-17",
    "price" : 573.45,
    "dma50" : 564.70,
    "dma100" : 542.41,
    "dma200" : 552.92,
    "volume" : 55569.00
  }, {
    "date" : "2025-09-18",
    "price" : 587.30,
    "dma50" : 565.59,
    "dma100" : 543.42,
    "dma200" : 553.27,
    "volume" : 140082.00
  }, {
    "date" : "2025-09-19",
    "price" : 600.65,
    "dma50" : 566.96,
    "dma100" : 544.56,
    "dma200" : 553.74,
    "volume" : 1609879.00
  }, {
    "date" : "2025-09-22",
    "price" : 614.95,
    "dma50" : 568.84,
    "dma100" : 546.02,
    "dma200" : 554.35,
    "volume" : 309418.00
  }, {
    "date" : "2025-09-23",
    "price" : 615.00,
    "dma50" : 570.65,
    "dma100" : 547.51,
    "dma200" : 554.95,
    "volume" : 137545.00
  }, {
    "date" : "2025-09-24",
    "price" : 601.95,
    "dma50" : 571.88,
    "dma100" : 548.86,
    "dma200" : 555.42,
    "volume" : 81201.00
  }, {
    "date" : "2025-09-25",
    "price" : 604.90,
    "dma50" : 573.18,
    "dma100" : 550.41,
    "dma200" : 555.91,
    "volume" : 125164.00
  }, {
    "date" : "2025-09-26",
    "price" : 572.65,
    "dma50" : 573.16,
    "dma100" : 551.68,
    "dma200" : 556.08,
    "volume" : 81066.00
  }, {
    "date" : "2025-09-29",
    "price" : 566.85,
    "dma50" : 572.91,
    "dma100" : 553.02,
    "dma200" : 556.18,
    "volume" : 49263.00
  }, {
    "date" : "2025-09-30",
    "price" : 559.90,
    "dma50" : 572.40,
    "dma100" : 554.22,
    "dma200" : 556.22,
    "volume" : 48128.00
  }, {
    "date" : "2025-10-01",
    "price" : 582.25,
    "dma50" : 572.78,
    "dma100" : 555.35,
    "dma200" : 556.48,
    "volume" : 109211.00
  }, {
    "date" : "2025-10-03",
    "price" : 576.50,
    "dma50" : 572.93,
    "dma100" : 556.25,
    "dma200" : 556.68,
    "volume" : 50611.00
  }, {
    "date" : "2025-10-06",
    "price" : 593.65,
    "dma50" : 573.74,
    "dma100" : 557.14,
    "dma200" : 557.05,
    "volume" : 109591.00
  }, {
    "date" : "2025-10-07",
    "price" : 637.75,
    "dma50" : 576.25,
    "dma100" : 558.41,
    "dma200" : 557.85,
    "volume" : 11150986.00
  }, {
    "date" : "2025-10-08",
    "price" : 638.15,
    "dma50" : 578.68,
    "dma100" : 559.68,
    "dma200" : 558.65,
    "volume" : 556539.00
  }, {
    "date" : "2025-10-09",
    "price" : 632.60,
    "dma50" : 580.79,
    "dma100" : 560.85,
    "dma200" : 559.39,
    "volume" : 172993.00
  }, {
    "date" : "2025-10-10",
    "price" : 625.50,
    "dma50" : 582.55,
    "dma100" : 561.70,
    "dma200" : 560.04,
    "volume" : 143462.00
  }, {
    "date" : "2025-10-13",
    "price" : 628.95,
    "dma50" : 584.37,
    "dma100" : 562.64,
    "dma200" : 560.73,
    "volume" : 159155.00
  }, {
    "date" : "2025-10-14",
    "price" : 623.85,
    "dma50" : 585.92,
    "dma100" : 563.56,
    "dma200" : 561.36,
    "volume" : 108268.00
  }, {
    "date" : "2025-10-15",
    "price" : 631.55,
    "dma50" : 587.71,
    "dma100" : 564.76,
    "dma200" : 562.06,
    "volume" : 101207.00
  }, {
    "date" : "2025-10-16",
    "price" : 643.00,
    "dma50" : 589.87,
    "dma100" : 566.45,
    "dma200" : 562.86,
    "volume" : 207303.00
  }, {
    "date" : "2025-10-17",
    "price" : 647.35,
    "dma50" : 592.13,
    "dma100" : 568.25,
    "dma200" : 563.70,
    "volume" : 131468.00
  }, {
    "date" : "2025-10-20",
    "price" : 647.10,
    "dma50" : 594.28,
    "dma100" : 570.01,
    "dma200" : 564.53,
    "volume" : 76501.00
  }, {
    "date" : "2025-10-21",
    "price" : 647.85,
    "dma50" : 596.38,
    "dma100" : 571.74,
    "dma200" : 565.36,
    "volume" : 26977.00
  }, {
    "date" : "2025-10-23",
    "price" : 640.30,
    "dma50" : 598.11,
    "dma100" : 573.37,
    "dma200" : 566.11,
    "volume" : 100552.00
  }, {
    "date" : "2025-10-24",
    "price" : 649.50,
    "dma50" : 600.12,
    "dma100" : 574.98,
    "dma200" : 566.94,
    "volume" : 91636.00
  }, {
    "date" : "2025-10-27",
    "price" : 644.85,
    "dma50" : 601.88,
    "dma100" : 576.32,
    "dma200" : 567.71,
    "volume" : 71442.00
  }, {
    "date" : "2025-10-28",
    "price" : 639.10,
    "dma50" : 603.34,
    "dma100" : 577.67,
    "dma200" : 568.42,
    "volume" : 62590.00
  }, {
    "date" : "2025-10-29",
    "price" : 642.05,
    "dma50" : 604.85,
    "dma100" : 579.14,
    "dma200" : 569.15,
    "volume" : 66107.00
  }, {
    "date" : "2025-10-30",
    "price" : 640.10,
    "dma50" : 606.24,
    "dma100" : 580.42,
    "dma200" : 569.86,
    "volume" : 42235.00
  }, {
    "date" : "2025-10-31",
    "price" : 635.75,
    "dma50" : 607.39,
    "dma100" : 581.68,
    "dma200" : 570.52,
    "volume" : 66731.00
  }, {
    "date" : "2025-11-03",
    "price" : 627.35,
    "dma50" : 608.18,
    "dma100" : 582.80,
    "dma200" : 571.08,
    "volume" : 89838.00
  }, {
    "date" : "2025-11-04",
    "price" : 624.60,
    "dma50" : 608.82,
    "dma100" : 583.77,
    "dma200" : 571.61,
    "volume" : 60027.00
  }, {
    "date" : "2025-11-06",
    "price" : 602.70,
    "dma50" : 608.58,
    "dma100" : 584.69,
    "dma200" : 571.92,
    "volume" : 84259.00
  }, {
    "date" : "2025-11-07",
    "price" : 606.25,
    "dma50" : 608.49,
    "dma100" : 585.55,
    "dma200" : 572.26,
    "volume" : 41007.00
  }, {
    "date" : "2025-11-10",
    "price" : 629.50,
    "dma50" : 609.31,
    "dma100" : 586.70,
    "dma200" : 572.83,
    "volume" : 148471.00
  }, {
    "date" : "2025-11-11",
    "price" : 630.70,
    "dma50" : 610.15,
    "dma100" : 587.92,
    "dma200" : 573.41,
    "volume" : 62130.00
  }, {
    "date" : "2025-11-12",
    "price" : 633.35,
    "dma50" : 611.06,
    "dma100" : 589.04,
    "dma200" : 574.01,
    "volume" : 63813.00
  }, {
    "date" : "2025-11-13",
    "price" : 647.45,
    "dma50" : 612.49,
    "dma100" : 590.37,
    "dma200" : 574.74,
    "volume" : 132599.00
  }, {
    "date" : "2025-11-14",
    "price" : 631.65,
    "dma50" : 613.24,
    "dma100" : 591.53,
    "dma200" : 575.30,
    "volume" : 151868.00
  }, {
    "date" : "2025-11-17",
    "price" : 630.05,
    "dma50" : 613.90,
    "dma100" : 592.70,
    "dma200" : 575.85,
    "volume" : 43898.00
  }, {
    "date" : "2025-11-18",
    "price" : 625.10,
    "dma50" : 614.34,
    "dma100" : 593.82,
    "dma200" : 576.34,
    "volume" : 88470.00
  }, {
    "date" : "2025-11-19",
    "price" : 629.85,
    "dma50" : 614.95,
    "dma100" : 594.73,
    "dma200" : 576.87,
    "volume" : 137250.00
  }, {
    "date" : "2025-11-20",
    "price" : 623.20,
    "dma50" : 615.27,
    "dma100" : 595.57,
    "dma200" : 577.33,
    "volume" : 72872.00
  }, {
    "date" : "2025-11-21",
    "price" : 614.75,
    "dma50" : 615.25,
    "dma100" : 596.31,
    "dma200" : 577.70,
    "volume" : 74005.00
  }, {
    "date" : "2025-11-24",
    "price" : 590.90,
    "dma50" : 614.29,
    "dma100" : 596.58,
    "dma200" : 577.83,
    "volume" : 59961.00
  }, {
    "date" : "2025-11-25",
    "price" : 598.45,
    "dma50" : 613.67,
    "dma100" : 596.78,
    "dma200" : 578.04,
    "volume" : 73280.00
  }, {
    "date" : "2025-11-26",
    "price" : 591.20,
    "dma50" : 612.79,
    "dma100" : 597.07,
    "dma200" : 578.17,
    "volume" : 42729.00
  }, {
    "date" : "2025-11-27",
    "price" : 593.75,
    "dma50" : 612.05,
    "dma100" : 597.44,
    "dma200" : 578.33,
    "volume" : 30069.00
  }, {
    "date" : "2025-11-28",
    "price" : 593.45,
    "dma50" : 611.32,
    "dma100" : 597.78,
    "dma200" : 578.48,
    "volume" : 36117.00
  }, {
    "date" : "2025-12-01",
    "price" : 581.25,
    "dma50" : 610.14,
    "dma100" : 598.02,
    "dma200" : 578.50,
    "volume" : 31768.00
  }, {
    "date" : "2025-12-02",
    "price" : 578.85,
    "dma50" : 608.91,
    "dma100" : 597.76,
    "dma200" : 578.51,
    "volume" : 17584.00
  }, {
    "date" : "2025-12-03",
    "price" : 567.05,
    "dma50" : 607.27,
    "dma100" : 597.41,
    "dma200" : 578.39,
    "volume" : 27792.00
  }, {
    "date" : "2025-12-04",
    "price" : 567.25,
    "dma50" : 605.70,
    "dma100" : 597.06,
    "dma200" : 578.28,
    "volume" : 28184.00
  }, {
    "date" : "2025-12-05",
    "price" : 557.90,
    "dma50" : 603.82,
    "dma100" : 596.57,
    "dma200" : 578.08,
    "volume" : 37156.00
  }, {
    "date" : "2025-12-08",
    "price" : 532.95,
    "dma50" : 601.05,
    "dma100" : 595.70,
    "dma200" : 577.63,
    "volume" : 98303.00
  }, {
    "date" : "2025-12-09",
    "price" : 548.35,
    "dma50" : 598.98,
    "dma100" : 594.94,
    "dma200" : 577.34,
    "volume" : 68689.00
  }, {
    "date" : "2025-12-10",
    "price" : 540.20,
    "dma50" : 596.67,
    "dma100" : 594.12,
    "dma200" : 576.97,
    "volume" : 40240.00
  }, {
    "date" : "2025-12-11",
    "price" : 540.95,
    "dma50" : 594.49,
    "dma100" : 593.32,
    "dma200" : 576.61,
    "volume" : 37013.00
  }, {
    "date" : "2025-12-12",
    "price" : 550.65,
    "dma50" : 592.77,
    "dma100" : 592.68,
    "dma200" : 576.35,
    "volume" : 37434.00
  }, {
    "date" : "2025-12-15",
    "price" : 557.60,
    "dma50" : 591.39,
    "dma100" : 592.16,
    "dma200" : 576.17,
    "volume" : 41090.00
  }, {
    "date" : "2025-12-16",
    "price" : 554.40,
    "dma50" : 589.94,
    "dma100" : 591.75,
    "dma200" : 575.95,
    "volume" : 15343.00
  }, {
    "date" : "2025-12-17",
    "price" : 547.60,
    "dma50" : 588.28,
    "dma100" : 591.31,
    "dma200" : 575.67,
    "volume" : 24168.00
  }, {
    "date" : "2025-12-18",
    "price" : 543.30,
    "dma50" : 586.52,
    "dma100" : 590.76,
    "dma200" : 575.35,
    "volume" : 35987.00
  }, {
    "date" : "2025-12-19",
    "price" : 553.80,
    "dma50" : 585.23,
    "dma100" : 590.51,
    "dma200" : 575.13,
    "volume" : 20789.00
  }, {
    "date" : "2025-12-22",
    "price" : 556.30,
    "dma50" : 584.10,
    "dma100" : 590.35,
    "dma200" : 574.94,
    "volume" : 44524.00
  }, {
    "date" : "2025-12-23",
    "price" : 577.65,
    "dma50" : 583.84,
    "dma100" : 590.31,
    "dma200" : 574.97,
    "volume" : 138108.00
  }, {
    "date" : "2025-12-24",
    "price" : 569.10,
    "dma50" : 583.27,
    "dma100" : 590.13,
    "dma200" : 574.91,
    "volume" : 44711.00
  }, {
    "date" : "2025-12-26",
    "price" : 577.90,
    "dma50" : 583.06,
    "dma100" : 590.04,
    "dma200" : 574.94,
    "volume" : 38351.00
  }, {
    "date" : "2025-12-29",
    "price" : 557.90,
    "dma50" : 582.07,
    "dma100" : 589.86,
    "dma200" : 574.77,
    "volume" : 49587.00
  }, {
    "date" : "2025-12-30",
    "price" : 563.20,
    "dma50" : 581.33,
    "dma100" : 589.75,
    "dma200" : 574.66,
    "volume" : 19201.00
  }, {
    "date" : "2025-12-31",
    "price" : 556.85,
    "dma50" : 580.37,
    "dma100" : 589.65,
    "dma200" : 574.48,
    "volume" : 21342.00
  }, {
    "date" : "2026-01-01",
    "price" : 551.25,
    "dma50" : 579.23,
    "dma100" : 589.68,
    "dma200" : 574.25,
    "volume" : 19537.00
  }, {
    "date" : "2026-01-02",
    "price" : 554.75,
    "dma50" : 578.27,
    "dma100" : 589.85,
    "dma200" : 574.06,
    "volume" : 18943.00
  }, {
    "date" : "2026-01-05",
    "price" : 544.00,
    "dma50" : 576.92,
    "dma100" : 589.89,
    "dma200" : 573.76,
    "volume" : 50531.00
  }, {
    "date" : "2026-01-06",
    "price" : 535.25,
    "dma50" : 575.29,
    "dma100" : 589.87,
    "dma200" : 573.37,
    "volume" : 40952.00
  }, {
    "date" : "2026-01-07",
    "price" : 534.30,
    "dma50" : 573.68,
    "dma100" : 589.60,
    "dma200" : 572.98,
    "volume" : 26906.00
  }, {
    "date" : "2026-01-08",
    "price" : 520.20,
    "dma50" : 571.58,
    "dma100" : 589.26,
    "dma200" : 572.46,
    "volume" : 33740.00
  }, {
    "date" : "2026-01-09",
    "price" : 510.00,
    "dma50" : 569.17,
    "dma100" : 588.78,
    "dma200" : 571.84,
    "volume" : 43424.00
  }, {
    "date" : "2026-01-12",
    "price" : 502.85,
    "dma50" : 566.57,
    "dma100" : 588.18,
    "dma200" : 571.15,
    "volume" : 94733.00
  }, {
    "date" : "2026-01-13",
    "price" : 500.15,
    "dma50" : 563.96,
    "dma100" : 587.48,
    "dma200" : 570.44,
    "volume" : 28511.00
  }, {
    "date" : "2026-01-14",
    "price" : 497.80,
    "dma50" : 561.37,
    "dma100" : 586.58,
    "dma200" : 569.72,
    "volume" : 26656.00
  }, {
    "date" : "2026-01-16",
    "price" : 506.65,
    "dma50" : 559.22,
    "dma100" : 585.65,
    "dma200" : 569.09,
    "volume" : 49444.00
  }, {
    "date" : "2026-01-19",
    "price" : 501.05,
    "dma50" : 556.94,
    "dma100" : 584.62,
    "dma200" : 568.42,
    "volume" : 30844.00
  }, {
    "date" : "2026-01-20",
    "price" : 486.95,
    "dma50" : 554.20,
    "dma100" : 583.62,
    "dma200" : 567.61,
    "volume" : 47639.00
  }, {
    "date" : "2026-01-21",
    "price" : 476.90,
    "dma50" : 551.17,
    "dma100" : 582.68,
    "dma200" : 566.70,
    "volume" : 52770.00
  }, {
    "date" : "2026-01-22",
    "price" : 489.65,
    "dma50" : 548.75,
    "dma100" : 582.02,
    "dma200" : 565.94,
    "volume" : 34414.00
  }, {
    "date" : "2026-01-23",
    "price" : 500.45,
    "dma50" : 546.86,
    "dma100" : 581.57,
    "dma200" : 565.29,
    "volume" : 45282.00
  }, {
    "date" : "2026-01-27",
    "price" : 483.55,
    "dma50" : 544.38,
    "dma100" : 580.85,
    "dma200" : 564.47,
    "volume" : 24354.00
  }, {
    "date" : "2026-01-28",
    "price" : 489.85,
    "dma50" : 542.24,
    "dma100" : 580.12,
    "dma200" : 563.73,
    "volume" : 30267.00
  }, {
    "date" : "2026-01-29",
    "price" : 481.05,
    "dma50" : 539.84,
    "dma100" : 579.25,
    "dma200" : 562.91,
    "volume" : 82334.00
  }, {
    "date" : "2026-01-30",
    "price" : 475.75,
    "dma50" : 537.33,
    "dma100" : 578.37,
    "dma200" : 562.04,
    "volume" : 51364.00
  }, {
    "date" : "2026-02-01",
    "price" : 457.35,
    "dma50" : 534.19,
    "dma100" : 577.31,
    "dma200" : 561.00,
    "volume" : 47314.00
  }, {
    "date" : "2026-02-02",
    "price" : 448.60,
    "dma50" : 530.83,
    "dma100" : 576.17,
    "dma200" : 559.88,
    "volume" : 73094.00
  }, {
    "date" : "2026-02-03",
    "price" : 472.55,
    "dma50" : 528.55,
    "dma100" : 575.32,
    "dma200" : 559.01,
    "volume" : 74616.00
  }, {
    "date" : "2026-02-04",
    "price" : 481.00,
    "dma50" : 526.68,
    "dma100" : 574.44,
    "dma200" : 558.23,
    "volume" : 22467.00
  }, {
    "date" : "2026-02-05",
    "price" : 465.90,
    "dma50" : 524.30,
    "dma100" : 573.47,
    "dma200" : 557.32,
    "volume" : 33435.00
  }, {
    "date" : "2026-02-06",
    "price" : 457.40,
    "dma50" : 521.68,
    "dma100" : 572.38,
    "dma200" : 556.32,
    "volume" : 43303.00
  }, {
    "date" : "2026-02-09",
    "price" : 476.05,
    "dma50" : 519.89,
    "dma100" : 571.28,
    "dma200" : 555.52,
    "volume" : 76802.00
  }, {
    "date" : "2026-02-10",
    "price" : 480.75,
    "dma50" : 518.35,
    "dma100" : 570.33,
    "dma200" : 554.78,
    "volume" : 40014.00
  }, {
    "date" : "2026-02-11",
    "price" : 478.80,
    "dma50" : 516.80,
    "dma100" : 569.38,
    "dma200" : 554.02,
    "volume" : 25803.00
  }, {
    "date" : "2026-02-12",
    "price" : 471.70,
    "dma50" : 515.03,
    "dma100" : 568.22,
    "dma200" : 553.20,
    "volume" : 32706.00
  } ],
  "latestTechnicalAttributes" : {
    "date" : "2026-02-12",
    "price" : 471.70,
    "dma50" : 515.03,
    "dma100" : 568.22,
    "dma200" : 553.20,
    "volume" : 32706.00
  },
  "quarterlyResults" : [ {
    "date" : "2009-06-30",
    "sales" : 340.93,
    "salesGrowthYoY" : null,
    "grossProfitMargin" : 85.48,
    "grossProfit" : 291.43,
    "operatingProfitMargin" : 11.82,
    "operatingProfit" : 40.30,
    "netProfitMargin" : 5.41,
    "netProfit" : 18.44
  }, {
    "date" : "2009-09-30",
    "sales" : 320.87,
    "salesGrowthYoY" : null,
    "grossProfitMargin" : 96.44,
    "grossProfit" : 309.45,
    "operatingProfitMargin" : 10.91,
    "operatingProfit" : 35.01,
    "netProfitMargin" : 5.25,
    "netProfit" : 16.85
  }, {
    "date" : "2009-12-31",
    "sales" : 404.94,
    "salesGrowthYoY" : null,
    "grossProfitMargin" : 76.28,
    "grossProfit" : 308.89,
    "operatingProfitMargin" : 9.71,
    "operatingProfit" : 39.32,
    "netProfitMargin" : 5.05,
    "netProfit" : 20.45
  }, {
    "date" : "2010-03-31",
    "sales" : 794.51,
    "salesGrowthYoY" : null,
    "grossProfitMargin" : 83.09,
    "grossProfit" : 660.16,
    "operatingProfitMargin" : 10.07,
    "operatingProfit" : 80.01,
    "netProfitMargin" : 5.92,
    "netProfit" : 47.03
  }, {
    "date" : "2010-06-30",
    "sales" : 419.68,
    "salesGrowthYoY" : 23.10,
    "grossProfitMargin" : 93.78,
    "grossProfit" : 393.58,
    "operatingProfitMargin" : 11.12,
    "operatingProfit" : 46.67,
    "netProfitMargin" : 6.15,
    "netProfit" : 25.81
  }, {
    "date" : "2010-09-30",
    "sales" : 506.22,
    "salesGrowthYoY" : 57.76,
    "grossProfitMargin" : 77.05,
    "grossProfit" : 390.04,
    "operatingProfitMargin" : 9.67,
    "operatingProfit" : 48.95,
    "netProfitMargin" : 5.09,
    "netProfit" : 25.77
  }, {
    "date" : "2010-12-31",
    "sales" : 793.30,
    "salesGrowthYoY" : 95.91,
    "grossProfitMargin" : 62.29,
    "grossProfit" : 494.15,
    "operatingProfitMargin" : 9.69,
    "operatingProfit" : 76.87,
    "netProfitMargin" : 5.46,
    "netProfit" : 43.31
  }, {
    "date" : "2011-03-31",
    "sales" : 1011.31,
    "salesGrowthYoY" : 27.29,
    "grossProfitMargin" : 70.07,
    "grossProfit" : 708.62,
    "operatingProfitMargin" : 11.21,
    "operatingProfit" : 113.37,
    "netProfitMargin" : 6.18,
    "netProfit" : 62.50
  }, {
    "date" : "2011-06-30",
    "sales" : 602.80,
    "salesGrowthYoY" : 43.63,
    "grossProfitMargin" : 19.20,
    "grossProfit" : 115.74,
    "operatingProfitMargin" : 11.51,
    "operatingProfit" : 69.38,
    "netProfitMargin" : 5.37,
    "netProfit" : 32.37
  }, {
    "date" : "2011-09-30",
    "sales" : 581.74,
    "salesGrowthYoY" : 14.92,
    "grossProfitMargin" : 21.70,
    "grossProfit" : 126.24,
    "operatingProfitMargin" : 10.96,
    "operatingProfit" : 63.76,
    "netProfitMargin" : 4.58,
    "netProfit" : 26.64
  }, {
    "date" : "2011-12-31",
    "sales" : 729.84,
    "salesGrowthYoY" : -8.00,
    "grossProfitMargin" : 20.09,
    "grossProfit" : 146.62,
    "operatingProfitMargin" : 10.44,
    "operatingProfit" : 76.20,
    "netProfitMargin" : 4.20,
    "netProfit" : 30.65
  }, {
    "date" : "2012-03-31",
    "sales" : 1179.88,
    "salesGrowthYoY" : 16.67,
    "grossProfitMargin" : 69.79,
    "grossProfit" : 823.44,
    "operatingProfitMargin" : 9.50,
    "operatingProfit" : 112.09,
    "netProfitMargin" : 4.58,
    "netProfit" : 54.04
  }, {
    "date" : "2012-06-30",
    "sales" : 669.17,
    "salesGrowthYoY" : 11.01,
    "grossProfitMargin" : 20.28,
    "grossProfit" : 135.71,
    "operatingProfitMargin" : 11.90,
    "operatingProfit" : 79.63,
    "netProfitMargin" : 3.76,
    "netProfit" : 25.16
  }, {
    "date" : "2012-09-30",
    "sales" : 613.44,
    "salesGrowthYoY" : 5.45,
    "grossProfitMargin" : 20.49,
    "grossProfit" : 125.69,
    "operatingProfitMargin" : 11.46,
    "operatingProfit" : 70.30,
    "netProfitMargin" : 3.06,
    "netProfit" : 18.77
  }, {
    "date" : "2012-12-31",
    "sales" : 811.24,
    "salesGrowthYoY" : 11.15,
    "grossProfitMargin" : 13.76,
    "grossProfit" : 111.63,
    "operatingProfitMargin" : 7.66,
    "operatingProfit" : 62.14,
    "netProfitMargin" : 1.26,
    "netProfit" : 10.22
  }, {
    "date" : "2013-03-31",
    "sales" : 944.76,
    "salesGrowthYoY" : -19.93,
    "grossProfitMargin" : 13.32,
    "grossProfit" : 125.84,
    "operatingProfitMargin" : 6.14,
    "operatingProfit" : 58.01,
    "netProfitMargin" : 0.61,
    "netProfit" : 5.76
  }, {
    "date" : "2013-06-30",
    "sales" : 617.99,
    "salesGrowthYoY" : -7.65,
    "grossProfitMargin" : 13.16,
    "grossProfit" : 81.33,
    "operatingProfitMargin" : -2.57,
    "operatingProfit" : -15.88,
    "netProfitMargin" : -6.62,
    "netProfit" : -40.91
  }, {
    "date" : "2013-09-30",
    "sales" : 413.41,
    "salesGrowthYoY" : -32.61,
    "grossProfitMargin" : 37.41,
    "grossProfit" : 154.66,
    "operatingProfitMargin" : -13.22,
    "operatingProfit" : -54.65,
    "netProfitMargin" : -17.99,
    "netProfit" : -74.37
  }, {
    "date" : "2013-12-31",
    "sales" : 416.36,
    "salesGrowthYoY" : -48.68,
    "grossProfitMargin" : -2.14,
    "grossProfit" : -8.91,
    "operatingProfitMargin" : -19.62,
    "operatingProfit" : -81.69,
    "netProfitMargin" : -32.56,
    "netProfit" : -135.57
  }, {
    "date" : "2014-03-31",
    "sales" : 308.02,
    "salesGrowthYoY" : -67.40,
    "grossProfitMargin" : -38.51,
    "grossProfit" : -118.62,
    "operatingProfitMargin" : -82.12,
    "operatingProfit" : -252.95,
    "netProfitMargin" : -58.86,
    "netProfit" : -181.30
  }, {
    "date" : "2014-06-30",
    "sales" : 220.14,
    "salesGrowthYoY" : -64.38,
    "grossProfitMargin" : 12.11,
    "grossProfit" : 26.66,
    "operatingProfitMargin" : -25.58,
    "operatingProfit" : -56.31,
    "netProfitMargin" : -39.70,
    "netProfit" : -87.40
  }, {
    "date" : "2014-09-30",
    "sales" : 221.64,
    "salesGrowthYoY" : -46.39,
    "grossProfitMargin" : -30.74,
    "grossProfit" : -68.13,
    "operatingProfitMargin" : -63.15,
    "operatingProfit" : -139.97,
    "netProfitMargin" : -64.23,
    "netProfit" : -142.36
  }, {
    "date" : "2014-12-31",
    "sales" : 303.32,
    "salesGrowthYoY" : -27.15,
    "grossProfitMargin" : -14.62,
    "grossProfit" : -44.35,
    "operatingProfitMargin" : -32.18,
    "operatingProfit" : -97.61,
    "netProfitMargin" : -43.88,
    "netProfit" : -133.10
  }, {
    "date" : "2015-03-31",
    "sales" : 336.17,
    "salesGrowthYoY" : 9.14,
    "grossProfitMargin" : -10.95,
    "grossProfit" : -36.81,
    "operatingProfitMargin" : -20.39,
    "operatingProfit" : -68.55,
    "netProfitMargin" : -24.59,
    "netProfit" : -82.66
  }, {
    "date" : "2015-06-30",
    "sales" : 265.60,
    "salesGrowthYoY" : 20.65,
    "grossProfitMargin" : 34.24,
    "grossProfit" : 90.94,
    "operatingProfitMargin" : -27.51,
    "operatingProfit" : -73.07,
    "netProfitMargin" : -34.15,
    "netProfit" : -90.70
  }, {
    "date" : "2015-09-30",
    "sales" : 318.41,
    "salesGrowthYoY" : 43.66,
    "grossProfitMargin" : 2.37,
    "grossProfit" : 7.55,
    "operatingProfitMargin" : -15.79,
    "operatingProfit" : -50.28,
    "netProfitMargin" : -26.27,
    "netProfit" : -83.65
  }, {
    "date" : "2015-12-31",
    "sales" : 341.80,
    "salesGrowthYoY" : 12.69,
    "grossProfitMargin" : 8.81,
    "grossProfit" : 30.11,
    "operatingProfitMargin" : -10.69,
    "operatingProfit" : -36.54,
    "netProfitMargin" : -26.10,
    "netProfit" : -89.21
  }, {
    "date" : "2016-03-31",
    "sales" : 902.67,
    "salesGrowthYoY" : 168.52,
    "grossProfitMargin" : 15.46,
    "grossProfit" : 139.55,
    "operatingProfitMargin" : 8.47,
    "operatingProfit" : 76.46,
    "netProfitMargin" : 10.51,
    "netProfit" : 94.87
  }, {
    "date" : "2016-06-30",
    "sales" : 311.40,
    "salesGrowthYoY" : 17.24,
    "grossProfitMargin" : 11.38,
    "grossProfit" : 35.44,
    "operatingProfitMargin" : 2.08,
    "operatingProfit" : 6.48,
    "netProfitMargin" : -4.82,
    "netProfit" : -15.01
  }, {
    "date" : "2016-09-30",
    "sales" : 222.20,
    "salesGrowthYoY" : -30.22,
    "grossProfitMargin" : 8.87,
    "grossProfit" : 19.71,
    "operatingProfitMargin" : -4.12,
    "operatingProfit" : -9.15,
    "netProfitMargin" : -18.68,
    "netProfit" : -41.51
  }, {
    "date" : "2016-12-31",
    "sales" : 373.25,
    "salesGrowthYoY" : 9.20,
    "grossProfitMargin" : 44.16,
    "grossProfit" : 164.83,
    "operatingProfitMargin" : 28.93,
    "operatingProfit" : 107.98,
    "netProfitMargin" : 7.40,
    "netProfit" : 27.62
  }, {
    "date" : "2017-03-31",
    "sales" : 617.72,
    "salesGrowthYoY" : -31.57,
    "grossProfitMargin" : 2.08,
    "grossProfit" : 12.85,
    "operatingProfitMargin" : -0.96,
    "operatingProfit" : -5.93,
    "netProfitMargin" : 13.94,
    "netProfit" : 86.11
  }, {
    "date" : "2017-06-30",
    "sales" : 321.78,
    "salesGrowthYoY" : 3.33,
    "grossProfitMargin" : 17.53,
    "grossProfit" : 56.41,
    "operatingProfitMargin" : 12.44,
    "operatingProfit" : 40.03,
    "netProfitMargin" : 0.69,
    "netProfit" : 2.22
  }, {
    "date" : "2017-09-30",
    "sales" : 324.03,
    "salesGrowthYoY" : 45.83,
    "grossProfitMargin" : 11.67,
    "grossProfit" : 37.81,
    "operatingProfitMargin" : 7.09,
    "operatingProfit" : 22.97,
    "netProfitMargin" : 1.03,
    "netProfit" : 3.34
  }, {
    "date" : "2017-12-31",
    "sales" : 256.84,
    "salesGrowthYoY" : -31.19,
    "grossProfitMargin" : 19.77,
    "grossProfit" : 50.78,
    "operatingProfitMargin" : -26.57,
    "operatingProfit" : -68.24,
    "netProfitMargin" : 0.34,
    "netProfit" : 0.87
  }, {
    "date" : "2018-03-31",
    "sales" : 443.78,
    "salesGrowthYoY" : -28.16,
    "grossProfitMargin" : 9.06,
    "grossProfit" : 40.21,
    "operatingProfitMargin" : -6.03,
    "operatingProfit" : -26.76,
    "netProfitMargin" : 13.19,
    "netProfit" : 58.53
  }, {
    "date" : "2018-06-30",
    "sales" : 248.13,
    "salesGrowthYoY" : -22.89,
    "grossProfitMargin" : 31.04,
    "grossProfit" : 77.02,
    "operatingProfitMargin" : 22.28,
    "operatingProfit" : 55.28,
    "netProfitMargin" : 7.48,
    "netProfit" : 18.56
  }, {
    "date" : "2018-09-30",
    "sales" : 289.63,
    "salesGrowthYoY" : -10.62,
    "grossProfitMargin" : 8.95,
    "grossProfit" : 25.92,
    "operatingProfitMargin" : -6.13,
    "operatingProfit" : -17.75,
    "netProfitMargin" : 3.89,
    "netProfit" : 11.27
  }, {
    "date" : "2018-12-31",
    "sales" : 193.80,
    "salesGrowthYoY" : -24.54,
    "grossProfitMargin" : 9.22,
    "grossProfit" : 17.87,
    "operatingProfitMargin" : -22.00,
    "operatingProfit" : -42.64,
    "netProfitMargin" : -17.46,
    "netProfit" : -33.84
  }, {
    "date" : "2019-03-31",
    "sales" : 745.09,
    "salesGrowthYoY" : 67.90,
    "grossProfitMargin" : 40.19,
    "grossProfit" : 299.45,
    "operatingProfitMargin" : 10.59,
    "operatingProfit" : 78.91,
    "netProfitMargin" : 6.07,
    "netProfit" : 45.23
  }, {
    "date" : "2019-06-30",
    "sales" : 516.81,
    "salesGrowthYoY" : 108.28,
    "grossProfitMargin" : 9.54,
    "grossProfit" : 49.30,
    "operatingProfitMargin" : 6.37,
    "operatingProfit" : 32.92,
    "netProfitMargin" : 0.60,
    "netProfit" : 3.10
  }, {
    "date" : "2019-09-30",
    "sales" : 223.92,
    "salesGrowthYoY" : -22.69,
    "grossProfitMargin" : 13.38,
    "grossProfit" : 29.96,
    "operatingProfitMargin" : 0.71,
    "operatingProfit" : 1.59,
    "netProfitMargin" : 1.80,
    "netProfit" : 4.03
  }, {
    "date" : "2019-12-31",
    "sales" : 230.82,
    "salesGrowthYoY" : 19.10,
    "grossProfitMargin" : 11.44,
    "grossProfit" : 26.41,
    "operatingProfitMargin" : 5.67,
    "operatingProfit" : 13.09,
    "netProfitMargin" : 0.72,
    "netProfit" : 1.66
  }, {
    "date" : "2020-03-31",
    "sales" : 282.03,
    "salesGrowthYoY" : -62.15,
    "grossProfitMargin" : 6.75,
    "grossProfit" : 19.04,
    "operatingProfitMargin" : -3.39,
    "operatingProfit" : -9.56,
    "netProfitMargin" : -2.16,
    "netProfit" : -6.09
  }, {
    "date" : "2020-06-30",
    "sales" : 213.64,
    "salesGrowthYoY" : -58.66,
    "grossProfitMargin" : 5.68,
    "grossProfit" : 12.13,
    "operatingProfitMargin" : -0.22,
    "operatingProfit" : -0.47,
    "netProfitMargin" : -4.04,
    "netProfit" : -8.63
  }, {
    "date" : "2020-09-30",
    "sales" : 148.26,
    "salesGrowthYoY" : -33.79,
    "grossProfitMargin" : 11.39,
    "grossProfit" : 16.89,
    "operatingProfitMargin" : 3.17,
    "operatingProfit" : 4.70,
    "netProfitMargin" : -1.37,
    "netProfit" : -2.03
  }, {
    "date" : "2020-12-31",
    "sales" : 296.13,
    "salesGrowthYoY" : 28.29,
    "grossProfitMargin" : 27.16,
    "grossProfit" : 80.43,
    "operatingProfitMargin" : 8.76,
    "operatingProfit" : 25.94,
    "netProfitMargin" : 5.64,
    "netProfit" : 16.70
  }, {
    "date" : "2021-03-31",
    "sales" : 254.17,
    "salesGrowthYoY" : -9.88,
    "grossProfitMargin" : 18.33,
    "grossProfit" : 46.59,
    "operatingProfitMargin" : 10.84,
    "operatingProfit" : 27.55,
    "netProfitMargin" : 18.85,
    "netProfit" : 47.91
  }, {
    "date" : "2021-06-30",
    "sales" : 220.59,
    "salesGrowthYoY" : 3.25,
    "grossProfitMargin" : 31.59,
    "grossProfit" : 69.68,
    "operatingProfitMargin" : 25.20,
    "operatingProfit" : 55.59,
    "netProfitMargin" : 23.87,
    "netProfit" : 52.65
  }, {
    "date" : "2021-09-30",
    "sales" : 237.83,
    "salesGrowthYoY" : 60.41,
    "grossProfitMargin" : 24.26,
    "grossProfit" : 57.70,
    "operatingProfitMargin" : -41.55,
    "operatingProfit" : -98.82,
    "netProfitMargin" : 7.92,
    "netProfit" : 18.84
  }, {
    "date" : "2021-12-31",
    "sales" : 375.63,
    "salesGrowthYoY" : 26.85,
    "grossProfitMargin" : 30.61,
    "grossProfit" : 114.98,
    "operatingProfitMargin" : 25.94,
    "operatingProfit" : 97.44,
    "netProfitMargin" : 11.90,
    "netProfit" : 44.70
  }, {
    "date" : "2022-03-31",
    "sales" : 463.87,
    "salesGrowthYoY" : 82.50,
    "grossProfitMargin" : 26.60,
    "grossProfit" : 123.39,
    "operatingProfitMargin" : 19.75,
    "operatingProfit" : 91.61,
    "netProfitMargin" : 0.47,
    "netProfit" : 2.18
  }, {
    "date" : "2022-06-30",
    "sales" : 326.02,
    "salesGrowthYoY" : 47.79,
    "grossProfitMargin" : 27.49,
    "grossProfit" : 89.62,
    "operatingProfitMargin" : 21.21,
    "operatingProfit" : 69.15,
    "netProfitMargin" : 15.11,
    "netProfit" : 49.26
  }, {
    "date" : "2022-09-30",
    "sales" : 315.84,
    "salesGrowthYoY" : 32.80,
    "grossProfitMargin" : 27.11,
    "grossProfit" : 85.62,
    "operatingProfitMargin" : 18.30,
    "operatingProfit" : 57.80,
    "netProfitMargin" : 15.85,
    "netProfit" : 50.06
  }, {
    "date" : "2022-12-31",
    "sales" : 391.03,
    "salesGrowthYoY" : 4.10,
    "grossProfitMargin" : 28.15,
    "grossProfit" : 110.07,
    "operatingProfitMargin" : 21.43,
    "operatingProfit" : 83.80,
    "netProfitMargin" : 17.12,
    "netProfit" : 66.94
  }, {
    "date" : "2023-03-31",
    "sales" : 441.11,
    "salesGrowthYoY" : -4.91,
    "grossProfitMargin" : 33.78,
    "grossProfit" : 149.01,
    "operatingProfitMargin" : 20.74,
    "operatingProfit" : 91.49,
    "netProfitMargin" : 10.93,
    "netProfit" : 48.21
  }, {
    "date" : "2023-06-30",
    "sales" : 531.54,
    "salesGrowthYoY" : 63.04,
    "grossProfitMargin" : 36.44,
    "grossProfit" : 193.69,
    "operatingProfitMargin" : 27.05,
    "operatingProfit" : 143.78,
    "netProfitMargin" : 20.02,
    "netProfit" : 106.41
  }, {
    "date" : "2023-09-30",
    "sales" : 534.38,
    "salesGrowthYoY" : 69.19,
    "grossProfitMargin" : 34.61,
    "grossProfit" : 184.95,
    "operatingProfitMargin" : 29.21,
    "operatingProfit" : 156.09,
    "netProfitMargin" : 22.73,
    "netProfit" : 121.46
  }, {
    "date" : "2023-12-31",
    "sales" : 418.78,
    "salesGrowthYoY" : 7.10,
    "grossProfitMargin" : 26.95,
    "grossProfit" : 112.86,
    "operatingProfitMargin" : 18.20,
    "operatingProfit" : 76.22,
    "netProfitMargin" : 11.43,
    "netProfit" : 47.87
  }, {
    "date" : "2024-03-31",
    "sales" : 548.49,
    "salesGrowthYoY" : 24.34,
    "grossProfitMargin" : 26.84,
    "grossProfit" : 147.21,
    "operatingProfitMargin" : 19.75,
    "operatingProfit" : 108.33,
    "netProfitMargin" : 15.40,
    "netProfit" : 84.47
  }, {
    "date" : "2024-06-30",
    "sales" : 550.14,
    "salesGrowthYoY" : 3.50,
    "grossProfitMargin" : 81.82,
    "grossProfit" : 450.12,
    "operatingProfitMargin" : 20.92,
    "operatingProfit" : 115.09,
    "netProfitMargin" : 15.71,
    "netProfit" : 86.43
  }, {
    "date" : "2024-09-30",
    "sales" : 502.96,
    "salesGrowthYoY" : -5.88,
    "grossProfitMargin" : 79.04,
    "grossProfit" : 397.54,
    "operatingProfitMargin" : 24.12,
    "operatingProfit" : 121.31,
    "netProfitMargin" : 19.35,
    "netProfit" : 97.32
  }, {
    "date" : "2024-12-31",
    "sales" : 430.20,
    "salesGrowthYoY" : 2.73,
    "grossProfitMargin" : 32.25,
    "grossProfit" : 138.74,
    "operatingProfitMargin" : 22.30,
    "operatingProfit" : 95.93,
    "netProfitMargin" : 16.70,
    "netProfit" : 71.84
  }, {
    "date" : "2025-03-31",
    "sales" : 486.06,
    "salesGrowthYoY" : -11.38,
    "grossProfitMargin" : 77.13,
    "grossProfit" : 374.90,
    "operatingProfitMargin" : 0.94,
    "operatingProfit" : 4.57,
    "netProfitMargin" : 1.97,
    "netProfit" : 9.58
  }, {
    "date" : "2025-06-30",
    "sales" : 354.08,
    "salesGrowthYoY" : -35.64,
    "grossProfitMargin" : 80.00,
    "grossProfit" : 283.26,
    "operatingProfitMargin" : 16.73,
    "operatingProfit" : 59.24,
    "netProfitMargin" : 15.70,
    "netProfit" : 55.59
  }, {
    "date" : "2025-09-30",
    "sales" : 444.79,
    "salesGrowthYoY" : -11.57,
    "grossProfitMargin" : 76.24,
    "grossProfit" : 339.11,
    "operatingProfitMargin" : 16.00,
    "operatingProfit" : 71.17,
    "netProfitMargin" : 15.27,
    "netProfit" : 67.92
  }, {
    "date" : "2025-12-31",
    "sales" : 452.66,
    "salesGrowthYoY" : 5.22,
    "grossProfitMargin" : 27.96,
    "grossProfit" : 126.56,
    "operatingProfitMargin" : 13.42,
    "operatingProfit" : 60.75,
    "netProfitMargin" : 12.59,
    "netProfit" : 56.99
  } ],
  "latestQuarterlyResult" : {
    "date" : "2025-12-31",
    "sales" : 452.66,
    "salesGrowthYoY" : 5.22,
    "grossProfitMargin" : 27.96,
    "grossProfit" : 126.56,
    "operatingProfitMargin" : 13.42,
    "operatingProfit" : 60.75,
    "netProfitMargin" : 12.59,
    "netProfit" : 56.99
  },
  "companyScore" : {
    "priceHigherThanDma50" : 0.00,
    "priceHigherThanDma100" : 0.00,
    "priceHigherThanDma200" : 0.00,
    "dma50HigherThanDma100" : 0.00,
    "dma50HigherThanDma200" : 0.00,
    "dma100HigherThanDma200" : 5.00,
    "pricePercentageAboveDma50" : 5.42,
    "pricePercentageAboveDma100" : 5.85,
    "pricePercentageAboveDma200" : 5.74,
    "weeklyVolumeHigherThanYearlyVolume" : 0.00,
    "salesGrowthPercentile" : 10.16,
    "operatingProfitMarginPercentile" : 17.16,
    "netProfitMarginPercentile" : 8.72,
    "totalTechnicalScore" : 22.01,
    "totalFundamentalScore" : 36.04,
    "totalScore" : 58.05
  }
}