{
  "metadata" : {
    "screenerCompanyId" : "2652",
    "companyCode" : "RAMRAT",
    "companyName" : "Ram Ratna Wires",
    "screenerCompanyLink" : "https://www.screener.in/company/RAMRAT/consolidated/",
    "screenerTechnicalHistoryLink" : "https://www.screener.in/api/company/2652/chart/?q=Price-DMA50-DMA200-Volume&days=365",
    "screenerQuarterlyResultsLink" : "https://www.screener.in/api/company/2652/chart/?q=GPM-OPM-NPM-Quarter+Sales&days=10000",
    "attributes" : {
      "companyCode" : "RAMRAT",
      "companyName" : "Ram Ratna Wires",
      "marketCap" : 2913.00,
      "peRatio" : 32.80,
      "description" : "Ram Ratna Wires Limited is engaged in the manufacturing of winding wires, mainly enamelled copper wires. [1]"
    },
    "companyScore" : {
      "priceHigherThanDma50" : 5.00,
      "priceHigherThanDma100" : 5.00,
      "priceHigherThanDma200" : 5.00,
      "dma50HigherThanDma100" : 0.00,
      "dma50HigherThanDma200" : 0.00,
      "dma100HigherThanDma200" : 5.00,
      "pricePercentageAboveDma50" : 4.88,
      "pricePercentageAboveDma100" : 4.94,
      "pricePercentageAboveDma200" : 4.94,
      "weeklyVolumeHigherThanYearlyVolume" : 5.00,
      "salesGrowthPercentile" : 17.25,
      "operatingProfitMarginPercentile" : 15.71,
      "netProfitMarginPercentile" : 8.69,
      "totalTechnicalScore" : 39.75,
      "totalFundamentalScore" : 41.65,
      "totalScore" : 81.41
    }
  },
  "attributes" : {
    "companyCode" : "RAMRAT",
    "companyName" : "Ram Ratna Wires",
    "marketCap" : 2913.00,
    "peRatio" : 32.80,
    "description" : "Ram Ratna Wires Limited is engaged in the manufacturing of winding wires, mainly enamelled copper wires. [1]"
  },
  "technicalHistory" : [ {
    "date" : "2025-02-17",
    "price" : 250.83,
    "dma50" : 276.88,
    "dma100" : null,
    "dma200" : 257.34,
    "volume" : 108354.00
  }, {
    "date" : "2025-02-18",
    "price" : 249.50,
    "dma50" : 275.81,
    "dma100" : null,
    "dma200" : 257.26,
    "volume" : 77148.00
  }, {
    "date" : "2025-02-19",
    "price" : 244.88,
    "dma50" : 274.60,
    "dma100" : null,
    "dma200" : 257.14,
    "volume" : 78761.00
  }, {
    "date" : "2025-02-20",
    "price" : 269.83,
    "dma50" : 274.41,
    "dma100" : null,
    "dma200" : 257.27,
    "volume" : 99643.00
  }, {
    "date" : "2025-02-21",
    "price" : 275.45,
    "dma50" : 274.45,
    "dma100" : null,
    "dma200" : 257.45,
    "volume" : 165992.00
  }, {
    "date" : "2025-02-24",
    "price" : 266.30,
    "dma50" : 274.13,
    "dma100" : null,
    "dma200" : 257.53,
    "volume" : 29896.00
  }, {
    "date" : "2025-02-25",
    "price" : 271.33,
    "dma50" : 274.02,
    "dma100" : null,
    "dma200" : 257.67,
    "volume" : 33878.00
  }, {
    "date" : "2025-02-27",
    "price" : 258.40,
    "dma50" : 273.41,
    "dma100" : null,
    "dma200" : 257.68,
    "volume" : 58806.00
  }, {
    "date" : "2025-02-28",
    "price" : 241.13,
    "dma50" : 272.14,
    "dma100" : null,
    "dma200" : 257.51,
    "volume" : 70283.00
  }, {
    "date" : "2025-03-03",
    "price" : 236.95,
    "dma50" : 270.76,
    "dma100" : null,
    "dma200" : 257.31,
    "volume" : 73920.00
  }, {
    "date" : "2025-03-04",
    "price" : 233.98,
    "dma50" : 269.32,
    "dma100" : null,
    "dma200" : 257.08,
    "volume" : 32788.00
  }, {
    "date" : "2025-03-05",
    "price" : 249.48,
    "dma50" : 268.54,
    "dma100" : null,
    "dma200" : 257.00,
    "volume" : 75365.00
  }, {
    "date" : "2025-03-06",
    "price" : 255.28,
    "dma50" : 268.02,
    "dma100" : null,
    "dma200" : 256.98,
    "volume" : 127722.00
  }, {
    "date" : "2025-03-07",
    "price" : 260.25,
    "dma50" : 267.72,
    "dma100" : null,
    "dma200" : 257.02,
    "volume" : 47890.00
  }, {
    "date" : "2025-03-10",
    "price" : 254.35,
    "dma50" : 267.19,
    "dma100" : null,
    "dma200" : 256.99,
    "volume" : 33578.00
  }, {
    "date" : "2025-03-11",
    "price" : 250.00,
    "dma50" : 266.52,
    "dma100" : null,
    "dma200" : 256.92,
    "volume" : 21254.00
  }, {
    "date" : "2025-03-12",
    "price" : 251.85,
    "dma50" : 265.94,
    "dma100" : null,
    "dma200" : 256.87,
    "volume" : 14068.00
  }, {
    "date" : "2025-03-13",
    "price" : 244.50,
    "dma50" : 265.10,
    "dma100" : null,
    "dma200" : 256.75,
    "volume" : 19580.00
  }, {
    "date" : "2025-03-17",
    "price" : 244.05,
    "dma50" : 264.28,
    "dma100" : null,
    "dma200" : 256.62,
    "volume" : 38774.00
  }, {
    "date" : "2025-03-18",
    "price" : 246.95,
    "dma50" : 263.60,
    "dma100" : null,
    "dma200" : 256.53,
    "volume" : 27848.00
  }, {
    "date" : "2025-03-19",
    "price" : 259.43,
    "dma50" : 263.43,
    "dma100" : null,
    "dma200" : 256.55,
    "volume" : 62415.00
  }, {
    "date" : "2025-03-20",
    "price" : 264.38,
    "dma50" : 263.47,
    "dma100" : null,
    "dma200" : 256.63,
    "volume" : 91325.00
  }, {
    "date" : "2025-03-21",
    "price" : 265.40,
    "dma50" : 263.55,
    "dma100" : null,
    "dma200" : 256.72,
    "volume" : 32260.00
  }, {
    "date" : "2025-03-24",
    "price" : 276.43,
    "dma50" : 264.05,
    "dma100" : null,
    "dma200" : 256.92,
    "volume" : 70519.00
  }, {
    "date" : "2025-03-25",
    "price" : 279.80,
    "dma50" : 264.67,
    "dma100" : null,
    "dma200" : 257.14,
    "volume" : 92270.00
  }, {
    "date" : "2025-03-26",
    "price" : 272.88,
    "dma50" : 264.99,
    "dma100" : null,
    "dma200" : 257.30,
    "volume" : 51140.00
  }, {
    "date" : "2025-03-27",
    "price" : 275.45,
    "dma50" : 265.40,
    "dma100" : null,
    "dma200" : 257.48,
    "volume" : 43840.00
  }, {
    "date" : "2025-03-28",
    "price" : 269.65,
    "dma50" : 265.57,
    "dma100" : null,
    "dma200" : 257.60,
    "volume" : 84606.00
  }, {
    "date" : "2025-04-01",
    "price" : 278.73,
    "dma50" : 266.08,
    "dma100" : null,
    "dma200" : 257.81,
    "volume" : 61848.00
  }, {
    "date" : "2025-04-02",
    "price" : 281.15,
    "dma50" : 266.68,
    "dma100" : null,
    "dma200" : 258.04,
    "volume" : 19364.00
  }, {
    "date" : "2025-04-03",
    "price" : 279.23,
    "dma50" : 267.17,
    "dma100" : null,
    "dma200" : 258.25,
    "volume" : 29336.00
  }, {
    "date" : "2025-04-04",
    "price" : 264.20,
    "dma50" : 267.05,
    "dma100" : null,
    "dma200" : 258.31,
    "volume" : 107314.00
  }, {
    "date" : "2025-04-07",
    "price" : 252.00,
    "dma50" : 266.46,
    "dma100" : null,
    "dma200" : 258.25,
    "volume" : 72898.00
  }, {
    "date" : "2025-04-08",
    "price" : 260.73,
    "dma50" : 266.24,
    "dma100" : null,
    "dma200" : 258.28,
    "volume" : 36044.00
  }, {
    "date" : "2025-04-09",
    "price" : 252.45,
    "dma50" : 265.70,
    "dma100" : null,
    "dma200" : 258.22,
    "volume" : 33490.00
  }, {
    "date" : "2025-04-11",
    "price" : 250.93,
    "dma50" : 265.12,
    "dma100" : null,
    "dma200" : 258.15,
    "volume" : 73731.00
  }, {
    "date" : "2025-04-15",
    "price" : 254.85,
    "dma50" : 264.71,
    "dma100" : null,
    "dma200" : 258.11,
    "volume" : 55366.00
  }, {
    "date" : "2025-04-16",
    "price" : 259.58,
    "dma50" : 264.51,
    "dma100" : null,
    "dma200" : 258.13,
    "volume" : 30168.00
  }, {
    "date" : "2025-04-17",
    "price" : 262.35,
    "dma50" : 264.43,
    "dma100" : null,
    "dma200" : 258.17,
    "volume" : 34536.00
  }, {
    "date" : "2025-04-21",
    "price" : 273.98,
    "dma50" : 264.80,
    "dma100" : null,
    "dma200" : 258.33,
    "volume" : 107779.00
  }, {
    "date" : "2025-04-22",
    "price" : 272.68,
    "dma50" : 265.11,
    "dma100" : null,
    "dma200" : 258.47,
    "volume" : 29078.00
  }, {
    "date" : "2025-04-23",
    "price" : 271.73,
    "dma50" : 265.37,
    "dma100" : null,
    "dma200" : 258.60,
    "volume" : 51530.00
  }, {
    "date" : "2025-04-24",
    "price" : 275.25,
    "dma50" : 265.76,
    "dma100" : null,
    "dma200" : 258.77,
    "volume" : 32150.00
  }, {
    "date" : "2025-04-25",
    "price" : 264.68,
    "dma50" : 265.72,
    "dma100" : null,
    "dma200" : 258.83,
    "volume" : 73043.00
  }, {
    "date" : "2025-04-28",
    "price" : 264.18,
    "dma50" : 265.66,
    "dma100" : null,
    "dma200" : 258.88,
    "volume" : 22480.00
  }, {
    "date" : "2025-04-29",
    "price" : 261.63,
    "dma50" : 265.50,
    "dma100" : null,
    "dma200" : 258.91,
    "volume" : 19278.00
  }, {
    "date" : "2025-04-30",
    "price" : 257.88,
    "dma50" : 265.20,
    "dma100" : null,
    "dma200" : 258.90,
    "volume" : 35466.00
  }, {
    "date" : "2025-05-02",
    "price" : 256.85,
    "dma50" : 264.87,
    "dma100" : null,
    "dma200" : 258.88,
    "volume" : 36020.00
  }, {
    "date" : "2025-05-05",
    "price" : 262.93,
    "dma50" : 264.80,
    "dma100" : null,
    "dma200" : 258.92,
    "volume" : 27258.00
  }, {
    "date" : "2025-05-06",
    "price" : 260.68,
    "dma50" : 264.63,
    "dma100" : null,
    "dma200" : 258.93,
    "volume" : 29654.00
  }, {
    "date" : "2025-05-07",
    "price" : 268.78,
    "dma50" : 264.80,
    "dma100" : null,
    "dma200" : 259.03,
    "volume" : 70425.00
  }, {
    "date" : "2025-05-08",
    "price" : 265.53,
    "dma50" : 264.83,
    "dma100" : null,
    "dma200" : 259.10,
    "volume" : 37438.00
  }, {
    "date" : "2025-05-09",
    "price" : 260.00,
    "dma50" : 264.64,
    "dma100" : null,
    "dma200" : 259.11,
    "volume" : 74850.00
  }, {
    "date" : "2025-05-12",
    "price" : 275.15,
    "dma50" : 265.05,
    "dma100" : null,
    "dma200" : 259.26,
    "volume" : 65212.00
  }, {
    "date" : "2025-05-13",
    "price" : 283.83,
    "dma50" : 265.79,
    "dma100" : null,
    "dma200" : 259.51,
    "volume" : 76937.00
  }, {
    "date" : "2025-05-14",
    "price" : 290.30,
    "dma50" : 266.75,
    "dma100" : null,
    "dma200" : 259.82,
    "volume" : 193982.00
  }, {
    "date" : "2025-05-15",
    "price" : 289.68,
    "dma50" : 267.65,
    "dma100" : null,
    "dma200" : 260.11,
    "volume" : 75613.00
  }, {
    "date" : "2025-05-16",
    "price" : 286.45,
    "dma50" : 268.38,
    "dma100" : null,
    "dma200" : 260.37,
    "volume" : 83666.00
  }, {
    "date" : "2025-05-19",
    "price" : 287.70,
    "dma50" : 269.14,
    "dma100" : null,
    "dma200" : 260.65,
    "volume" : 70840.00
  }, {
    "date" : "2025-05-20",
    "price" : 291.58,
    "dma50" : 270.02,
    "dma100" : null,
    "dma200" : 260.95,
    "volume" : 158442.00
  }, {
    "date" : "2025-05-21",
    "price" : 326.68,
    "dma50" : 272.24,
    "dma100" : null,
    "dma200" : 261.61,
    "volume" : 1726320.00
  }, {
    "date" : "2025-05-22",
    "price" : 329.38,
    "dma50" : 274.48,
    "dma100" : null,
    "dma200" : 262.28,
    "volume" : 322668.00
  }, {
    "date" : "2025-05-23",
    "price" : 327.68,
    "dma50" : 276.57,
    "dma100" : null,
    "dma200" : 262.93,
    "volume" : 251299.00
  }, {
    "date" : "2025-05-26",
    "price" : 337.73,
    "dma50" : 278.97,
    "dma100" : null,
    "dma200" : 263.68,
    "volume" : 240965.00
  }, {
    "date" : "2025-05-27",
    "price" : 333.53,
    "dma50" : 281.11,
    "dma100" : null,
    "dma200" : 264.37,
    "volume" : 141918.00
  }, {
    "date" : "2025-05-28",
    "price" : 338.03,
    "dma50" : 283.34,
    "dma100" : null,
    "dma200" : 265.11,
    "volume" : 128127.00
  }, {
    "date" : "2025-05-29",
    "price" : 339.80,
    "dma50" : 285.55,
    "dma100" : null,
    "dma200" : 265.85,
    "volume" : 137442.00
  }, {
    "date" : "2025-05-30",
    "price" : 333.68,
    "dma50" : 287.44,
    "dma100" : null,
    "dma200" : 266.52,
    "volume" : 343900.00
  }, {
    "date" : "2025-06-02",
    "price" : 328.95,
    "dma50" : 289.07,
    "dma100" : null,
    "dma200" : 267.15,
    "volume" : 54088.00
  }, {
    "date" : "2025-06-03",
    "price" : 337.73,
    "dma50" : 290.98,
    "dma100" : null,
    "dma200" : 267.85,
    "volume" : 179606.00
  }, {
    "date" : "2025-06-04",
    "price" : 336.83,
    "dma50" : 292.78,
    "dma100" : null,
    "dma200" : 268.53,
    "volume" : 145714.00
  }, {
    "date" : "2025-06-05",
    "price" : 333.40,
    "dma50" : 294.37,
    "dma100" : null,
    "dma200" : 269.18,
    "volume" : 58806.00
  }, {
    "date" : "2025-06-06",
    "price" : 344.75,
    "dma50" : 296.34,
    "dma100" : null,
    "dma200" : 269.93,
    "volume" : 298098.00
  }, {
    "date" : "2025-06-09",
    "price" : 345.63,
    "dma50" : 298.28,
    "dma100" : null,
    "dma200" : 270.68,
    "volume" : 100633.00
  }, {
    "date" : "2025-06-10",
    "price" : 342.30,
    "dma50" : 300.00,
    "dma100" : null,
    "dma200" : 271.40,
    "volume" : 64040.00
  }, {
    "date" : "2025-06-11",
    "price" : 335.85,
    "dma50" : 301.41,
    "dma100" : null,
    "dma200" : 272.04,
    "volume" : 82754.00
  }, {
    "date" : "2025-06-12",
    "price" : 332.95,
    "dma50" : 302.65,
    "dma100" : null,
    "dma200" : 272.64,
    "volume" : 82710.00
  }, {
    "date" : "2025-06-13",
    "price" : 338.80,
    "dma50" : 304.06,
    "dma100" : null,
    "dma200" : 273.30,
    "volume" : 69152.00
  }, {
    "date" : "2025-06-16",
    "price" : 348.20,
    "dma50" : 305.79,
    "dma100" : null,
    "dma200" : 274.05,
    "volume" : 234358.00
  }, {
    "date" : "2025-06-17",
    "price" : 348.83,
    "dma50" : 307.48,
    "dma100" : null,
    "dma200" : 274.79,
    "volume" : 261989.00
  }, {
    "date" : "2025-06-18",
    "price" : 349.80,
    "dma50" : 309.14,
    "dma100" : null,
    "dma200" : 275.54,
    "volume" : 91642.00
  }, {
    "date" : "2025-06-19",
    "price" : 330.90,
    "dma50" : 310.00,
    "dma100" : null,
    "dma200" : 276.09,
    "volume" : 97096.00
  }, {
    "date" : "2025-06-20",
    "price" : 335.45,
    "dma50" : 310.99,
    "dma100" : null,
    "dma200" : 276.68,
    "volume" : 66458.00
  }, {
    "date" : "2025-06-23",
    "price" : 331.93,
    "dma50" : 311.81,
    "dma100" : null,
    "dma200" : 277.23,
    "volume" : 72865.00
  }, {
    "date" : "2025-06-24",
    "price" : 343.25,
    "dma50" : 313.05,
    "dma100" : null,
    "dma200" : 277.89,
    "volume" : 87286.00
  }, {
    "date" : "2025-06-25",
    "price" : 349.25,
    "dma50" : 314.47,
    "dma100" : null,
    "dma200" : 278.60,
    "volume" : 104908.00
  }, {
    "date" : "2025-06-26",
    "price" : 349.73,
    "dma50" : 315.85,
    "dma100" : null,
    "dma200" : 279.30,
    "volume" : 80133.00
  }, {
    "date" : "2025-06-27",
    "price" : 341.90,
    "dma50" : 316.87,
    "dma100" : null,
    "dma200" : 279.93,
    "volume" : 47610.00
  }, {
    "date" : "2025-06-30",
    "price" : 339.23,
    "dma50" : 317.75,
    "dma100" : null,
    "dma200" : 280.52,
    "volume" : 109277.00
  }, {
    "date" : "2025-07-01",
    "price" : 342.75,
    "dma50" : 318.73,
    "dma100" : null,
    "dma200" : 281.14,
    "volume" : 40532.00
  }, {
    "date" : "2025-07-02",
    "price" : 335.33,
    "dma50" : 319.38,
    "dma100" : null,
    "dma200" : 281.68,
    "volume" : 49432.00
  }, {
    "date" : "2025-07-03",
    "price" : 337.15,
    "dma50" : 320.08,
    "dma100" : null,
    "dma200" : 282.23,
    "volume" : 40034.00
  }, {
    "date" : "2025-07-04",
    "price" : 339.53,
    "dma50" : 320.84,
    "dma100" : null,
    "dma200" : 282.80,
    "volume" : 26694.00
  }, {
    "date" : "2025-07-07",
    "price" : 326.43,
    "dma50" : 321.06,
    "dma100" : null,
    "dma200" : 283.23,
    "volume" : 133579.00
  }, {
    "date" : "2025-07-08",
    "price" : 326.58,
    "dma50" : 321.28,
    "dma100" : null,
    "dma200" : 283.66,
    "volume" : 20970.00
  }, {
    "date" : "2025-07-09",
    "price" : 328.00,
    "dma50" : 321.54,
    "dma100" : null,
    "dma200" : 284.10,
    "volume" : 55246.00
  }, {
    "date" : "2025-07-10",
    "price" : 334.13,
    "dma50" : 322.03,
    "dma100" : null,
    "dma200" : 284.60,
    "volume" : 39722.00
  }, {
    "date" : "2025-07-11",
    "price" : 325.98,
    "dma50" : 322.19,
    "dma100" : null,
    "dma200" : 285.01,
    "volume" : 65168.00
  }, {
    "date" : "2025-07-14",
    "price" : 328.63,
    "dma50" : 322.44,
    "dma100" : null,
    "dma200" : 285.45,
    "volume" : 32524.00
  }, {
    "date" : "2025-07-15",
    "price" : 325.25,
    "dma50" : 322.55,
    "dma100" : null,
    "dma200" : 285.84,
    "volume" : 26778.00
  }, {
    "date" : "2025-07-16",
    "price" : 335.10,
    "dma50" : 323.04,
    "dma100" : 293.83,
    "dma200" : 286.33,
    "volume" : 67240.00
  }, {
    "date" : "2025-07-17",
    "price" : 333.45,
    "dma50" : 323.45,
    "dma100" : 294.67,
    "dma200" : 286.80,
    "volume" : 37816.00
  }, {
    "date" : "2025-07-18",
    "price" : 347.18,
    "dma50" : 324.38,
    "dma100" : 295.69,
    "dma200" : 287.40,
    "volume" : 161384.00
  }, {
    "date" : "2025-07-21",
    "price" : 351.80,
    "dma50" : 325.46,
    "dma100" : 296.51,
    "dma200" : 288.04,
    "volume" : 197890.00
  }, {
    "date" : "2025-07-22",
    "price" : 357.38,
    "dma50" : 326.71,
    "dma100" : 297.33,
    "dma200" : 288.73,
    "volume" : 164400.00
  }, {
    "date" : "2025-07-23",
    "price" : 353.28,
    "dma50" : 327.75,
    "dma100" : 298.20,
    "dma200" : 289.38,
    "volume" : 60852.00
  }, {
    "date" : "2025-07-24",
    "price" : 350.85,
    "dma50" : 328.66,
    "dma100" : 298.99,
    "dma200" : 289.99,
    "volume" : 56456.00
  }, {
    "date" : "2025-07-25",
    "price" : 351.33,
    "dma50" : 329.55,
    "dma100" : 299.92,
    "dma200" : 290.60,
    "volume" : 63052.00
  }, {
    "date" : "2025-07-28",
    "price" : 359.15,
    "dma50" : 330.71,
    "dma100" : 301.10,
    "dma200" : 291.28,
    "volume" : 180762.00
  }, {
    "date" : "2025-07-29",
    "price" : 375.83,
    "dma50" : 332.48,
    "dma100" : 302.49,
    "dma200" : 292.12,
    "volume" : 306489.00
  }, {
    "date" : "2025-07-30",
    "price" : 383.45,
    "dma50" : 334.47,
    "dma100" : 303.99,
    "dma200" : 293.03,
    "volume" : 352166.00
  }, {
    "date" : "2025-07-31",
    "price" : 388.68,
    "dma50" : 336.60,
    "dma100" : 305.38,
    "dma200" : 293.98,
    "volume" : 416537.00
  }, {
    "date" : "2025-08-01",
    "price" : 339.15,
    "dma50" : 336.70,
    "dma100" : 306.22,
    "dma200" : 294.43,
    "volume" : 854324.00
  }, {
    "date" : "2025-08-04",
    "price" : 348.78,
    "dma50" : 337.17,
    "dma100" : 307.10,
    "dma200" : 294.97,
    "volume" : 223272.00
  }, {
    "date" : "2025-08-05",
    "price" : 351.20,
    "dma50" : 337.72,
    "dma100" : 308.07,
    "dma200" : 295.53,
    "volume" : 87112.00
  }, {
    "date" : "2025-08-06",
    "price" : 343.85,
    "dma50" : 337.96,
    "dma100" : 309.01,
    "dma200" : 296.01,
    "volume" : 76008.00
  }, {
    "date" : "2025-08-07",
    "price" : 339.15,
    "dma50" : 338.01,
    "dma100" : 309.88,
    "dma200" : 296.44,
    "volume" : 84074.00
  }, {
    "date" : "2025-08-08",
    "price" : 337.65,
    "dma50" : 338.00,
    "dma100" : 310.81,
    "dma200" : 296.85,
    "volume" : 91592.00
  }, {
    "date" : "2025-08-11",
    "price" : 340.68,
    "dma50" : 338.10,
    "dma100" : 311.78,
    "dma200" : 297.29,
    "volume" : 62512.00
  }, {
    "date" : "2025-08-12",
    "price" : 342.98,
    "dma50" : 338.29,
    "dma100" : 312.74,
    "dma200" : 297.74,
    "volume" : 42488.00
  }, {
    "date" : "2025-08-13",
    "price" : 346.03,
    "dma50" : 338.60,
    "dma100" : 313.61,
    "dma200" : 298.22,
    "volume" : 50082.00
  }, {
    "date" : "2025-08-14",
    "price" : 341.33,
    "dma50" : 338.70,
    "dma100" : 314.37,
    "dma200" : 298.65,
    "volume" : 45220.00
  }, {
    "date" : "2025-08-18",
    "price" : 344.90,
    "dma50" : 338.95,
    "dma100" : 315.17,
    "dma200" : 299.11,
    "volume" : 47468.00
  }, {
    "date" : "2025-08-19",
    "price" : 351.80,
    "dma50" : 339.45,
    "dma100" : 315.92,
    "dma200" : 299.64,
    "volume" : 47724.00
  }, {
    "date" : "2025-08-20",
    "price" : 347.53,
    "dma50" : 339.77,
    "dma100" : 316.60,
    "dma200" : 300.11,
    "volume" : 46856.00
  }, {
    "date" : "2025-08-21",
    "price" : 353.53,
    "dma50" : 340.31,
    "dma100" : 317.41,
    "dma200" : 300.64,
    "volume" : 62098.00
  }, {
    "date" : "2025-08-22",
    "price" : 343.75,
    "dma50" : 340.44,
    "dma100" : 318.09,
    "dma200" : 301.07,
    "volume" : 29414.00
  }, {
    "date" : "2025-08-25",
    "price" : 340.88,
    "dma50" : 340.46,
    "dma100" : 318.80,
    "dma200" : 301.47,
    "volume" : 64928.00
  }, {
    "date" : "2025-08-26",
    "price" : 343.73,
    "dma50" : 340.59,
    "dma100" : 319.45,
    "dma200" : 301.89,
    "volume" : 40174.00
  }, {
    "date" : "2025-08-28",
    "price" : 353.30,
    "dma50" : 341.09,
    "dma100" : 320.17,
    "dma200" : 302.40,
    "volume" : 81514.00
  }, {
    "date" : "2025-08-29",
    "price" : 357.65,
    "dma50" : 341.74,
    "dma100" : 320.96,
    "dma200" : 302.95,
    "volume" : 66480.00
  }, {
    "date" : "2025-09-01",
    "price" : 357.50,
    "dma50" : 342.35,
    "dma100" : 321.89,
    "dma200" : 303.49,
    "volume" : 33472.00
  }, {
    "date" : "2025-09-02",
    "price" : 361.08,
    "dma50" : 343.09,
    "dma100" : 322.98,
    "dma200" : 304.07,
    "volume" : 54306.00
  }, {
    "date" : "2025-09-03",
    "price" : 362.75,
    "dma50" : 343.86,
    "dma100" : 324.00,
    "dma200" : 304.65,
    "volume" : 132964.00
  }, {
    "date" : "2025-09-04",
    "price" : 371.05,
    "dma50" : 344.93,
    "dma100" : 325.19,
    "dma200" : 305.31,
    "volume" : 58620.00
  }, {
    "date" : "2025-09-05",
    "price" : 371.83,
    "dma50" : 345.98,
    "dma100" : 326.40,
    "dma200" : 305.97,
    "volume" : 104733.00
  }, {
    "date" : "2025-09-08",
    "price" : 372.45,
    "dma50" : 347.02,
    "dma100" : 327.57,
    "dma200" : 306.64,
    "volume" : 63358.00
  }, {
    "date" : "2025-09-09",
    "price" : 379.75,
    "dma50" : 348.30,
    "dma100" : 328.78,
    "dma200" : 307.36,
    "volume" : 44144.00
  }, {
    "date" : "2025-09-10",
    "price" : 379.55,
    "dma50" : 349.53,
    "dma100" : 329.95,
    "dma200" : 308.08,
    "volume" : 60628.00
  }, {
    "date" : "2025-09-11",
    "price" : 373.78,
    "dma50" : 350.48,
    "dma100" : 330.95,
    "dma200" : 308.73,
    "volume" : 60388.00
  }, {
    "date" : "2025-09-12",
    "price" : 356.88,
    "dma50" : 350.73,
    "dma100" : 331.79,
    "dma200" : 309.21,
    "volume" : 89729.00
  }, {
    "date" : "2025-09-15",
    "price" : 355.63,
    "dma50" : 350.92,
    "dma100" : 332.63,
    "dma200" : 309.68,
    "volume" : 60122.00
  }, {
    "date" : "2025-09-16",
    "price" : 349.60,
    "dma50" : 350.87,
    "dma100" : 333.37,
    "dma200" : 310.07,
    "volume" : 46764.00
  }, {
    "date" : "2025-09-17",
    "price" : 340.35,
    "dma50" : 350.46,
    "dma100" : 334.13,
    "dma200" : 310.37,
    "volume" : 115622.00
  }, {
    "date" : "2025-09-18",
    "price" : 341.45,
    "dma50" : 350.10,
    "dma100" : 334.90,
    "dma200" : 310.68,
    "volume" : 56868.00
  }, {
    "date" : "2025-09-19",
    "price" : 335.90,
    "dma50" : 349.55,
    "dma100" : 335.64,
    "dma200" : 310.93,
    "volume" : 101518.00
  }, {
    "date" : "2025-09-22",
    "price" : 327.40,
    "dma50" : 348.68,
    "dma100" : 336.34,
    "dma200" : 311.10,
    "volume" : 55442.00
  }, {
    "date" : "2025-09-23",
    "price" : 321.65,
    "dma50" : 347.62,
    "dma100" : 336.98,
    "dma200" : 311.20,
    "volume" : 106028.00
  }, {
    "date" : "2025-09-24",
    "price" : 318.15,
    "dma50" : 346.46,
    "dma100" : 337.54,
    "dma200" : 311.27,
    "volume" : 69698.00
  }, {
    "date" : "2025-09-25",
    "price" : 321.58,
    "dma50" : 345.49,
    "dma100" : 338.15,
    "dma200" : 311.37,
    "volume" : 92587.00
  }, {
    "date" : "2025-09-26",
    "price" : 321.48,
    "dma50" : 344.55,
    "dma100" : 338.67,
    "dma200" : 311.48,
    "volume" : 185638.00
  }, {
    "date" : "2025-09-29",
    "price" : 312.73,
    "dma50" : 343.30,
    "dma100" : 339.15,
    "dma200" : 311.49,
    "volume" : 141372.00
  }, {
    "date" : "2025-09-30",
    "price" : 314.13,
    "dma50" : 342.15,
    "dma100" : 339.69,
    "dma200" : 311.51,
    "volume" : 538384.00
  }, {
    "date" : "2025-10-01",
    "price" : 315.58,
    "dma50" : 341.11,
    "dma100" : 340.09,
    "dma200" : 311.55,
    "volume" : 50198.00
  }, {
    "date" : "2025-10-03",
    "price" : 314.15,
    "dma50" : 340.05,
    "dma100" : 340.39,
    "dma200" : 311.58,
    "volume" : 234228.00
  }, {
    "date" : "2025-10-06",
    "price" : 321.35,
    "dma50" : 339.32,
    "dma100" : 340.70,
    "dma200" : 311.68,
    "volume" : 108474.00
  }, {
    "date" : "2025-10-07",
    "price" : 319.23,
    "dma50" : 338.53,
    "dma100" : 341.00,
    "dma200" : 311.75,
    "volume" : 54340.00
  }, {
    "date" : "2025-10-08",
    "price" : 318.83,
    "dma50" : 337.76,
    "dma100" : 341.32,
    "dma200" : 311.82,
    "volume" : 32730.00
  }, {
    "date" : "2025-10-09",
    "price" : 322.80,
    "dma50" : 337.17,
    "dma100" : 341.67,
    "dma200" : 311.93,
    "volume" : 101012.00
  }, {
    "date" : "2025-10-10",
    "price" : 316.13,
    "dma50" : 336.35,
    "dma100" : 341.92,
    "dma200" : 311.97,
    "volume" : 109955.00
  }, {
    "date" : "2025-10-13",
    "price" : 311.78,
    "dma50" : 335.39,
    "dma100" : 341.77,
    "dma200" : 311.97,
    "volume" : 35898.00
  }, {
    "date" : "2025-10-14",
    "price" : 308.55,
    "dma50" : 334.33,
    "dma100" : 341.56,
    "dma200" : 311.94,
    "volume" : 52632.00
  }, {
    "date" : "2025-10-15",
    "price" : 308.68,
    "dma50" : 333.33,
    "dma100" : 341.37,
    "dma200" : 311.91,
    "volume" : 32320.00
  }, {
    "date" : "2025-10-16",
    "price" : 309.95,
    "dma50" : 332.41,
    "dma100" : 341.10,
    "dma200" : 311.89,
    "volume" : 27148.00
  }, {
    "date" : "2025-10-17",
    "price" : 307.35,
    "dma50" : 331.43,
    "dma100" : 340.83,
    "dma200" : 311.84,
    "volume" : 44720.00
  }, {
    "date" : "2025-10-20",
    "price" : 314.15,
    "dma50" : 330.75,
    "dma100" : 340.59,
    "dma200" : 311.86,
    "volume" : 95280.00
  }, {
    "date" : "2025-10-21",
    "price" : 319.00,
    "dma50" : 330.29,
    "dma100" : 340.39,
    "dma200" : 311.94,
    "volume" : 21918.00
  }, {
    "date" : "2025-10-23",
    "price" : 314.28,
    "dma50" : 329.66,
    "dma100" : 340.19,
    "dma200" : 311.96,
    "volume" : 25544.00
  }, {
    "date" : "2025-10-24",
    "price" : 311.50,
    "dma50" : 328.95,
    "dma100" : 340.02,
    "dma200" : 311.95,
    "volume" : 19182.00
  }, {
    "date" : "2025-10-27",
    "price" : 311.60,
    "dma50" : 328.27,
    "dma100" : 339.76,
    "dma200" : 311.95,
    "volume" : 54356.00
  }, {
    "date" : "2025-10-28",
    "price" : 315.25,
    "dma50" : 327.76,
    "dma100" : 339.54,
    "dma200" : 311.98,
    "volume" : 105552.00
  }, {
    "date" : "2025-10-29",
    "price" : 315.18,
    "dma50" : 327.27,
    "dma100" : 339.36,
    "dma200" : 312.02,
    "volume" : 29572.00
  }, {
    "date" : "2025-10-30",
    "price" : 312.45,
    "dma50" : 326.68,
    "dma100" : 339.04,
    "dma200" : 312.02,
    "volume" : 75304.00
  }, {
    "date" : "2025-10-31",
    "price" : 310.08,
    "dma50" : 326.03,
    "dma100" : 338.68,
    "dma200" : 312.00,
    "volume" : 26848.00
  }, {
    "date" : "2025-11-03",
    "price" : 310.18,
    "dma50" : 325.41,
    "dma100" : 338.36,
    "dma200" : 311.98,
    "volume" : 31346.00
  }, {
    "date" : "2025-11-04",
    "price" : 313.45,
    "dma50" : 324.94,
    "dma100" : 338.13,
    "dma200" : 312.00,
    "volume" : 27630.00
  }, {
    "date" : "2025-11-06",
    "price" : 308.93,
    "dma50" : 324.31,
    "dma100" : 337.89,
    "dma200" : 311.97,
    "volume" : 17578.00
  }, {
    "date" : "2025-11-07",
    "price" : 306.43,
    "dma50" : 323.61,
    "dma100" : 337.57,
    "dma200" : 311.91,
    "volume" : 23456.00
  }, {
    "date" : "2025-11-10",
    "price" : 311.20,
    "dma50" : 323.13,
    "dma100" : 337.20,
    "dma200" : 311.90,
    "volume" : 1168686.00
  }, {
    "date" : "2025-11-11",
    "price" : 323.25,
    "dma50" : 323.13,
    "dma100" : 336.95,
    "dma200" : 312.02,
    "volume" : 578964.00
  }, {
    "date" : "2025-11-12",
    "price" : 320.35,
    "dma50" : 323.02,
    "dma100" : 336.65,
    "dma200" : 312.10,
    "volume" : 226482.00
  }, {
    "date" : "2025-11-13",
    "price" : 314.48,
    "dma50" : 322.69,
    "dma100" : 336.49,
    "dma200" : 312.12,
    "volume" : 369719.00
  }, {
    "date" : "2025-11-14",
    "price" : 317.28,
    "dma50" : 322.47,
    "dma100" : 336.30,
    "dma200" : 312.17,
    "volume" : 131383.00
  }, {
    "date" : "2025-11-17",
    "price" : 313.53,
    "dma50" : 322.12,
    "dma100" : 336.12,
    "dma200" : 312.19,
    "volume" : 139918.00
  }, {
    "date" : "2025-11-18",
    "price" : 312.33,
    "dma50" : 321.74,
    "dma100" : 335.81,
    "dma200" : 312.19,
    "volume" : 51446.00
  }, {
    "date" : "2025-11-19",
    "price" : 305.43,
    "dma50" : 321.10,
    "dma100" : 335.37,
    "dma200" : 312.12,
    "volume" : 118183.00
  }, {
    "date" : "2025-11-20",
    "price" : 306.90,
    "dma50" : 320.54,
    "dma100" : 334.95,
    "dma200" : 312.07,
    "volume" : 69832.00
  }, {
    "date" : "2025-11-21",
    "price" : 303.85,
    "dma50" : 319.89,
    "dma100" : 334.56,
    "dma200" : 311.99,
    "volume" : 56386.00
  }, {
    "date" : "2025-11-24",
    "price" : 299.93,
    "dma50" : 319.11,
    "dma100" : 334.17,
    "dma200" : 311.87,
    "volume" : 53660.00
  }, {
    "date" : "2025-11-25",
    "price" : 301.43,
    "dma50" : 318.41,
    "dma100" : 333.76,
    "dma200" : 311.76,
    "volume" : 67065.00
  }, {
    "date" : "2025-11-26",
    "price" : 306.93,
    "dma50" : 317.96,
    "dma100" : 333.47,
    "dma200" : 311.72,
    "volume" : 28082.00
  }, {
    "date" : "2025-11-27",
    "price" : 306.48,
    "dma50" : 317.51,
    "dma100" : 333.17,
    "dma200" : 311.66,
    "volume" : 34542.00
  }, {
    "date" : "2025-11-28",
    "price" : 306.45,
    "dma50" : 317.08,
    "dma100" : 332.84,
    "dma200" : 311.61,
    "volume" : 29852.00
  }, {
    "date" : "2025-12-01",
    "price" : 304.70,
    "dma50" : 316.59,
    "dma100" : 332.62,
    "dma200" : 311.54,
    "volume" : 28034.00
  }, {
    "date" : "2025-12-02",
    "price" : 303.68,
    "dma50" : 316.09,
    "dma100" : 332.39,
    "dma200" : 311.47,
    "volume" : 33548.00
  }, {
    "date" : "2025-12-03",
    "price" : 304.75,
    "dma50" : 315.64,
    "dma100" : 332.16,
    "dma200" : 311.40,
    "volume" : 28894.00
  }, {
    "date" : "2025-12-04",
    "price" : 305.50,
    "dma50" : 315.24,
    "dma100" : 331.87,
    "dma200" : 311.34,
    "volume" : 25276.00
  }, {
    "date" : "2025-12-05",
    "price" : 305.00,
    "dma50" : 314.84,
    "dma100" : 331.66,
    "dma200" : 311.28,
    "volume" : 28578.00
  }, {
    "date" : "2025-12-08",
    "price" : 303.83,
    "dma50" : 314.41,
    "dma100" : 331.41,
    "dma200" : 311.20,
    "volume" : 48168.00
  }, {
    "date" : "2025-12-09",
    "price" : 307.85,
    "dma50" : 314.15,
    "dma100" : 331.24,
    "dma200" : 311.17,
    "volume" : 35606.00
  }, {
    "date" : "2025-12-10",
    "price" : 305.93,
    "dma50" : 313.83,
    "dma100" : 330.95,
    "dma200" : 311.12,
    "volume" : 21048.00
  }, {
    "date" : "2025-12-11",
    "price" : 305.38,
    "dma50" : 313.50,
    "dma100" : 330.67,
    "dma200" : 311.06,
    "volume" : 14796.00
  }, {
    "date" : "2025-12-12",
    "price" : 307.98,
    "dma50" : 313.28,
    "dma100" : 330.28,
    "dma200" : 311.03,
    "volume" : 16366.00
  }, {
    "date" : "2025-12-15",
    "price" : 307.03,
    "dma50" : 313.04,
    "dma100" : 329.83,
    "dma200" : 310.99,
    "volume" : 48264.00
  }, {
    "date" : "2025-12-16",
    "price" : 307.45,
    "dma50" : 312.82,
    "dma100" : 329.33,
    "dma200" : 310.95,
    "volume" : 15202.00
  }, {
    "date" : "2025-12-17",
    "price" : 305.13,
    "dma50" : 312.52,
    "dma100" : 328.85,
    "dma200" : 310.90,
    "volume" : 19400.00
  }, {
    "date" : "2025-12-18",
    "price" : 305.45,
    "dma50" : 312.24,
    "dma100" : 328.39,
    "dma200" : 310.84,
    "volume" : 10718.00
  }, {
    "date" : "2025-12-19",
    "price" : 306.30,
    "dma50" : 312.01,
    "dma100" : 327.94,
    "dma200" : 310.80,
    "volume" : 15840.00
  }, {
    "date" : "2025-12-22",
    "price" : 313.93,
    "dma50" : 312.08,
    "dma100" : 327.49,
    "dma200" : 310.83,
    "volume" : 132779.00
  }, {
    "date" : "2025-12-23",
    "price" : 321.05,
    "dma50" : 312.43,
    "dma100" : 326.94,
    "dma200" : 310.93,
    "volume" : 295400.00
  }, {
    "date" : "2025-12-24",
    "price" : 319.05,
    "dma50" : 312.69,
    "dma100" : 326.30,
    "dma200" : 311.01,
    "volume" : 200340.00
  }, {
    "date" : "2025-12-26",
    "price" : 320.45,
    "dma50" : 313.00,
    "dma100" : 325.62,
    "dma200" : 311.10,
    "volume" : 103717.00
  }, {
    "date" : "2025-12-29",
    "price" : 325.95,
    "dma50" : 313.51,
    "dma100" : 325.48,
    "dma200" : 311.25,
    "volume" : 225677.00
  }, {
    "date" : "2025-12-30",
    "price" : 320.25,
    "dma50" : 313.77,
    "dma100" : 325.20,
    "dma200" : 311.34,
    "volume" : 49665.00
  }, {
    "date" : "2025-12-31",
    "price" : 307.75,
    "dma50" : 313.53,
    "dma100" : 324.76,
    "dma200" : 311.31,
    "volume" : 100597.00
  }, {
    "date" : "2026-01-01",
    "price" : 310.10,
    "dma50" : 313.40,
    "dma100" : 324.43,
    "dma200" : 311.29,
    "volume" : 42097.00
  }, {
    "date" : "2026-01-02",
    "price" : 311.35,
    "dma50" : 313.32,
    "dma100" : 324.15,
    "dma200" : 311.29,
    "volume" : 20496.00
  }, {
    "date" : "2026-01-05",
    "price" : 305.90,
    "dma50" : 313.03,
    "dma100" : 323.83,
    "dma200" : 311.24,
    "volume" : 58618.00
  }, {
    "date" : "2026-01-06",
    "price" : 308.85,
    "dma50" : 312.86,
    "dma100" : 323.51,
    "dma200" : 311.22,
    "volume" : 43949.00
  }, {
    "date" : "2026-01-07",
    "price" : 310.40,
    "dma50" : 312.77,
    "dma100" : 323.19,
    "dma200" : 311.21,
    "volume" : 14412.00
  }, {
    "date" : "2026-01-08",
    "price" : 303.10,
    "dma50" : 312.39,
    "dma100" : 322.76,
    "dma200" : 311.13,
    "volume" : 27037.00
  }, {
    "date" : "2026-01-09",
    "price" : 293.65,
    "dma50" : 311.65,
    "dma100" : 322.28,
    "dma200" : 310.95,
    "volume" : 34735.00
  }, {
    "date" : "2026-01-12",
    "price" : 298.30,
    "dma50" : 311.13,
    "dma100" : 321.82,
    "dma200" : 310.83,
    "volume" : 58565.00
  }, {
    "date" : "2026-01-13",
    "price" : 297.40,
    "dma50" : 310.59,
    "dma100" : 321.27,
    "dma200" : 310.70,
    "volume" : 32665.00
  }, {
    "date" : "2026-01-14",
    "price" : 296.85,
    "dma50" : 310.05,
    "dma100" : 320.76,
    "dma200" : 310.56,
    "volume" : 21885.00
  }, {
    "date" : "2026-01-16",
    "price" : 296.80,
    "dma50" : 309.53,
    "dma100" : 320.20,
    "dma200" : 310.42,
    "volume" : 25576.00
  }, {
    "date" : "2026-01-19",
    "price" : 292.95,
    "dma50" : 308.88,
    "dma100" : 319.69,
    "dma200" : 310.25,
    "volume" : 32367.00
  }, {
    "date" : "2026-01-20",
    "price" : 278.25,
    "dma50" : 307.68,
    "dma100" : 319.06,
    "dma200" : 309.93,
    "volume" : 92671.00
  }, {
    "date" : "2026-01-21",
    "price" : 281.65,
    "dma50" : 306.66,
    "dma100" : 318.44,
    "dma200" : 309.65,
    "volume" : 48075.00
  }, {
    "date" : "2026-01-22",
    "price" : 297.65,
    "dma50" : 306.31,
    "dma100" : 317.89,
    "dma200" : 309.53,
    "volume" : 59163.00
  }, {
    "date" : "2026-01-23",
    "price" : 290.75,
    "dma50" : 305.70,
    "dma100" : 317.22,
    "dma200" : 309.34,
    "volume" : 15372.00
  }, {
    "date" : "2026-01-27",
    "price" : 285.40,
    "dma50" : 304.90,
    "dma100" : 316.50,
    "dma200" : 309.10,
    "volume" : 39539.00
  }, {
    "date" : "2026-01-28",
    "price" : 284.25,
    "dma50" : 304.09,
    "dma100" : 315.73,
    "dma200" : 308.86,
    "volume" : 34418.00
  }, {
    "date" : "2026-01-29",
    "price" : 288.55,
    "dma50" : 303.48,
    "dma100" : 314.99,
    "dma200" : 308.65,
    "volume" : 36201.00
  }, {
    "date" : "2026-01-30",
    "price" : 293.55,
    "dma50" : 303.09,
    "dma100" : 314.21,
    "dma200" : 308.50,
    "volume" : 37116.00
  }, {
    "date" : "2026-02-01",
    "price" : 288.50,
    "dma50" : 302.52,
    "dma100" : 313.38,
    "dma200" : 308.30,
    "volume" : 19322.00
  }, {
    "date" : "2026-02-02",
    "price" : 285.30,
    "dma50" : 301.84,
    "dma100" : 312.51,
    "dma200" : 308.08,
    "volume" : 17584.00
  }, {
    "date" : "2026-02-03",
    "price" : 293.05,
    "dma50" : 301.50,
    "dma100" : 311.64,
    "dma200" : 307.93,
    "volume" : 18299.00
  }, {
    "date" : "2026-02-04",
    "price" : 297.35,
    "dma50" : 301.34,
    "dma100" : 310.82,
    "dma200" : 307.82,
    "volume" : 35307.00
  }, {
    "date" : "2026-02-05",
    "price" : 296.25,
    "dma50" : 301.14,
    "dma100" : 310.04,
    "dma200" : 307.71,
    "volume" : 30206.00
  }, {
    "date" : "2026-02-06",
    "price" : 296.35,
    "dma50" : 300.95,
    "dma100" : 309.44,
    "dma200" : 307.59,
    "volume" : 57458.00
  }, {
    "date" : "2026-02-09",
    "price" : 323.15,
    "dma50" : 301.82,
    "dma100" : 309.11,
    "dma200" : 307.75,
    "volume" : 2155249.00
  }, {
    "date" : "2026-02-10",
    "price" : 325.20,
    "dma50" : 302.74,
    "dma100" : 308.87,
    "dma200" : 307.92,
    "volume" : 272590.00
  }, {
    "date" : "2026-02-11",
    "price" : 319.20,
    "dma50" : 303.38,
    "dma100" : 308.66,
    "dma200" : 308.03,
    "volume" : 84750.00
  }, {
    "date" : "2026-02-12",
    "price" : 323.15,
    "dma50" : 304.16,
    "dma100" : 308.47,
    "dma200" : 308.18,
    "volume" : 86635.00
  }, {
    "date" : "2026-02-13",
    "price" : 312.05,
    "dma50" : 304.47,
    "dma100" : 308.23,
    "dma200" : 308.22,
    "volume" : 45767.00
  } ],
  "latestTechnicalAttributes" : {
    "date" : "2026-02-13",
    "price" : 312.05,
    "dma50" : 304.47,
    "dma100" : 308.23,
    "dma200" : 308.22,
    "volume" : 45767.00
  },
  "quarterlyResults" : [ {
    "date" : "2005-03-31",
    "sales" : 29.86,
    "salesGrowthYoY" : null,
    "grossProfitMargin" : 12.49,
    "grossProfit" : 3.73,
    "operatingProfitMargin" : 6.53,
    "operatingProfit" : 1.95,
    "netProfitMargin" : 1.37,
    "netProfit" : 0.41
  }, {
    "date" : "2005-06-30",
    "sales" : 31.34,
    "salesGrowthYoY" : null,
    "grossProfitMargin" : 12.86,
    "grossProfit" : 4.03,
    "operatingProfitMargin" : 6.57,
    "operatingProfit" : 2.06,
    "netProfitMargin" : 2.87,
    "netProfit" : 0.90
  }, {
    "date" : "2005-09-30",
    "sales" : 29.94,
    "salesGrowthYoY" : null,
    "grossProfitMargin" : 12.32,
    "grossProfit" : 3.69,
    "operatingProfitMargin" : 5.91,
    "operatingProfit" : 1.77,
    "netProfitMargin" : 2.27,
    "netProfit" : 0.68
  }, {
    "date" : "2005-12-31",
    "sales" : 33.57,
    "salesGrowthYoY" : null,
    "grossProfitMargin" : 11.17,
    "grossProfit" : 3.75,
    "operatingProfitMargin" : 4.38,
    "operatingProfit" : 1.47,
    "netProfitMargin" : 0.57,
    "netProfit" : 0.19
  }, {
    "date" : "2006-03-31",
    "sales" : 38.26,
    "salesGrowthYoY" : 28.13,
    "grossProfitMargin" : 10.19,
    "grossProfit" : 3.90,
    "operatingProfitMargin" : 3.76,
    "operatingProfit" : 1.44,
    "netProfitMargin" : 0.29,
    "netProfit" : 0.11
  }, {
    "date" : "2006-06-30",
    "sales" : 51.53,
    "salesGrowthYoY" : 64.42,
    "grossProfitMargin" : 7.49,
    "grossProfit" : 3.86,
    "operatingProfitMargin" : 2.81,
    "operatingProfit" : 1.45,
    "netProfitMargin" : 0.06,
    "netProfit" : 0.03
  }, {
    "date" : "2006-09-30",
    "sales" : 50.34,
    "salesGrowthYoY" : 68.14,
    "grossProfitMargin" : 11.04,
    "grossProfit" : 5.56,
    "operatingProfitMargin" : 4.99,
    "operatingProfit" : 2.51,
    "netProfitMargin" : 1.27,
    "netProfit" : 0.64
  }, {
    "date" : "2006-12-31",
    "sales" : 51.24,
    "salesGrowthYoY" : 52.64,
    "grossProfitMargin" : 7.94,
    "grossProfit" : 4.07,
    "operatingProfitMargin" : 4.47,
    "operatingProfit" : 2.29,
    "netProfitMargin" : 0.92,
    "netProfit" : 0.47
  }, {
    "date" : "2007-03-31",
    "sales" : 58.29,
    "salesGrowthYoY" : 52.35,
    "grossProfitMargin" : 7.03,
    "grossProfit" : 4.10,
    "operatingProfitMargin" : 2.35,
    "operatingProfit" : 1.37,
    "netProfitMargin" : -0.26,
    "netProfit" : -0.15
  }, {
    "date" : "2007-06-30",
    "sales" : 68.53,
    "salesGrowthYoY" : 32.99,
    "grossProfitMargin" : 9.59,
    "grossProfit" : 6.57,
    "operatingProfitMargin" : 5.03,
    "operatingProfit" : 3.45,
    "netProfitMargin" : 1.43,
    "netProfit" : 0.98
  }, {
    "date" : "2007-09-30",
    "sales" : 70.67,
    "salesGrowthYoY" : 40.39,
    "grossProfitMargin" : 10.47,
    "grossProfit" : 7.40,
    "operatingProfitMargin" : 5.07,
    "operatingProfit" : 3.58,
    "netProfitMargin" : 1.57,
    "netProfit" : 1.11
  }, {
    "date" : "2007-12-31",
    "sales" : 72.08,
    "salesGrowthYoY" : 40.67,
    "grossProfitMargin" : 9.60,
    "grossProfit" : 6.92,
    "operatingProfitMargin" : 4.69,
    "operatingProfit" : 3.38,
    "netProfitMargin" : 1.50,
    "netProfit" : 1.08
  }, {
    "date" : "2008-03-31",
    "sales" : 76.56,
    "salesGrowthYoY" : 31.34,
    "grossProfitMargin" : 12.54,
    "grossProfit" : 9.60,
    "operatingProfitMargin" : 7.33,
    "operatingProfit" : 5.61,
    "netProfitMargin" : 2.94,
    "netProfit" : 2.25
  }, {
    "date" : "2008-06-30",
    "sales" : 88.29,
    "salesGrowthYoY" : 28.83,
    "grossProfitMargin" : 10.10,
    "grossProfit" : 8.92,
    "operatingProfitMargin" : 5.36,
    "operatingProfit" : 4.73,
    "netProfitMargin" : 1.85,
    "netProfit" : 1.63
  }, {
    "date" : "2008-09-30",
    "sales" : 84.95,
    "salesGrowthYoY" : 20.21,
    "grossProfitMargin" : 8.70,
    "grossProfit" : 7.39,
    "operatingProfitMargin" : 3.85,
    "operatingProfit" : 3.27,
    "netProfitMargin" : 0.54,
    "netProfit" : 0.46
  }, {
    "date" : "2008-12-31",
    "sales" : 62.27,
    "salesGrowthYoY" : -13.61,
    "grossProfitMargin" : 3.13,
    "grossProfit" : 1.95,
    "operatingProfitMargin" : -4.34,
    "operatingProfit" : -2.70,
    "netProfitMargin" : -7.10,
    "netProfit" : -4.42
  }, {
    "date" : "2009-03-31",
    "sales" : 68.03,
    "salesGrowthYoY" : -11.14,
    "grossProfitMargin" : 16.48,
    "grossProfit" : 11.21,
    "operatingProfitMargin" : 8.53,
    "operatingProfit" : 5.80,
    "netProfitMargin" : 5.39,
    "netProfit" : 3.67
  }, {
    "date" : "2009-06-30",
    "sales" : 83.61,
    "salesGrowthYoY" : -5.30,
    "grossProfitMargin" : 13.84,
    "grossProfit" : 11.57,
    "operatingProfitMargin" : 7.28,
    "operatingProfit" : 6.09,
    "netProfitMargin" : 3.23,
    "netProfit" : 2.70
  }, {
    "date" : "2009-09-30",
    "sales" : 95.22,
    "salesGrowthYoY" : 12.09,
    "grossProfitMargin" : 12.32,
    "grossProfit" : 11.73,
    "operatingProfitMargin" : 6.76,
    "operatingProfit" : 6.44,
    "netProfitMargin" : 2.96,
    "netProfit" : 2.82
  }, {
    "date" : "2009-12-31",
    "sales" : 102.06,
    "salesGrowthYoY" : 63.90,
    "grossProfitMargin" : 11.09,
    "grossProfit" : 11.32,
    "operatingProfitMargin" : 6.17,
    "operatingProfit" : 6.30,
    "netProfitMargin" : 2.60,
    "netProfit" : 2.65
  }, {
    "date" : "2010-03-31",
    "sales" : 124.47,
    "salesGrowthYoY" : 82.96,
    "grossProfitMargin" : 11.06,
    "grossProfit" : 13.77,
    "operatingProfitMargin" : 6.38,
    "operatingProfit" : 7.94,
    "netProfitMargin" : 2.96,
    "netProfit" : 3.68
  }, {
    "date" : "2010-06-30",
    "sales" : 124.83,
    "salesGrowthYoY" : 49.30,
    "grossProfitMargin" : 9.48,
    "grossProfit" : 11.83,
    "operatingProfitMargin" : 4.97,
    "operatingProfit" : 6.20,
    "netProfitMargin" : 2.19,
    "netProfit" : 2.73
  }, {
    "date" : "2010-09-30",
    "sales" : 122.51,
    "salesGrowthYoY" : 28.66,
    "grossProfitMargin" : 9.60,
    "grossProfit" : 11.76,
    "operatingProfitMargin" : 5.18,
    "operatingProfit" : 6.35,
    "netProfitMargin" : 2.33,
    "netProfit" : 2.85
  }, {
    "date" : "2010-12-31",
    "sales" : 115.57,
    "salesGrowthYoY" : 13.24,
    "grossProfitMargin" : 9.81,
    "grossProfit" : 11.34,
    "operatingProfitMargin" : 5.32,
    "operatingProfit" : 6.15,
    "netProfitMargin" : 2.00,
    "netProfit" : 2.31
  }, {
    "date" : "2011-03-31",
    "sales" : 136.10,
    "salesGrowthYoY" : 9.34,
    "grossProfitMargin" : 7.72,
    "grossProfit" : 10.51,
    "operatingProfitMargin" : 3.79,
    "operatingProfit" : 5.16,
    "netProfitMargin" : 1.16,
    "netProfit" : 1.58
  }, {
    "date" : "2011-06-30",
    "sales" : 131.03,
    "salesGrowthYoY" : 4.97,
    "grossProfitMargin" : 7.30,
    "grossProfit" : 9.57,
    "operatingProfitMargin" : 4.27,
    "operatingProfit" : 5.59,
    "netProfitMargin" : 1.18,
    "netProfit" : 1.55
  }, {
    "date" : "2011-09-30",
    "sales" : 135.60,
    "salesGrowthYoY" : 10.68,
    "grossProfitMargin" : 6.39,
    "grossProfit" : 8.66,
    "operatingProfitMargin" : 3.44,
    "operatingProfit" : 4.66,
    "netProfitMargin" : 0.49,
    "netProfit" : 0.66
  }, {
    "date" : "2011-12-31",
    "sales" : 125.61,
    "salesGrowthYoY" : 8.69,
    "grossProfitMargin" : 5.13,
    "grossProfit" : 6.44,
    "operatingProfitMargin" : 1.32,
    "operatingProfit" : 1.66,
    "netProfitMargin" : -1.19,
    "netProfit" : -1.49
  }, {
    "date" : "2012-03-31",
    "sales" : 168.07,
    "salesGrowthYoY" : 23.49,
    "grossProfitMargin" : 8.21,
    "grossProfit" : 13.80,
    "operatingProfitMargin" : 5.80,
    "operatingProfit" : 9.75,
    "netProfitMargin" : 2.67,
    "netProfit" : 4.49
  }, {
    "date" : "2012-06-30",
    "sales" : 164.08,
    "salesGrowthYoY" : 25.22,
    "grossProfitMargin" : 7.55,
    "grossProfit" : 12.39,
    "operatingProfitMargin" : 4.53,
    "operatingProfit" : 7.43,
    "netProfitMargin" : 1.07,
    "netProfit" : 1.76
  }, {
    "date" : "2012-09-30",
    "sales" : 164.13,
    "salesGrowthYoY" : 21.04,
    "grossProfitMargin" : 7.16,
    "grossProfit" : 11.75,
    "operatingProfitMargin" : 3.74,
    "operatingProfit" : 6.14,
    "netProfitMargin" : 1.08,
    "netProfit" : 1.77
  }, {
    "date" : "2012-12-31",
    "sales" : 165.02,
    "salesGrowthYoY" : 31.37,
    "grossProfitMargin" : 7.27,
    "grossProfit" : 12.00,
    "operatingProfitMargin" : 3.76,
    "operatingProfit" : 6.20,
    "netProfitMargin" : 0.85,
    "netProfit" : 1.40
  }, {
    "date" : "2013-03-31",
    "sales" : 192.28,
    "salesGrowthYoY" : 14.40,
    "grossProfitMargin" : 8.65,
    "grossProfit" : 16.63,
    "operatingProfitMargin" : 5.11,
    "operatingProfit" : 9.83,
    "netProfitMargin" : 1.95,
    "netProfit" : 3.75
  }, {
    "date" : "2013-06-30",
    "sales" : 168.58,
    "salesGrowthYoY" : 2.74,
    "grossProfitMargin" : 7.14,
    "grossProfit" : 12.04,
    "operatingProfitMargin" : 3.41,
    "operatingProfit" : 5.75,
    "netProfitMargin" : 0.80,
    "netProfit" : 1.35
  }, {
    "date" : "2013-09-30",
    "sales" : 169.97,
    "salesGrowthYoY" : 3.56,
    "grossProfitMargin" : 6.90,
    "grossProfit" : 11.73,
    "operatingProfitMargin" : 3.19,
    "operatingProfit" : 5.42,
    "netProfitMargin" : 0.48,
    "netProfit" : 0.82
  }, {
    "date" : "2013-12-31",
    "sales" : 171.45,
    "salesGrowthYoY" : 3.90,
    "grossProfitMargin" : 7.54,
    "grossProfit" : 12.93,
    "operatingProfitMargin" : 3.89,
    "operatingProfit" : 6.67,
    "netProfitMargin" : 0.83,
    "netProfit" : 1.42
  }, {
    "date" : "2014-03-31",
    "sales" : 188.59,
    "salesGrowthYoY" : -1.92,
    "grossProfitMargin" : 8.90,
    "grossProfit" : 16.78,
    "operatingProfitMargin" : 5.34,
    "operatingProfit" : 10.07,
    "netProfitMargin" : 1.77,
    "netProfit" : 3.34
  }, {
    "date" : "2014-06-30",
    "sales" : 187.61,
    "salesGrowthYoY" : 11.29,
    "grossProfitMargin" : 9.22,
    "grossProfit" : 17.30,
    "operatingProfitMargin" : 5.59,
    "operatingProfit" : 10.49,
    "netProfitMargin" : 1.74,
    "netProfit" : 3.26
  }, {
    "date" : "2014-09-30",
    "sales" : 193.40,
    "salesGrowthYoY" : 13.78,
    "grossProfitMargin" : 8.94,
    "grossProfit" : 17.29,
    "operatingProfitMargin" : 5.19,
    "operatingProfit" : 10.04,
    "netProfitMargin" : 1.73,
    "netProfit" : 3.35
  }, {
    "date" : "2014-12-31",
    "sales" : 183.24,
    "salesGrowthYoY" : 6.88,
    "grossProfitMargin" : 8.93,
    "grossProfit" : 16.36,
    "operatingProfitMargin" : 4.87,
    "operatingProfit" : 8.92,
    "netProfitMargin" : 0.88,
    "netProfit" : 1.61
  }, {
    "date" : "2015-03-31",
    "sales" : 176.68,
    "salesGrowthYoY" : -6.32,
    "grossProfitMargin" : 7.11,
    "grossProfit" : 12.56,
    "operatingProfitMargin" : 2.63,
    "operatingProfit" : 4.65,
    "netProfitMargin" : 0.92,
    "netProfit" : 1.63
  }, {
    "date" : "2015-06-30",
    "sales" : 191.36,
    "salesGrowthYoY" : 2.00,
    "grossProfitMargin" : 8.73,
    "grossProfit" : 16.71,
    "operatingProfitMargin" : 4.80,
    "operatingProfit" : 9.19,
    "netProfitMargin" : 1.34,
    "netProfit" : 2.56
  }, {
    "date" : "2015-09-30",
    "sales" : 175.49,
    "salesGrowthYoY" : -9.26,
    "grossProfitMargin" : 8.23,
    "grossProfit" : 14.44,
    "operatingProfitMargin" : 3.76,
    "operatingProfit" : 6.60,
    "netProfitMargin" : 0.64,
    "netProfit" : 1.12
  }, {
    "date" : "2015-12-31",
    "sales" : 171.14,
    "salesGrowthYoY" : -6.60,
    "grossProfitMargin" : 8.54,
    "grossProfit" : 14.62,
    "operatingProfitMargin" : 3.83,
    "operatingProfit" : 6.55,
    "netProfitMargin" : 0.70,
    "netProfit" : 1.20
  }, {
    "date" : "2016-03-31",
    "sales" : 181.06,
    "salesGrowthYoY" : 2.48,
    "grossProfitMargin" : 13.51,
    "grossProfit" : 24.46,
    "operatingProfitMargin" : 6.35,
    "operatingProfit" : 11.50,
    "netProfitMargin" : 2.46,
    "netProfit" : 4.45
  }, {
    "date" : "2016-06-30",
    "sales" : 186.25,
    "salesGrowthYoY" : -2.67,
    "grossProfitMargin" : 12.10,
    "grossProfit" : 22.54,
    "operatingProfitMargin" : 5.68,
    "operatingProfit" : 10.58,
    "netProfitMargin" : 2.19,
    "netProfit" : 4.08
  }, {
    "date" : "2016-09-30",
    "sales" : 195.10,
    "salesGrowthYoY" : 11.17,
    "grossProfitMargin" : 12.39,
    "grossProfit" : 24.17,
    "operatingProfitMargin" : 5.49,
    "operatingProfit" : 10.71,
    "netProfitMargin" : 2.33,
    "netProfit" : 4.55
  }, {
    "date" : "2016-12-31",
    "sales" : 193.81,
    "salesGrowthYoY" : 13.25,
    "grossProfitMargin" : 15.16,
    "grossProfit" : 29.38,
    "operatingProfitMargin" : 7.51,
    "operatingProfit" : 14.56,
    "netProfitMargin" : 3.22,
    "netProfit" : 6.24
  }, {
    "date" : "2017-03-31",
    "sales" : 225.67,
    "salesGrowthYoY" : 24.64,
    "grossProfitMargin" : 13.42,
    "grossProfit" : 30.28,
    "operatingProfitMargin" : 6.71,
    "operatingProfit" : 15.14,
    "netProfitMargin" : 3.12,
    "netProfit" : 7.04
  }, {
    "date" : "2017-06-30",
    "sales" : 223.64,
    "salesGrowthYoY" : 20.08,
    "grossProfitMargin" : 12.02,
    "grossProfit" : 26.88,
    "operatingProfitMargin" : 5.50,
    "operatingProfit" : 12.30,
    "netProfitMargin" : 2.12,
    "netProfit" : 4.74
  }, {
    "date" : "2017-09-30",
    "sales" : 234.67,
    "salesGrowthYoY" : 20.28,
    "grossProfitMargin" : 11.89,
    "grossProfit" : 27.90,
    "operatingProfitMargin" : 6.43,
    "operatingProfit" : 15.09,
    "netProfitMargin" : 3.00,
    "netProfit" : 7.04
  }, {
    "date" : "2017-12-31",
    "sales" : 261.61,
    "salesGrowthYoY" : 34.98,
    "grossProfitMargin" : 11.06,
    "grossProfit" : 28.93,
    "operatingProfitMargin" : 5.50,
    "operatingProfit" : 14.39,
    "netProfitMargin" : 2.21,
    "netProfit" : 5.78
  }, {
    "date" : "2018-03-31",
    "sales" : 307.33,
    "salesGrowthYoY" : 36.19,
    "grossProfitMargin" : 12.48,
    "grossProfit" : 38.35,
    "operatingProfitMargin" : 6.84,
    "operatingProfit" : 21.02,
    "netProfitMargin" : 2.91,
    "netProfit" : 8.94
  }, {
    "date" : "2018-06-30",
    "sales" : 293.50,
    "salesGrowthYoY" : 31.24,
    "grossProfitMargin" : 11.22,
    "grossProfit" : 32.93,
    "operatingProfitMargin" : 5.57,
    "operatingProfit" : 16.35,
    "netProfitMargin" : 1.67,
    "netProfit" : 4.90
  }, {
    "date" : "2018-09-30",
    "sales" : 295.52,
    "salesGrowthYoY" : 25.93,
    "grossProfitMargin" : 10.24,
    "grossProfit" : 30.26,
    "operatingProfitMargin" : 4.20,
    "operatingProfit" : 12.41,
    "netProfitMargin" : 1.18,
    "netProfit" : 3.49
  }, {
    "date" : "2018-12-31",
    "sales" : 326.11,
    "salesGrowthYoY" : 24.66,
    "grossProfitMargin" : 10.60,
    "grossProfit" : 34.57,
    "operatingProfitMargin" : 4.45,
    "operatingProfit" : 14.51,
    "netProfitMargin" : 0.59,
    "netProfit" : 1.92
  }, {
    "date" : "2019-03-31",
    "sales" : 335.01,
    "salesGrowthYoY" : 9.01,
    "grossProfitMargin" : 11.77,
    "grossProfit" : 39.43,
    "operatingProfitMargin" : 5.20,
    "operatingProfit" : 17.42,
    "netProfitMargin" : 1.69,
    "netProfit" : 5.66
  }, {
    "date" : "2019-06-30",
    "sales" : 337.91,
    "salesGrowthYoY" : 15.13,
    "grossProfitMargin" : 9.76,
    "grossProfit" : 32.98,
    "operatingProfitMargin" : 3.72,
    "operatingProfit" : 12.57,
    "netProfitMargin" : 0.54,
    "netProfit" : 1.82
  }, {
    "date" : "2019-09-30",
    "sales" : 324.08,
    "salesGrowthYoY" : 9.66,
    "grossProfitMargin" : 11.36,
    "grossProfit" : 36.82,
    "operatingProfitMargin" : 4.93,
    "operatingProfit" : 15.98,
    "netProfitMargin" : 2.30,
    "netProfit" : 7.45
  }, {
    "date" : "2019-12-31",
    "sales" : 293.35,
    "salesGrowthYoY" : -10.05,
    "grossProfitMargin" : 11.14,
    "grossProfit" : 32.68,
    "operatingProfitMargin" : 4.21,
    "operatingProfit" : 12.35,
    "netProfitMargin" : 1.03,
    "netProfit" : 3.02
  }, {
    "date" : "2020-03-31",
    "sales" : 300.14,
    "salesGrowthYoY" : -10.41,
    "grossProfitMargin" : 12.16,
    "grossProfit" : 36.50,
    "operatingProfitMargin" : 3.80,
    "operatingProfit" : 11.41,
    "netProfitMargin" : 0.65,
    "netProfit" : 1.95
  }, {
    "date" : "2020-06-30",
    "sales" : 165.55,
    "salesGrowthYoY" : -51.01,
    "grossProfitMargin" : 10.59,
    "grossProfit" : 17.53,
    "operatingProfitMargin" : 2.26,
    "operatingProfit" : 3.74,
    "netProfitMargin" : -2.05,
    "netProfit" : -3.39
  }, {
    "date" : "2020-09-30",
    "sales" : 329.66,
    "salesGrowthYoY" : 1.72,
    "grossProfitMargin" : 9.49,
    "grossProfit" : 31.28,
    "operatingProfitMargin" : 3.45,
    "operatingProfit" : 11.37,
    "netProfitMargin" : 0.86,
    "netProfit" : 2.84
  }, {
    "date" : "2020-12-31",
    "sales" : 396.17,
    "salesGrowthYoY" : 35.05,
    "grossProfitMargin" : 9.67,
    "grossProfit" : 38.31,
    "operatingProfitMargin" : 4.09,
    "operatingProfit" : 16.20,
    "netProfitMargin" : 1.36,
    "netProfit" : 5.39
  }, {
    "date" : "2021-03-31",
    "sales" : 495.61,
    "salesGrowthYoY" : 65.13,
    "grossProfitMargin" : 8.81,
    "grossProfit" : 43.66,
    "operatingProfitMargin" : 4.04,
    "operatingProfit" : 20.02,
    "netProfitMargin" : 1.75,
    "netProfit" : 8.67
  }, {
    "date" : "2021-06-30",
    "sales" : 412.77,
    "salesGrowthYoY" : 149.33,
    "grossProfitMargin" : 8.81,
    "grossProfit" : 36.37,
    "operatingProfitMargin" : 4.14,
    "operatingProfit" : 17.09,
    "netProfitMargin" : 1.60,
    "netProfit" : 6.60
  }, {
    "date" : "2021-09-30",
    "sales" : 520.73,
    "salesGrowthYoY" : 57.96,
    "grossProfitMargin" : 9.43,
    "grossProfit" : 49.10,
    "operatingProfitMargin" : 4.48,
    "operatingProfit" : 23.33,
    "netProfitMargin" : 2.27,
    "netProfit" : 11.82
  }, {
    "date" : "2021-12-31",
    "sales" : 515.16,
    "salesGrowthYoY" : 30.04,
    "grossProfitMargin" : 9.69,
    "grossProfit" : 49.92,
    "operatingProfitMargin" : 5.30,
    "operatingProfit" : 27.30,
    "netProfitMargin" : 2.84,
    "netProfit" : 14.63
  }, {
    "date" : "2022-03-31",
    "sales" : 563.91,
    "salesGrowthYoY" : 13.78,
    "grossProfitMargin" : 9.10,
    "grossProfit" : 51.32,
    "operatingProfitMargin" : 4.76,
    "operatingProfit" : 26.84,
    "netProfitMargin" : 2.77,
    "netProfit" : 15.62
  }, {
    "date" : "2022-06-30",
    "sales" : 604.08,
    "salesGrowthYoY" : 46.35,
    "grossProfitMargin" : 7.81,
    "grossProfit" : 47.18,
    "operatingProfitMargin" : 3.70,
    "operatingProfit" : 22.35,
    "netProfitMargin" : 1.62,
    "netProfit" : 9.79
  }, {
    "date" : "2022-09-30",
    "sales" : 554.37,
    "salesGrowthYoY" : 6.46,
    "grossProfitMargin" : 8.35,
    "grossProfit" : 46.29,
    "operatingProfitMargin" : 3.50,
    "operatingProfit" : 19.40,
    "netProfitMargin" : 1.51,
    "netProfit" : 8.37
  }, {
    "date" : "2022-12-31",
    "sales" : 527.66,
    "salesGrowthYoY" : 2.43,
    "grossProfitMargin" : 9.60,
    "grossProfit" : 50.66,
    "operatingProfitMargin" : 4.55,
    "operatingProfit" : 24.01,
    "netProfitMargin" : 2.07,
    "netProfit" : 10.92
  }, {
    "date" : "2023-03-31",
    "sales" : 642.06,
    "salesGrowthYoY" : 13.86,
    "grossProfitMargin" : 8.87,
    "grossProfit" : 56.95,
    "operatingProfitMargin" : 4.02,
    "operatingProfit" : 25.81,
    "netProfitMargin" : 2.15,
    "netProfit" : 13.80
  }, {
    "date" : "2023-06-30",
    "sales" : 645.00,
    "salesGrowthYoY" : 6.77,
    "grossProfitMargin" : 7.93,
    "grossProfit" : 51.15,
    "operatingProfitMargin" : 3.43,
    "operatingProfit" : 22.12,
    "netProfitMargin" : 1.52,
    "netProfit" : 9.80
  }, {
    "date" : "2023-09-30",
    "sales" : 675.38,
    "salesGrowthYoY" : 21.83,
    "grossProfitMargin" : 8.61,
    "grossProfit" : 58.15,
    "operatingProfitMargin" : 4.07,
    "operatingProfit" : 27.49,
    "netProfitMargin" : 1.96,
    "netProfit" : 13.24
  }, {
    "date" : "2023-12-31",
    "sales" : 619.83,
    "salesGrowthYoY" : 17.47,
    "grossProfitMargin" : 8.39,
    "grossProfit" : 52.00,
    "operatingProfitMargin" : 3.64,
    "operatingProfit" : 22.56,
    "netProfitMargin" : 1.89,
    "netProfit" : 11.71
  }, {
    "date" : "2024-03-31",
    "sales" : 674.93,
    "salesGrowthYoY" : 5.12,
    "grossProfitMargin" : 8.36,
    "grossProfit" : 56.42,
    "operatingProfitMargin" : 4.04,
    "operatingProfit" : 27.27,
    "netProfitMargin" : 2.31,
    "netProfit" : 15.59
  }, {
    "date" : "2024-06-30",
    "sales" : 757.55,
    "salesGrowthYoY" : 17.45,
    "grossProfitMargin" : 7.03,
    "grossProfit" : 53.26,
    "operatingProfitMargin" : 2.90,
    "operatingProfit" : 21.97,
    "netProfitMargin" : 1.33,
    "netProfit" : 10.08
  }, {
    "date" : "2024-09-30",
    "sales" : 812.90,
    "salesGrowthYoY" : 20.36,
    "grossProfitMargin" : 7.95,
    "grossProfit" : 64.63,
    "operatingProfitMargin" : 3.80,
    "operatingProfit" : 30.89,
    "netProfitMargin" : 2.12,
    "netProfit" : 17.23
  }, {
    "date" : "2024-12-31",
    "sales" : 879.37,
    "salesGrowthYoY" : 41.87,
    "grossProfitMargin" : 9.17,
    "grossProfit" : 80.64,
    "operatingProfitMargin" : 4.24,
    "operatingProfit" : 37.29,
    "netProfitMargin" : 2.08,
    "netProfit" : 18.29
  }, {
    "date" : "2025-03-31",
    "sales" : 931.95,
    "salesGrowthYoY" : 38.08,
    "grossProfitMargin" : 9.30,
    "grossProfit" : 86.67,
    "operatingProfitMargin" : 4.46,
    "operatingProfit" : 41.56,
    "netProfitMargin" : 1.88,
    "netProfit" : 17.52
  }, {
    "date" : "2025-06-30",
    "sales" : 960.40,
    "salesGrowthYoY" : 26.78,
    "grossProfitMargin" : 8.96,
    "grossProfit" : 86.05,
    "operatingProfitMargin" : 4.15,
    "operatingProfit" : 39.86,
    "netProfitMargin" : 1.51,
    "netProfit" : 14.50
  }, {
    "date" : "2025-09-30",
    "sales" : 1141.29,
    "salesGrowthYoY" : 40.40,
    "grossProfitMargin" : 9.35,
    "grossProfit" : 106.71,
    "operatingProfitMargin" : 4.56,
    "operatingProfit" : 52.04,
    "netProfitMargin" : 1.90,
    "netProfit" : 21.68
  }, {
    "date" : "2025-12-31",
    "sales" : 1249.62,
    "salesGrowthYoY" : 42.10,
    "grossProfitMargin" : 10.08,
    "grossProfit" : 125.96,
    "operatingProfitMargin" : 5.50,
    "operatingProfit" : 68.73,
    "netProfitMargin" : 2.77,
    "netProfit" : 34.61
  } ],
  "latestQuarterlyResult" : {
    "date" : "2025-12-31",
    "sales" : 1249.62,
    "salesGrowthYoY" : 42.10,
    "grossProfitMargin" : 10.08,
    "grossProfit" : 125.96,
    "operatingProfitMargin" : 5.50,
    "operatingProfit" : 68.73,
    "netProfitMargin" : 2.77,
    "netProfit" : 34.61
  },
  "companyScore" : {
    "priceHigherThanDma50" : 5.00,
    "priceHigherThanDma100" : 5.00,
    "priceHigherThanDma200" : 5.00,
    "dma50HigherThanDma100" : 0.00,
    "dma50HigherThanDma200" : 0.00,
    "dma100HigherThanDma200" : 5.00,
    "pricePercentageAboveDma50" : 4.88,
    "pricePercentageAboveDma100" : 4.94,
    "pricePercentageAboveDma200" : 4.94,
    "weeklyVolumeHigherThanYearlyVolume" : 5.00,
    "salesGrowthPercentile" : 17.25,
    "operatingProfitMarginPercentile" : 15.71,
    "netProfitMarginPercentile" : 8.69,
    "totalTechnicalScore" : 39.75,
    "totalFundamentalScore" : 41.65,
    "totalScore" : 81.41
  }
}