{
  "metadata" : {
    "screenerCompanyId" : "2693",
    "companyCode" : "RATNAMANI",
    "companyName" : "Ratnamani Metals",
    "screenerCompanyLink" : "https://www.screener.in/company/RATNAMANI",
    "screenerTechnicalHistoryLink" : "https://www.screener.in/api/company/2693/chart/?q=Price-DMA50-DMA200-Volume&days=365",
    "screenerQuarterlyResultsLink" : "https://www.screener.in/api/company/2693/chart/?q=GPM-OPM-NPM-Quarter+Sales&days=10000",
    "attributes" : {
      "companyCode" : "RATNAMANI",
      "companyName" : "Ratnamani Metals",
      "marketCap" : 16737.00,
      "peRatio" : 26.80,
      "description" : "Ratnamani Metals & Tubes Ltd is engaged in the manufacturing of stainless steel pipes and tubes and carbon steel pipes from its manufacturing facilities in India.[1]"
    },
    "companyScore" : {
      "priceHigherThanDma50" : 0.00,
      "priceHigherThanDma100" : 0.00,
      "priceHigherThanDma200" : 0.00,
      "dma50HigherThanDma100" : 0.00,
      "dma50HigherThanDma200" : 0.00,
      "dma100HigherThanDma200" : 0.00,
      "pricePercentageAboveDma50" : 5.06,
      "pricePercentageAboveDma100" : 5.20,
      "pricePercentageAboveDma200" : 5.47,
      "weeklyVolumeHigherThanYearlyVolume" : 0.00,
      "salesGrowthPercentile" : 8.86,
      "operatingProfitMarginPercentile" : 4.45,
      "netProfitMarginPercentile" : 7.11,
      "totalTechnicalScore" : 15.73,
      "totalFundamentalScore" : 20.42,
      "totalScore" : 36.14
    }
  },
  "attributes" : {
    "companyCode" : "RATNAMANI",
    "companyName" : "Ratnamani Metals",
    "marketCap" : 16737.00,
    "peRatio" : 26.80,
    "description" : "Ratnamani Metals & Tubes Ltd is engaged in the manufacturing of stainless steel pipes and tubes and carbon steel pipes from its manufacturing facilities in India.[1]"
  },
  "technicalHistory" : [ {
    "date" : "2024-11-28",
    "price" : 3430.30,
    "dma50" : 3571.77,
    "dma100" : null,
    "dma200" : 3410.99,
    "volume" : 11806.00
  }, {
    "date" : "2024-11-29",
    "price" : 3433.00,
    "dma50" : 3566.32,
    "dma100" : null,
    "dma200" : 3411.21,
    "volume" : 65843.00
  }, {
    "date" : "2024-12-02",
    "price" : 3399.80,
    "dma50" : 3559.79,
    "dma100" : null,
    "dma200" : 3411.10,
    "volume" : 45165.00
  }, {
    "date" : "2024-12-03",
    "price" : 3367.95,
    "dma50" : 3552.27,
    "dma100" : null,
    "dma200" : 3410.67,
    "volume" : 30321.00
  }, {
    "date" : "2024-12-04",
    "price" : 3325.30,
    "dma50" : 3543.37,
    "dma100" : null,
    "dma200" : 3409.82,
    "volume" : 411639.00
  }, {
    "date" : "2024-12-05",
    "price" : 3326.00,
    "dma50" : 3534.84,
    "dma100" : null,
    "dma200" : 3408.98,
    "volume" : 79130.00
  }, {
    "date" : "2024-12-06",
    "price" : 3344.30,
    "dma50" : 3527.37,
    "dma100" : null,
    "dma200" : 3408.34,
    "volume" : 22916.00
  }, {
    "date" : "2024-12-09",
    "price" : 3403.40,
    "dma50" : 3522.51,
    "dma100" : null,
    "dma200" : 3408.29,
    "volume" : 33419.00
  }, {
    "date" : "2024-12-10",
    "price" : 3384.55,
    "dma50" : 3517.10,
    "dma100" : null,
    "dma200" : 3408.05,
    "volume" : 40370.00
  }, {
    "date" : "2024-12-11",
    "price" : 3362.00,
    "dma50" : 3511.02,
    "dma100" : null,
    "dma200" : 3407.60,
    "volume" : 19368.00
  }, {
    "date" : "2024-12-12",
    "price" : 3352.30,
    "dma50" : 3504.79,
    "dma100" : null,
    "dma200" : 3407.05,
    "volume" : 143878.00
  }, {
    "date" : "2024-12-13",
    "price" : 3377.60,
    "dma50" : 3499.81,
    "dma100" : null,
    "dma200" : 3406.75,
    "volume" : 18935.00
  }, {
    "date" : "2024-12-16",
    "price" : 3375.30,
    "dma50" : 3494.92,
    "dma100" : null,
    "dma200" : 3406.44,
    "volume" : 51860.00
  }, {
    "date" : "2024-12-17",
    "price" : 3317.35,
    "dma50" : 3487.96,
    "dma100" : null,
    "dma200" : 3405.55,
    "volume" : 19498.00
  }, {
    "date" : "2024-12-18",
    "price" : 3368.05,
    "dma50" : 3483.26,
    "dma100" : null,
    "dma200" : 3405.18,
    "volume" : 18508.00
  }, {
    "date" : "2024-12-19",
    "price" : 3320.60,
    "dma50" : 3476.88,
    "dma100" : null,
    "dma200" : 3404.34,
    "volume" : 13104.00
  }, {
    "date" : "2024-12-20",
    "price" : 3297.65,
    "dma50" : 3469.85,
    "dma100" : null,
    "dma200" : 3403.28,
    "volume" : 22481.00
  }, {
    "date" : "2024-12-23",
    "price" : 3275.05,
    "dma50" : 3462.21,
    "dma100" : null,
    "dma200" : 3402.00,
    "volume" : 10968.00
  }, {
    "date" : "2024-12-24",
    "price" : 3280.10,
    "dma50" : 3455.07,
    "dma100" : null,
    "dma200" : 3400.79,
    "volume" : 16891.00
  }, {
    "date" : "2024-12-26",
    "price" : 3285.00,
    "dma50" : 3448.40,
    "dma100" : null,
    "dma200" : 3399.64,
    "volume" : 11969.00
  }, {
    "date" : "2024-12-27",
    "price" : 3300.10,
    "dma50" : 3442.58,
    "dma100" : null,
    "dma200" : 3398.65,
    "volume" : 13145.00
  }, {
    "date" : "2024-12-30",
    "price" : 3200.65,
    "dma50" : 3433.10,
    "dma100" : null,
    "dma200" : 3396.68,
    "volume" : 170779.00
  }, {
    "date" : "2024-12-31",
    "price" : 3178.25,
    "dma50" : 3423.10,
    "dma100" : null,
    "dma200" : 3394.50,
    "volume" : 12217.00
  }, {
    "date" : "2025-01-01",
    "price" : 3192.45,
    "dma50" : 3414.06,
    "dma100" : null,
    "dma200" : 3392.49,
    "volume" : 13619.00
  }, {
    "date" : "2025-01-02",
    "price" : 3199.45,
    "dma50" : 3405.64,
    "dma100" : null,
    "dma200" : 3390.57,
    "volume" : 11141.00
  }, {
    "date" : "2025-01-03",
    "price" : 3200.35,
    "dma50" : 3397.59,
    "dma100" : null,
    "dma200" : 3388.68,
    "volume" : 21925.00
  }, {
    "date" : "2025-01-06",
    "price" : 3188.35,
    "dma50" : 3389.39,
    "dma100" : null,
    "dma200" : 3386.68,
    "volume" : 14766.00
  }, {
    "date" : "2025-01-07",
    "price" : 3180.30,
    "dma50" : 3381.19,
    "dma100" : null,
    "dma200" : 3384.63,
    "volume" : 15533.00
  }, {
    "date" : "2025-01-08",
    "price" : 3130.80,
    "dma50" : 3371.37,
    "dma100" : null,
    "dma200" : 3382.11,
    "volume" : 41774.00
  }, {
    "date" : "2025-01-09",
    "price" : 3139.80,
    "dma50" : 3362.29,
    "dma100" : null,
    "dma200" : 3379.69,
    "volume" : 9778.00
  }, {
    "date" : "2025-01-10",
    "price" : 3082.05,
    "dma50" : 3351.30,
    "dma100" : null,
    "dma200" : 3376.73,
    "volume" : 9361.00
  }, {
    "date" : "2025-01-13",
    "price" : 3002.85,
    "dma50" : 3337.63,
    "dma100" : null,
    "dma200" : 3373.01,
    "volume" : 30681.00
  }, {
    "date" : "2025-01-14",
    "price" : 2999.95,
    "dma50" : 3324.39,
    "dma100" : null,
    "dma200" : 3369.30,
    "volume" : 19169.00
  }, {
    "date" : "2025-01-15",
    "price" : 3013.15,
    "dma50" : 3312.18,
    "dma100" : null,
    "dma200" : 3365.76,
    "volume" : 53501.00
  }, {
    "date" : "2025-01-16",
    "price" : 3011.25,
    "dma50" : 3300.38,
    "dma100" : null,
    "dma200" : 3362.23,
    "volume" : 16752.00
  }, {
    "date" : "2025-01-17",
    "price" : 2974.15,
    "dma50" : 3287.59,
    "dma100" : null,
    "dma200" : 3358.37,
    "volume" : 85885.00
  }, {
    "date" : "2025-01-20",
    "price" : 2989.55,
    "dma50" : 3275.90,
    "dma100" : null,
    "dma200" : 3354.70,
    "volume" : 53469.00
  }, {
    "date" : "2025-01-21",
    "price" : 2951.75,
    "dma50" : 3263.19,
    "dma100" : null,
    "dma200" : 3350.69,
    "volume" : 33780.00
  }, {
    "date" : "2025-01-22",
    "price" : 2908.25,
    "dma50" : 3249.27,
    "dma100" : null,
    "dma200" : 3346.29,
    "volume" : 14833.00
  }, {
    "date" : "2025-01-23",
    "price" : 2906.90,
    "dma50" : 3235.84,
    "dma100" : null,
    "dma200" : 3341.91,
    "volume" : 28453.00
  }, {
    "date" : "2025-01-24",
    "price" : 2857.45,
    "dma50" : 3221.00,
    "dma100" : null,
    "dma200" : 3337.09,
    "volume" : 15357.00
  }, {
    "date" : "2025-01-27",
    "price" : 2851.50,
    "dma50" : 3206.51,
    "dma100" : null,
    "dma200" : 3332.26,
    "volume" : 25054.00
  }, {
    "date" : "2025-01-28",
    "price" : 2801.05,
    "dma50" : 3190.61,
    "dma100" : null,
    "dma200" : 3326.98,
    "volume" : 15983.00
  }, {
    "date" : "2025-01-29",
    "price" : 2894.90,
    "dma50" : 3179.02,
    "dma100" : null,
    "dma200" : 3322.68,
    "volume" : 15354.00
  }, {
    "date" : "2025-01-30",
    "price" : 2784.05,
    "dma50" : 3163.53,
    "dma100" : null,
    "dma200" : 3317.32,
    "volume" : 28906.00
  }, {
    "date" : "2025-01-31",
    "price" : 2858.60,
    "dma50" : 3151.57,
    "dma100" : null,
    "dma200" : 3312.75,
    "volume" : 20233.00
  }, {
    "date" : "2025-02-01",
    "price" : 2840.20,
    "dma50" : 3139.36,
    "dma100" : null,
    "dma200" : 3308.05,
    "volume" : 10707.00
  }, {
    "date" : "2025-02-03",
    "price" : 2782.95,
    "dma50" : 3125.38,
    "dma100" : null,
    "dma200" : 3302.83,
    "volume" : 16678.00
  }, {
    "date" : "2025-02-04",
    "price" : 2833.40,
    "dma50" : 3113.93,
    "dma100" : null,
    "dma200" : 3298.16,
    "volume" : 16851.00
  }, {
    "date" : "2025-02-05",
    "price" : 2907.55,
    "dma50" : 3105.84,
    "dma100" : null,
    "dma200" : 3294.27,
    "volume" : 35696.00
  }, {
    "date" : "2025-02-06",
    "price" : 2847.80,
    "dma50" : 3095.72,
    "dma100" : null,
    "dma200" : 3289.83,
    "volume" : 20051.00
  }, {
    "date" : "2025-02-07",
    "price" : 2771.15,
    "dma50" : 3082.99,
    "dma100" : null,
    "dma200" : 3284.67,
    "volume" : 19488.00
  }, {
    "date" : "2025-02-10",
    "price" : 2703.70,
    "dma50" : 3068.12,
    "dma100" : null,
    "dma200" : 3278.88,
    "volume" : 16292.00
  }, {
    "date" : "2025-02-11",
    "price" : 2606.15,
    "dma50" : 3050.00,
    "dma100" : null,
    "dma200" : 3272.19,
    "volume" : 23250.00
  }, {
    "date" : "2025-02-12",
    "price" : 2547.15,
    "dma50" : 3030.28,
    "dma100" : null,
    "dma200" : 3264.98,
    "volume" : 40734.00
  }, {
    "date" : "2025-02-13",
    "price" : 2539.20,
    "dma50" : 3011.02,
    "dma100" : null,
    "dma200" : 3257.75,
    "volume" : 20875.00
  }, {
    "date" : "2025-02-14",
    "price" : 2493.70,
    "dma50" : 2990.74,
    "dma100" : null,
    "dma200" : 3250.15,
    "volume" : 13189.00
  }, {
    "date" : "2025-02-17",
    "price" : 2504.30,
    "dma50" : 2971.66,
    "dma100" : null,
    "dma200" : 3242.73,
    "volume" : 18718.00
  }, {
    "date" : "2025-02-18",
    "price" : 2447.40,
    "dma50" : 2951.10,
    "dma100" : null,
    "dma200" : 3234.82,
    "volume" : 15279.00
  }, {
    "date" : "2025-02-19",
    "price" : 2479.65,
    "dma50" : 2932.61,
    "dma100" : null,
    "dma200" : 3227.30,
    "volume" : 17533.00
  }, {
    "date" : "2025-02-20",
    "price" : 2501.40,
    "dma50" : 2915.70,
    "dma100" : null,
    "dma200" : 3220.08,
    "volume" : 14023.00
  }, {
    "date" : "2025-02-21",
    "price" : 2500.65,
    "dma50" : 2899.43,
    "dma100" : null,
    "dma200" : 3212.92,
    "volume" : 15887.00
  }, {
    "date" : "2025-02-24",
    "price" : 2404.90,
    "dma50" : 2880.03,
    "dma100" : null,
    "dma200" : 3204.88,
    "volume" : 13786.00
  }, {
    "date" : "2025-02-25",
    "price" : 2421.55,
    "dma50" : 2862.05,
    "dma100" : null,
    "dma200" : 3197.09,
    "volume" : 16791.00
  }, {
    "date" : "2025-02-27",
    "price" : 2404.25,
    "dma50" : 2844.10,
    "dma100" : null,
    "dma200" : 3189.20,
    "volume" : 17344.00
  }, {
    "date" : "2025-02-28",
    "price" : 2458.60,
    "dma50" : 2828.98,
    "dma100" : null,
    "dma200" : 3181.93,
    "volume" : 57442.00
  }, {
    "date" : "2025-03-03",
    "price" : 2442.50,
    "dma50" : 2813.83,
    "dma100" : null,
    "dma200" : 3174.57,
    "volume" : 19362.00
  }, {
    "date" : "2025-03-04",
    "price" : 2475.00,
    "dma50" : 2800.54,
    "dma100" : null,
    "dma200" : 3167.61,
    "volume" : 49382.00
  }, {
    "date" : "2025-03-05",
    "price" : 2546.20,
    "dma50" : 2790.56,
    "dma100" : null,
    "dma200" : 3161.43,
    "volume" : 24194.00
  }, {
    "date" : "2025-03-06",
    "price" : 2631.10,
    "dma50" : 2784.31,
    "dma100" : null,
    "dma200" : 3156.15,
    "volume" : 202340.00
  }, {
    "date" : "2025-03-07",
    "price" : 2601.60,
    "dma50" : 2777.15,
    "dma100" : null,
    "dma200" : 3150.63,
    "volume" : 29282.00
  }, {
    "date" : "2025-03-10",
    "price" : 2549.75,
    "dma50" : 2768.23,
    "dma100" : null,
    "dma200" : 3144.65,
    "volume" : 22188.00
  }, {
    "date" : "2025-03-11",
    "price" : 2541.70,
    "dma50" : 2759.35,
    "dma100" : null,
    "dma200" : 3138.65,
    "volume" : 12510.00
  }, {
    "date" : "2025-03-12",
    "price" : 2540.10,
    "dma50" : 2750.75,
    "dma100" : null,
    "dma200" : 3132.70,
    "volume" : 18732.00
  }, {
    "date" : "2025-03-13",
    "price" : 2475.10,
    "dma50" : 2739.94,
    "dma100" : null,
    "dma200" : 3126.15,
    "volume" : 126649.00
  }, {
    "date" : "2025-03-17",
    "price" : 2488.85,
    "dma50" : 2730.09,
    "dma100" : null,
    "dma200" : 3119.81,
    "volume" : 33327.00
  }, {
    "date" : "2025-03-18",
    "price" : 2672.45,
    "dma50" : 2727.83,
    "dma100" : null,
    "dma200" : 3115.36,
    "volume" : 504557.00
  }, {
    "date" : "2025-03-19",
    "price" : 2618.10,
    "dma50" : 2723.53,
    "dma100" : null,
    "dma200" : 3110.41,
    "volume" : 66343.00
  }, {
    "date" : "2025-03-20",
    "price" : 2687.75,
    "dma50" : 2722.12,
    "dma100" : null,
    "dma200" : 3106.21,
    "volume" : 39304.00
  }, {
    "date" : "2025-03-21",
    "price" : 2744.15,
    "dma50" : 2722.99,
    "dma100" : null,
    "dma200" : 3102.61,
    "volume" : 28458.00
  }, {
    "date" : "2025-03-24",
    "price" : 2761.95,
    "dma50" : 2724.52,
    "dma100" : null,
    "dma200" : 3099.22,
    "volume" : 61031.00
  }, {
    "date" : "2025-03-25",
    "price" : 2726.90,
    "dma50" : 2724.61,
    "dma100" : null,
    "dma200" : 3095.51,
    "volume" : 20293.00
  }, {
    "date" : "2025-03-26",
    "price" : 2685.95,
    "dma50" : 2723.09,
    "dma100" : null,
    "dma200" : 3091.44,
    "volume" : 13061.00
  }, {
    "date" : "2025-03-27",
    "price" : 2546.75,
    "dma50" : 2716.18,
    "dma100" : null,
    "dma200" : 3086.02,
    "volume" : 198203.00
  }, {
    "date" : "2025-03-28",
    "price" : 2590.90,
    "dma50" : 2711.27,
    "dma100" : null,
    "dma200" : 3081.09,
    "volume" : 110460.00
  }, {
    "date" : "2025-04-01",
    "price" : 2632.45,
    "dma50" : 2708.17,
    "dma100" : null,
    "dma200" : 3076.63,
    "volume" : 17028.00
  }, {
    "date" : "2025-04-02",
    "price" : 2619.00,
    "dma50" : 2704.68,
    "dma100" : null,
    "dma200" : 3072.07,
    "volume" : 8752.00
  }, {
    "date" : "2025-04-03",
    "price" : 2655.30,
    "dma50" : 2702.74,
    "dma100" : null,
    "dma200" : 3067.93,
    "volume" : 10271.00
  }, {
    "date" : "2025-04-04",
    "price" : 2617.50,
    "dma50" : 2699.40,
    "dma100" : null,
    "dma200" : 3063.44,
    "volume" : 20501.00
  }, {
    "date" : "2025-04-07",
    "price" : 2516.45,
    "dma50" : 2692.22,
    "dma100" : null,
    "dma200" : 3058.00,
    "volume" : 21689.00
  }, {
    "date" : "2025-04-08",
    "price" : 2582.95,
    "dma50" : 2687.94,
    "dma100" : null,
    "dma200" : 3053.27,
    "volume" : 16691.00
  }, {
    "date" : "2025-04-09",
    "price" : 2650.60,
    "dma50" : 2686.47,
    "dma100" : null,
    "dma200" : 3049.27,
    "volume" : 22821.00
  }, {
    "date" : "2025-04-11",
    "price" : 2686.45,
    "dma50" : 2686.47,
    "dma100" : null,
    "dma200" : 3045.66,
    "volume" : 39010.00
  }, {
    "date" : "2025-04-15",
    "price" : 2709.50,
    "dma50" : 2687.38,
    "dma100" : null,
    "dma200" : 3042.31,
    "volume" : 14126.00
  }, {
    "date" : "2025-04-16",
    "price" : 2654.20,
    "dma50" : 2686.08,
    "dma100" : null,
    "dma200" : 3038.45,
    "volume" : 13396.00
  }, {
    "date" : "2025-04-17",
    "price" : 2631.30,
    "dma50" : 2683.93,
    "dma100" : null,
    "dma200" : 3034.40,
    "volume" : 13270.00
  }, {
    "date" : "2025-04-21",
    "price" : 2664.20,
    "dma50" : 2683.15,
    "dma100" : null,
    "dma200" : 3030.72,
    "volume" : 36138.00
  }, {
    "date" : "2025-04-22",
    "price" : 2674.50,
    "dma50" : 2682.81,
    "dma100" : null,
    "dma200" : 3027.17,
    "volume" : 14459.00
  }, {
    "date" : "2025-04-23",
    "price" : 2660.70,
    "dma50" : 2681.95,
    "dma100" : null,
    "dma200" : 3023.52,
    "volume" : 13166.00
  }, {
    "date" : "2025-04-24",
    "price" : 2700.00,
    "dma50" : 2682.66,
    "dma100" : null,
    "dma200" : 3020.31,
    "volume" : 18308.00
  }, {
    "date" : "2025-04-25",
    "price" : 2678.90,
    "dma50" : 2682.51,
    "dma100" : 2860.50,
    "dma200" : 3016.91,
    "volume" : 21538.00
  }, {
    "date" : "2025-04-28",
    "price" : 2689.10,
    "dma50" : 2682.77,
    "dma100" : 2853.06,
    "dma200" : 3013.65,
    "volume" : 15937.00
  }, {
    "date" : "2025-04-29",
    "price" : 2704.80,
    "dma50" : 2683.63,
    "dma100" : 2846.11,
    "dma200" : 3010.57,
    "volume" : 8248.00
  }, {
    "date" : "2025-04-30",
    "price" : 2684.40,
    "dma50" : 2683.66,
    "dma100" : 2839.27,
    "dma200" : 3007.33,
    "volume" : 37458.00
  }, {
    "date" : "2025-05-02",
    "price" : 2624.90,
    "dma50" : 2681.36,
    "dma100" : 2832.27,
    "dma200" : 3003.52,
    "volume" : 23385.00
  }, {
    "date" : "2025-05-05",
    "price" : 2600.40,
    "dma50" : 2678.18,
    "dma100" : 2825.01,
    "dma200" : 2999.51,
    "volume" : 19972.00
  }, {
    "date" : "2025-05-06",
    "price" : 2572.40,
    "dma50" : 2674.03,
    "dma100" : 2817.29,
    "dma200" : 2995.26,
    "volume" : 8147.00
  }, {
    "date" : "2025-05-07",
    "price" : 2621.40,
    "dma50" : 2671.97,
    "dma100" : 2809.47,
    "dma200" : 2991.54,
    "volume" : 15757.00
  }, {
    "date" : "2025-05-08",
    "price" : 2619.60,
    "dma50" : 2669.92,
    "dma100" : 2801.82,
    "dma200" : 2987.84,
    "volume" : 9881.00
  }, {
    "date" : "2025-05-09",
    "price" : 2606.90,
    "dma50" : 2667.44,
    "dma100" : 2794.27,
    "dma200" : 2984.05,
    "volume" : 8364.00
  }, {
    "date" : "2025-05-12",
    "price" : 2687.20,
    "dma50" : 2668.22,
    "dma100" : 2787.62,
    "dma200" : 2981.10,
    "volume" : 10401.00
  }, {
    "date" : "2025-05-13",
    "price" : 2717.30,
    "dma50" : 2670.14,
    "dma100" : 2781.02,
    "dma200" : 2978.47,
    "volume" : 10114.00
  }, {
    "date" : "2025-05-14",
    "price" : 2752.60,
    "dma50" : 2673.38,
    "dma100" : 2774.79,
    "dma200" : 2976.22,
    "volume" : 17602.00
  }, {
    "date" : "2025-05-15",
    "price" : 2788.20,
    "dma50" : 2677.88,
    "dma100" : 2769.50,
    "dma200" : 2974.35,
    "volume" : 10522.00
  }, {
    "date" : "2025-05-16",
    "price" : 2838.40,
    "dma50" : 2684.18,
    "dma100" : 2764.20,
    "dma200" : 2973.00,
    "volume" : 22481.00
  }, {
    "date" : "2025-05-19",
    "price" : 2846.80,
    "dma50" : 2690.55,
    "dma100" : 2759.47,
    "dma200" : 2971.75,
    "volume" : 28911.00
  }, {
    "date" : "2025-05-20",
    "price" : 2848.20,
    "dma50" : 2696.73,
    "dma100" : 2754.97,
    "dma200" : 2970.52,
    "volume" : 15255.00
  }, {
    "date" : "2025-05-21",
    "price" : 2892.20,
    "dma50" : 2704.40,
    "dma100" : 2751.14,
    "dma200" : 2969.74,
    "volume" : 17741.00
  }, {
    "date" : "2025-05-22",
    "price" : 2885.10,
    "dma50" : 2711.49,
    "dma100" : 2747.19,
    "dma200" : 2968.89,
    "volume" : 13251.00
  }, {
    "date" : "2025-05-23",
    "price" : 2877.20,
    "dma50" : 2717.98,
    "dma100" : 2743.11,
    "dma200" : 2967.98,
    "volume" : 15245.00
  }, {
    "date" : "2025-05-26",
    "price" : 2937.10,
    "dma50" : 2726.58,
    "dma100" : 2739.48,
    "dma200" : 2967.67,
    "volume" : 62711.00
  }, {
    "date" : "2025-05-27",
    "price" : 2907.90,
    "dma50" : 2733.69,
    "dma100" : 2736.56,
    "dma200" : 2967.08,
    "volume" : 12653.00
  }, {
    "date" : "2025-05-28",
    "price" : 2880.30,
    "dma50" : 2739.44,
    "dma100" : 2733.58,
    "dma200" : 2966.22,
    "volume" : 26400.00
  }, {
    "date" : "2025-05-29",
    "price" : 2856.90,
    "dma50" : 2744.04,
    "dma100" : 2730.22,
    "dma200" : 2965.13,
    "volume" : 25004.00
  }, {
    "date" : "2025-05-30",
    "price" : 2839.00,
    "dma50" : 2747.77,
    "dma100" : 2726.62,
    "dma200" : 2963.87,
    "volume" : 30782.00
  }, {
    "date" : "2025-06-02",
    "price" : 2809.70,
    "dma50" : 2750.20,
    "dma100" : 2722.71,
    "dma200" : 2962.34,
    "volume" : 42222.00
  }, {
    "date" : "2025-06-03",
    "price" : 2790.80,
    "dma50" : 2751.79,
    "dma100" : 2718.74,
    "dma200" : 2960.63,
    "volume" : 27911.00
  }, {
    "date" : "2025-06-04",
    "price" : 2842.90,
    "dma50" : 2755.36,
    "dma100" : 2715.36,
    "dma200" : 2959.46,
    "volume" : 11103.00
  }, {
    "date" : "2025-06-05",
    "price" : 2819.40,
    "dma50" : 2757.87,
    "dma100" : 2712.25,
    "dma200" : 2958.07,
    "volume" : 8996.00
  }, {
    "date" : "2025-06-06",
    "price" : 2860.40,
    "dma50" : 2761.89,
    "dma100" : 2709.45,
    "dma200" : 2957.10,
    "volume" : 12966.00
  }, {
    "date" : "2025-06-09",
    "price" : 2904.70,
    "dma50" : 2767.49,
    "dma100" : 2707.68,
    "dma200" : 2956.57,
    "volume" : 13362.00
  }, {
    "date" : "2025-06-10",
    "price" : 2920.70,
    "dma50" : 2773.50,
    "dma100" : 2706.86,
    "dma200" : 2956.22,
    "volume" : 15565.00
  }, {
    "date" : "2025-06-11",
    "price" : 2912.70,
    "dma50" : 2778.96,
    "dma100" : 2705.99,
    "dma200" : 2955.78,
    "volume" : 10784.00
  }, {
    "date" : "2025-06-12",
    "price" : 2891.80,
    "dma50" : 2783.39,
    "dma100" : 2704.77,
    "dma200" : 2955.15,
    "volume" : 114042.00
  }, {
    "date" : "2025-06-13",
    "price" : 2888.60,
    "dma50" : 2787.51,
    "dma100" : 2703.55,
    "dma200" : 2954.49,
    "volume" : 9720.00
  }, {
    "date" : "2025-06-16",
    "price" : 2870.00,
    "dma50" : 2790.75,
    "dma100" : 2702.50,
    "dma200" : 2953.65,
    "volume" : 17436.00
  }, {
    "date" : "2025-06-17",
    "price" : 2850.50,
    "dma50" : 2793.09,
    "dma100" : 2701.11,
    "dma200" : 2952.62,
    "volume" : 12462.00
  }, {
    "date" : "2025-06-18",
    "price" : 2849.30,
    "dma50" : 2795.29,
    "dma100" : 2700.09,
    "dma200" : 2951.59,
    "volume" : 18040.00
  }, {
    "date" : "2025-06-19",
    "price" : 2832.40,
    "dma50" : 2796.75,
    "dma100" : 2699.33,
    "dma200" : 2950.40,
    "volume" : 11319.00
  }, {
    "date" : "2025-06-20",
    "price" : 2834.00,
    "dma50" : 2798.21,
    "dma100" : 2698.60,
    "dma200" : 2949.25,
    "volume" : 277673.00
  }, {
    "date" : "2025-06-23",
    "price" : 2812.40,
    "dma50" : 2798.77,
    "dma100" : 2698.15,
    "dma200" : 2947.88,
    "volume" : 8580.00
  }, {
    "date" : "2025-06-24",
    "price" : 2765.50,
    "dma50" : 2797.46,
    "dma100" : 2697.29,
    "dma200" : 2946.07,
    "volume" : 18561.00
  }, {
    "date" : "2025-06-25",
    "price" : 2809.80,
    "dma50" : 2797.95,
    "dma100" : 2697.38,
    "dma200" : 2944.71,
    "volume" : 11154.00
  }, {
    "date" : "2025-06-26",
    "price" : 2820.40,
    "dma50" : 2798.83,
    "dma100" : 2696.63,
    "dma200" : 2943.48,
    "volume" : 10413.00
  }, {
    "date" : "2025-06-27",
    "price" : 2847.90,
    "dma50" : 2800.75,
    "dma100" : 2697.27,
    "dma200" : 2942.53,
    "volume" : 11924.00
  }, {
    "date" : "2025-06-30",
    "price" : 2930.80,
    "dma50" : 2805.85,
    "dma100" : 2697.99,
    "dma200" : 2942.41,
    "volume" : 22569.00
  }, {
    "date" : "2025-07-01",
    "price" : 2892.80,
    "dma50" : 2809.26,
    "dma100" : 2698.52,
    "dma200" : 2941.92,
    "volume" : 13493.00
  }, {
    "date" : "2025-07-02",
    "price" : 2896.90,
    "dma50" : 2812.70,
    "dma100" : 2699.66,
    "dma200" : 2941.47,
    "volume" : 16636.00
  }, {
    "date" : "2025-07-03",
    "price" : 2864.60,
    "dma50" : 2814.73,
    "dma100" : 2699.97,
    "dma200" : 2940.70,
    "volume" : 224191.00
  }, {
    "date" : "2025-07-04",
    "price" : 2864.10,
    "dma50" : 2816.67,
    "dma100" : 2699.54,
    "dma200" : 2939.94,
    "volume" : 26671.00
  }, {
    "date" : "2025-07-07",
    "price" : 3006.70,
    "dma50" : 2824.12,
    "dma100" : 2701.13,
    "dma200" : 2940.61,
    "volume" : 396442.00
  }, {
    "date" : "2025-07-08",
    "price" : 2932.70,
    "dma50" : 2828.38,
    "dma100" : 2702.74,
    "dma200" : 2940.53,
    "volume" : 92136.00
  }, {
    "date" : "2025-07-09",
    "price" : 2882.00,
    "dma50" : 2830.48,
    "dma100" : 2704.53,
    "dma200" : 2939.94,
    "volume" : 503397.00
  }, {
    "date" : "2025-07-10",
    "price" : 2906.80,
    "dma50" : 2833.47,
    "dma100" : 2707.53,
    "dma200" : 2939.61,
    "volume" : 22547.00
  }, {
    "date" : "2025-07-11",
    "price" : 2903.00,
    "dma50" : 2836.20,
    "dma100" : 2711.09,
    "dma200" : 2939.25,
    "volume" : 25111.00
  }, {
    "date" : "2025-07-14",
    "price" : 2873.90,
    "dma50" : 2837.68,
    "dma100" : 2714.44,
    "dma200" : 2938.60,
    "volume" : 15416.00
  }, {
    "date" : "2025-07-15",
    "price" : 2884.30,
    "dma50" : 2839.51,
    "dma100" : 2718.34,
    "dma200" : 2938.06,
    "volume" : 26299.00
  }, {
    "date" : "2025-07-16",
    "price" : 2832.80,
    "dma50" : 2839.24,
    "dma100" : 2721.63,
    "dma200" : 2937.01,
    "volume" : 16310.00
  }, {
    "date" : "2025-07-17",
    "price" : 2861.50,
    "dma50" : 2840.12,
    "dma100" : 2725.77,
    "dma200" : 2936.26,
    "volume" : 10729.00
  }, {
    "date" : "2025-07-18",
    "price" : 2810.90,
    "dma50" : 2838.97,
    "dma100" : 2729.08,
    "dma200" : 2935.01,
    "volume" : 12219.00
  }, {
    "date" : "2025-07-21",
    "price" : 2819.50,
    "dma50" : 2838.21,
    "dma100" : 2732.26,
    "dma200" : 2933.86,
    "volume" : 25683.00
  }, {
    "date" : "2025-07-22",
    "price" : 2798.90,
    "dma50" : 2836.67,
    "dma100" : 2735.25,
    "dma200" : 2932.52,
    "volume" : 7921.00
  }, {
    "date" : "2025-07-23",
    "price" : 2784.10,
    "dma50" : 2834.61,
    "dma100" : 2739.04,
    "dma200" : 2931.04,
    "volume" : 18139.00
  }, {
    "date" : "2025-07-24",
    "price" : 2798.40,
    "dma50" : 2833.19,
    "dma100" : 2742.81,
    "dma200" : 2929.72,
    "volume" : 12841.00
  }, {
    "date" : "2025-07-25",
    "price" : 2709.50,
    "dma50" : 2828.34,
    "dma100" : 2745.86,
    "dma200" : 2927.53,
    "volume" : 18572.00
  }, {
    "date" : "2025-07-28",
    "price" : 2667.00,
    "dma50" : 2822.01,
    "dma100" : 2747.94,
    "dma200" : 2924.94,
    "volume" : 13536.00
  }, {
    "date" : "2025-07-29",
    "price" : 2657.50,
    "dma50" : 2815.56,
    "dma100" : 2750.09,
    "dma200" : 2922.28,
    "volume" : 9158.00
  }, {
    "date" : "2025-07-30",
    "price" : 2687.80,
    "dma50" : 2810.55,
    "dma100" : 2752.22,
    "dma200" : 2919.95,
    "volume" : 11618.00
  }, {
    "date" : "2025-07-31",
    "price" : 2648.70,
    "dma50" : 2804.20,
    "dma100" : 2753.25,
    "dma200" : 2917.25,
    "volume" : 9724.00
  }, {
    "date" : "2025-08-01",
    "price" : 2580.60,
    "dma50" : 2795.43,
    "dma100" : 2752.74,
    "dma200" : 2913.90,
    "volume" : 41526.00
  }, {
    "date" : "2025-08-04",
    "price" : 2506.20,
    "dma50" : 2784.09,
    "dma100" : 2751.79,
    "dma200" : 2909.84,
    "volume" : 17542.00
  }, {
    "date" : "2025-08-05",
    "price" : 2460.80,
    "dma50" : 2771.41,
    "dma100" : 2750.90,
    "dma200" : 2905.37,
    "volume" : 19401.00
  }, {
    "date" : "2025-08-06",
    "price" : 2351.60,
    "dma50" : 2754.95,
    "dma100" : 2749.00,
    "dma200" : 2899.86,
    "volume" : 31165.00
  }, {
    "date" : "2025-08-07",
    "price" : 2329.60,
    "dma50" : 2738.27,
    "dma100" : 2746.89,
    "dma200" : 2894.19,
    "volume" : 33214.00
  }, {
    "date" : "2025-08-08",
    "price" : 2328.40,
    "dma50" : 2722.19,
    "dma100" : 2745.42,
    "dma200" : 2888.56,
    "volume" : 15346.00
  }, {
    "date" : "2025-08-11",
    "price" : 2323.40,
    "dma50" : 2706.56,
    "dma100" : 2743.77,
    "dma200" : 2882.94,
    "volume" : 14964.00
  }, {
    "date" : "2025-08-12",
    "price" : 2335.60,
    "dma50" : 2692.01,
    "dma100" : 2740.40,
    "dma200" : 2877.49,
    "volume" : 11178.00
  }, {
    "date" : "2025-08-13",
    "price" : 2352.20,
    "dma50" : 2678.68,
    "dma100" : 2737.74,
    "dma200" : 2872.26,
    "volume" : 13804.00
  }, {
    "date" : "2025-08-14",
    "price" : 2343.00,
    "dma50" : 2665.52,
    "dma100" : 2734.29,
    "dma200" : 2867.00,
    "volume" : 6306.00
  }, {
    "date" : "2025-08-18",
    "price" : 2374.30,
    "dma50" : 2654.10,
    "dma100" : 2730.60,
    "dma200" : 2862.09,
    "volume" : 8416.00
  }, {
    "date" : "2025-08-19",
    "price" : 2420.40,
    "dma50" : 2644.93,
    "dma100" : 2727.18,
    "dma200" : 2857.70,
    "volume" : 15795.00
  }, {
    "date" : "2025-08-20",
    "price" : 2395.80,
    "dma50" : 2635.16,
    "dma100" : 2723.87,
    "dma200" : 2853.10,
    "volume" : 8364.00
  }, {
    "date" : "2025-08-21",
    "price" : 2445.10,
    "dma50" : 2627.71,
    "dma100" : 2721.46,
    "dma200" : 2849.04,
    "volume" : 21578.00
  }, {
    "date" : "2025-08-22",
    "price" : 2420.20,
    "dma50" : 2619.57,
    "dma100" : 2720.20,
    "dma200" : 2844.78,
    "volume" : 15251.00
  }, {
    "date" : "2025-08-25",
    "price" : 2449.20,
    "dma50" : 2612.89,
    "dma100" : 2718.78,
    "dma200" : 2840.84,
    "volume" : 13587.00
  }, {
    "date" : "2025-08-26",
    "price" : 2393.20,
    "dma50" : 2604.28,
    "dma100" : 2716.39,
    "dma200" : 2836.39,
    "volume" : 26381.00
  }, {
    "date" : "2025-08-28",
    "price" : 2378.80,
    "dma50" : 2595.43,
    "dma100" : 2713.98,
    "dma200" : 2831.83,
    "volume" : 12802.00
  }, {
    "date" : "2025-08-29",
    "price" : 2392.10,
    "dma50" : 2587.46,
    "dma100" : 2711.35,
    "dma200" : 2827.46,
    "volume" : 81092.00
  }, {
    "date" : "2025-09-01",
    "price" : 2400.50,
    "dma50" : 2580.13,
    "dma100" : 2709.18,
    "dma200" : 2823.21,
    "volume" : 13002.00
  }, {
    "date" : "2025-09-02",
    "price" : 2381.60,
    "dma50" : 2572.34,
    "dma100" : 2707.83,
    "dma200" : 2818.81,
    "volume" : 25290.00
  }, {
    "date" : "2025-09-03",
    "price" : 2400.80,
    "dma50" : 2565.62,
    "dma100" : 2706.01,
    "dma200" : 2814.66,
    "volume" : 19360.00
  }, {
    "date" : "2025-09-04",
    "price" : 2412.80,
    "dma50" : 2559.62,
    "dma100" : 2703.63,
    "dma200" : 2810.66,
    "volume" : 12659.00
  }, {
    "date" : "2025-09-05",
    "price" : 2402.60,
    "dma50" : 2553.46,
    "dma100" : 2700.80,
    "dma200" : 2806.60,
    "volume" : 12041.00
  }, {
    "date" : "2025-09-08",
    "price" : 2374.50,
    "dma50" : 2546.45,
    "dma100" : 2697.45,
    "dma200" : 2802.30,
    "volume" : 22745.00
  }, {
    "date" : "2025-09-09",
    "price" : 2359.10,
    "dma50" : 2539.10,
    "dma100" : 2694.49,
    "dma200" : 2797.89,
    "volume" : 69676.00
  }, {
    "date" : "2025-09-10",
    "price" : 2361.30,
    "dma50" : 2532.13,
    "dma100" : 2691.79,
    "dma200" : 2793.54,
    "volume" : 40695.00
  }, {
    "date" : "2025-09-11",
    "price" : 2376.00,
    "dma50" : 2526.00,
    "dma100" : 2688.91,
    "dma200" : 2789.39,
    "volume" : 24325.00
  }, {
    "date" : "2025-09-12",
    "price" : 2376.40,
    "dma50" : 2520.14,
    "dma100" : 2685.93,
    "dma200" : 2785.28,
    "volume" : 9212.00
  }, {
    "date" : "2025-09-15",
    "price" : 2406.60,
    "dma50" : 2515.69,
    "dma100" : 2683.39,
    "dma200" : 2781.51,
    "volume" : 11277.00
  }, {
    "date" : "2025-09-16",
    "price" : 2422.40,
    "dma50" : 2512.03,
    "dma100" : 2680.61,
    "dma200" : 2777.94,
    "volume" : 60559.00
  }, {
    "date" : "2025-09-17",
    "price" : 2408.00,
    "dma50" : 2507.95,
    "dma100" : 2677.91,
    "dma200" : 2774.26,
    "volume" : 34220.00
  }, {
    "date" : "2025-09-18",
    "price" : 2480.30,
    "dma50" : 2506.86,
    "dma100" : 2675.82,
    "dma200" : 2771.33,
    "volume" : 36657.00
  }, {
    "date" : "2025-09-19",
    "price" : 2413.40,
    "dma50" : 2503.20,
    "dma100" : 2672.90,
    "dma200" : 2767.77,
    "volume" : 72698.00
  }, {
    "date" : "2025-09-22",
    "price" : 2415.40,
    "dma50" : 2499.75,
    "dma100" : 2670.21,
    "dma200" : 2764.26,
    "volume" : 44722.00
  }, {
    "date" : "2025-09-23",
    "price" : 2450.10,
    "dma50" : 2497.81,
    "dma100" : 2668.47,
    "dma200" : 2761.14,
    "volume" : 37583.00
  }, {
    "date" : "2025-09-24",
    "price" : 2458.20,
    "dma50" : 2496.25,
    "dma100" : 2667.04,
    "dma200" : 2758.12,
    "volume" : 20437.00
  }, {
    "date" : "2025-09-25",
    "price" : 2499.70,
    "dma50" : 2496.39,
    "dma100" : 2666.32,
    "dma200" : 2755.55,
    "volume" : 54325.00
  }, {
    "date" : "2025-09-26",
    "price" : 2413.80,
    "dma50" : 2493.15,
    "dma100" : 2664.24,
    "dma200" : 2752.15,
    "volume" : 37981.00
  }, {
    "date" : "2025-09-29",
    "price" : 2411.20,
    "dma50" : 2489.94,
    "dma100" : 2662.16,
    "dma200" : 2748.76,
    "volume" : 11200.00
  }, {
    "date" : "2025-09-30",
    "price" : 2410.50,
    "dma50" : 2486.82,
    "dma100" : 2660.19,
    "dma200" : 2745.39,
    "volume" : 12478.00
  }, {
    "date" : "2025-10-01",
    "price" : 2414.40,
    "dma50" : 2483.98,
    "dma100" : 2657.46,
    "dma200" : 2742.10,
    "volume" : 11884.00
  }, {
    "date" : "2025-10-03",
    "price" : 2415.20,
    "dma50" : 2481.28,
    "dma100" : 2654.44,
    "dma200" : 2738.85,
    "volume" : 16636.00
  }, {
    "date" : "2025-10-06",
    "price" : 2376.30,
    "dma50" : 2477.17,
    "dma100" : 2650.68,
    "dma200" : 2735.24,
    "volume" : 26268.00
  }, {
    "date" : "2025-10-07",
    "price" : 2402.00,
    "dma50" : 2474.22,
    "dma100" : 2646.82,
    "dma200" : 2731.92,
    "volume" : 16921.00
  }, {
    "date" : "2025-10-08",
    "price" : 2339.00,
    "dma50" : 2468.92,
    "dma100" : 2641.82,
    "dma200" : 2728.01,
    "volume" : 18847.00
  }, {
    "date" : "2025-10-09",
    "price" : 2340.10,
    "dma50" : 2463.87,
    "dma100" : 2636.76,
    "dma200" : 2724.15,
    "volume" : 10101.00
  }, {
    "date" : "2025-10-10",
    "price" : 2340.80,
    "dma50" : 2459.04,
    "dma100" : 2631.68,
    "dma200" : 2720.34,
    "volume" : 10146.00
  }, {
    "date" : "2025-10-13",
    "price" : 2319.90,
    "dma50" : 2453.58,
    "dma100" : 2625.96,
    "dma200" : 2716.36,
    "volume" : 9979.00
  }, {
    "date" : "2025-10-14",
    "price" : 2319.00,
    "dma50" : 2448.30,
    "dma100" : 2620.30,
    "dma200" : 2712.40,
    "volume" : 10117.00
  }, {
    "date" : "2025-10-15",
    "price" : 2303.60,
    "dma50" : 2442.63,
    "dma100" : 2614.56,
    "dma200" : 2708.33,
    "volume" : 30774.00
  }, {
    "date" : "2025-10-16",
    "price" : 2314.50,
    "dma50" : 2437.61,
    "dma100" : 2608.34,
    "dma200" : 2704.42,
    "volume" : 14785.00
  }, {
    "date" : "2025-10-17",
    "price" : 2386.00,
    "dma50" : 2435.58,
    "dma100" : 2603.12,
    "dma200" : 2701.25,
    "volume" : 28560.00
  }, {
    "date" : "2025-10-20",
    "price" : 2317.80,
    "dma50" : 2430.96,
    "dma100" : 2597.49,
    "dma200" : 2697.43,
    "volume" : 36979.00
  }, {
    "date" : "2025-10-21",
    "price" : 2357.90,
    "dma50" : 2428.10,
    "dma100" : 2592.50,
    "dma200" : 2694.05,
    "volume" : 4910.00
  }, {
    "date" : "2025-10-23",
    "price" : 2419.80,
    "dma50" : 2427.77,
    "dma100" : 2588.31,
    "dma200" : 2691.32,
    "volume" : 37907.00
  }, {
    "date" : "2025-10-24",
    "price" : 2442.80,
    "dma50" : 2428.36,
    "dma100" : 2584.64,
    "dma200" : 2688.85,
    "volume" : 76970.00
  }, {
    "date" : "2025-10-27",
    "price" : 2567.90,
    "dma50" : 2433.83,
    "dma100" : 2582.41,
    "dma200" : 2687.65,
    "volume" : 908353.00
  }, {
    "date" : "2025-10-28",
    "price" : 2488.20,
    "dma50" : 2435.97,
    "dma100" : 2578.87,
    "dma200" : 2685.66,
    "volume" : 118663.00
  }, {
    "date" : "2025-10-29",
    "price" : 2431.50,
    "dma50" : 2435.79,
    "dma100" : 2574.99,
    "dma200" : 2683.13,
    "volume" : 36116.00
  }, {
    "date" : "2025-10-30",
    "price" : 2417.20,
    "dma50" : 2435.06,
    "dma100" : 2570.56,
    "dma200" : 2680.49,
    "volume" : 116506.00
  }, {
    "date" : "2025-10-31",
    "price" : 2424.80,
    "dma50" : 2434.66,
    "dma100" : 2565.76,
    "dma200" : 2677.94,
    "volume" : 21103.00
  }, {
    "date" : "2025-11-03",
    "price" : 2482.10,
    "dma50" : 2436.52,
    "dma100" : 2561.37,
    "dma200" : 2676.00,
    "volume" : 18861.00
  }, {
    "date" : "2025-11-04",
    "price" : 2447.40,
    "dma50" : 2436.95,
    "dma100" : 2556.72,
    "dma200" : 2673.72,
    "volume" : 22289.00
  }, {
    "date" : "2025-11-06",
    "price" : 2419.90,
    "dma50" : 2436.28,
    "dma100" : 2552.00,
    "dma200" : 2671.20,
    "volume" : 12215.00
  }, {
    "date" : "2025-11-07",
    "price" : 2409.50,
    "dma50" : 2435.23,
    "dma100" : 2547.21,
    "dma200" : 2668.59,
    "volume" : 47642.00
  }, {
    "date" : "2025-11-10",
    "price" : 2432.20,
    "dma50" : 2435.11,
    "dma100" : 2542.83,
    "dma200" : 2666.24,
    "volume" : 73548.00
  }, {
    "date" : "2025-11-11",
    "price" : 2456.20,
    "dma50" : 2435.94,
    "dma100" : 2538.89,
    "dma200" : 2664.15,
    "volume" : 16013.00
  }, {
    "date" : "2025-11-12",
    "price" : 2461.20,
    "dma50" : 2436.93,
    "dma100" : 2535.01,
    "dma200" : 2662.13,
    "volume" : 12407.00
  }, {
    "date" : "2025-11-13",
    "price" : 2470.00,
    "dma50" : 2438.22,
    "dma100" : 2531.38,
    "dma200" : 2660.22,
    "volume" : 13626.00
  }, {
    "date" : "2025-11-14",
    "price" : 2458.60,
    "dma50" : 2439.02,
    "dma100" : 2527.63,
    "dma200" : 2658.21,
    "volume" : 8128.00
  }, {
    "date" : "2025-11-17",
    "price" : 2441.80,
    "dma50" : 2439.13,
    "dma100" : 2523.92,
    "dma200" : 2656.06,
    "volume" : 13772.00
  }, {
    "date" : "2025-11-18",
    "price" : 2404.60,
    "dma50" : 2437.78,
    "dma100" : 2520.31,
    "dma200" : 2653.56,
    "volume" : 19535.00
  }, {
    "date" : "2025-11-19",
    "price" : 2365.10,
    "dma50" : 2434.93,
    "dma100" : 2515.87,
    "dma200" : 2650.69,
    "volume" : 10263.00
  }, {
    "date" : "2025-11-20",
    "price" : 2343.60,
    "dma50" : 2431.35,
    "dma100" : 2511.10,
    "dma200" : 2647.63,
    "volume" : 13529.00
  }, {
    "date" : "2025-11-21",
    "price" : 2299.70,
    "dma50" : 2426.18,
    "dma100" : 2505.62,
    "dma200" : 2644.17,
    "volume" : 24732.00
  }, {
    "date" : "2025-11-24",
    "price" : 2314.20,
    "dma50" : 2421.79,
    "dma100" : 2499.45,
    "dma200" : 2640.89,
    "volume" : 16601.00
  }, {
    "date" : "2025-11-25",
    "price" : 2324.60,
    "dma50" : 2417.98,
    "dma100" : 2493.77,
    "dma200" : 2637.74,
    "volume" : 13538.00
  }, {
    "date" : "2025-11-26",
    "price" : 2385.30,
    "dma50" : 2416.70,
    "dma100" : 2488.65,
    "dma200" : 2635.23,
    "volume" : 13678.00
  }, {
    "date" : "2025-11-27",
    "price" : 2385.80,
    "dma50" : 2415.49,
    "dma100" : 2483.86,
    "dma200" : 2632.74,
    "volume" : 13551.00
  } ],
  "latestTechnicalAttributes" : {
    "date" : "2025-11-27",
    "price" : 2385.80,
    "dma50" : 2415.49,
    "dma100" : 2483.86,
    "dma200" : 2632.74,
    "volume" : 13551.00
  },
  "quarterlyResults" : [ {
    "date" : "2005-03-31",
    "sales" : 51.38,
    "salesGrowthYoY" : null,
    "grossProfitMargin" : 36.63,
    "grossProfit" : 18.82,
    "operatingProfitMargin" : 18.20,
    "operatingProfit" : 9.35,
    "netProfitMargin" : 8.27,
    "netProfit" : 4.25
  }, {
    "date" : "2005-06-30",
    "sales" : 55.08,
    "salesGrowthYoY" : null,
    "grossProfitMargin" : 34.79,
    "grossProfit" : 19.16,
    "operatingProfitMargin" : 16.61,
    "operatingProfit" : 9.15,
    "netProfitMargin" : 7.37,
    "netProfit" : 4.06
  }, {
    "date" : "2005-09-30",
    "sales" : 75.35,
    "salesGrowthYoY" : null,
    "grossProfitMargin" : 40.41,
    "grossProfit" : 30.45,
    "operatingProfitMargin" : 19.93,
    "operatingProfit" : 15.02,
    "netProfitMargin" : 9.28,
    "netProfit" : 6.99
  }, {
    "date" : "2005-12-31",
    "sales" : 111.39,
    "salesGrowthYoY" : null,
    "grossProfitMargin" : 38.20,
    "grossProfit" : 42.55,
    "operatingProfitMargin" : 17.95,
    "operatingProfit" : 19.99,
    "netProfitMargin" : 8.86,
    "netProfit" : 9.87
  }, {
    "date" : "2006-03-31",
    "sales" : 77.30,
    "salesGrowthYoY" : 50.45,
    "grossProfitMargin" : 40.16,
    "grossProfit" : 31.04,
    "operatingProfitMargin" : 24.75,
    "operatingProfit" : 19.13,
    "netProfitMargin" : 16.33,
    "netProfit" : 12.62
  }, {
    "date" : "2006-06-30",
    "sales" : 88.09,
    "salesGrowthYoY" : 59.93,
    "grossProfitMargin" : 41.03,
    "grossProfit" : 36.14,
    "operatingProfitMargin" : 21.57,
    "operatingProfit" : 19.00,
    "netProfitMargin" : 9.38,
    "netProfit" : 8.26
  }, {
    "date" : "2006-09-30",
    "sales" : 143.13,
    "salesGrowthYoY" : 89.95,
    "grossProfitMargin" : 37.03,
    "grossProfit" : 53.00,
    "operatingProfitMargin" : 22.20,
    "operatingProfit" : 31.77,
    "netProfitMargin" : 11.72,
    "netProfit" : 16.77
  }, {
    "date" : "2006-12-31",
    "sales" : 187.52,
    "salesGrowthYoY" : 68.35,
    "grossProfitMargin" : 34.02,
    "grossProfit" : 63.79,
    "operatingProfitMargin" : 21.16,
    "operatingProfit" : 39.68,
    "netProfitMargin" : 11.56,
    "netProfit" : 21.68
  }, {
    "date" : "2007-03-31",
    "sales" : 152.51,
    "salesGrowthYoY" : 97.30,
    "grossProfitMargin" : 37.15,
    "grossProfit" : 56.66,
    "operatingProfitMargin" : 25.35,
    "operatingProfit" : 38.66,
    "netProfitMargin" : 11.45,
    "netProfit" : 17.46
  }, {
    "date" : "2007-06-30",
    "sales" : 190.01,
    "salesGrowthYoY" : 115.70,
    "grossProfitMargin" : 34.99,
    "grossProfit" : 66.48,
    "operatingProfitMargin" : 23.91,
    "operatingProfit" : 45.43,
    "netProfitMargin" : 11.89,
    "netProfit" : 22.59
  }, {
    "date" : "2007-09-30",
    "sales" : 209.13,
    "salesGrowthYoY" : 46.11,
    "grossProfitMargin" : 34.40,
    "grossProfit" : 71.94,
    "operatingProfitMargin" : 24.31,
    "operatingProfit" : 50.84,
    "netProfitMargin" : 12.82,
    "netProfit" : 26.81
  }, {
    "date" : "2007-12-31",
    "sales" : 214.92,
    "salesGrowthYoY" : 14.61,
    "grossProfitMargin" : 34.02,
    "grossProfit" : 73.12,
    "operatingProfitMargin" : 23.94,
    "operatingProfit" : 51.45,
    "netProfitMargin" : 12.68,
    "netProfit" : 27.25
  }, {
    "date" : "2008-03-31",
    "sales" : 231.54,
    "salesGrowthYoY" : 51.82,
    "grossProfitMargin" : 42.05,
    "grossProfit" : 97.36,
    "operatingProfitMargin" : 13.80,
    "operatingProfit" : 31.95,
    "netProfitMargin" : 5.77,
    "netProfit" : 13.36
  }, {
    "date" : "2008-06-30",
    "sales" : 247.98,
    "salesGrowthYoY" : 30.51,
    "grossProfitMargin" : 40.08,
    "grossProfit" : 99.39,
    "operatingProfitMargin" : 19.57,
    "operatingProfit" : 48.53,
    "netProfitMargin" : 10.26,
    "netProfit" : 25.44
  }, {
    "date" : "2008-09-30",
    "sales" : 254.55,
    "salesGrowthYoY" : 21.72,
    "grossProfitMargin" : 35.64,
    "grossProfit" : 90.72,
    "operatingProfitMargin" : 18.32,
    "operatingProfit" : 46.63,
    "netProfitMargin" : 9.20,
    "netProfit" : 23.42
  }, {
    "date" : "2008-12-31",
    "sales" : 190.75,
    "salesGrowthYoY" : -11.25,
    "grossProfitMargin" : 27.31,
    "grossProfit" : 52.09,
    "operatingProfitMargin" : 11.90,
    "operatingProfit" : 22.70,
    "netProfitMargin" : 3.48,
    "netProfit" : 6.64
  }, {
    "date" : "2009-03-31",
    "sales" : 259.01,
    "salesGrowthYoY" : 11.86,
    "grossProfitMargin" : 29.52,
    "grossProfit" : 76.46,
    "operatingProfitMargin" : 14.25,
    "operatingProfit" : 36.91,
    "netProfitMargin" : 6.05,
    "netProfit" : 15.67
  }, {
    "date" : "2009-06-30",
    "sales" : 191.38,
    "salesGrowthYoY" : -22.82,
    "grossProfitMargin" : 37.74,
    "grossProfit" : 72.23,
    "operatingProfitMargin" : 19.18,
    "operatingProfit" : 36.71,
    "netProfitMargin" : 9.52,
    "netProfit" : 18.22
  }, {
    "date" : "2009-09-30",
    "sales" : 178.52,
    "salesGrowthYoY" : -29.87,
    "grossProfitMargin" : 41.03,
    "grossProfit" : 73.25,
    "operatingProfitMargin" : 23.20,
    "operatingProfit" : 41.42,
    "netProfitMargin" : 11.97,
    "netProfit" : 21.37
  }, {
    "date" : "2009-12-31",
    "sales" : 160.54,
    "salesGrowthYoY" : -15.84,
    "grossProfitMargin" : 39.67,
    "grossProfit" : 63.69,
    "operatingProfitMargin" : 22.04,
    "operatingProfit" : 35.38,
    "netProfitMargin" : 10.81,
    "netProfit" : 17.35
  }, {
    "date" : "2010-03-31",
    "sales" : 321.51,
    "salesGrowthYoY" : 24.13,
    "grossProfitMargin" : 23.80,
    "grossProfit" : 76.52,
    "operatingProfitMargin" : 16.80,
    "operatingProfit" : 54.01,
    "netProfitMargin" : 7.62,
    "netProfit" : 24.50
  }, {
    "date" : "2010-06-30",
    "sales" : 219.03,
    "salesGrowthYoY" : 14.45,
    "grossProfitMargin" : 34.49,
    "grossProfit" : 75.54,
    "operatingProfitMargin" : 17.07,
    "operatingProfit" : 37.39,
    "netProfitMargin" : 9.01,
    "netProfit" : 19.73
  }, {
    "date" : "2010-09-30",
    "sales" : 176.01,
    "salesGrowthYoY" : -1.41,
    "grossProfitMargin" : 32.56,
    "grossProfit" : 57.31,
    "operatingProfitMargin" : 18.08,
    "operatingProfit" : 31.82,
    "netProfitMargin" : 10.52,
    "netProfit" : 18.52
  }, {
    "date" : "2010-12-31",
    "sales" : 161.14,
    "salesGrowthYoY" : 0.37,
    "grossProfitMargin" : 38.52,
    "grossProfit" : 62.07,
    "operatingProfitMargin" : 20.55,
    "operatingProfit" : 33.11,
    "netProfitMargin" : 10.33,
    "netProfit" : 16.65
  }, {
    "date" : "2011-03-31",
    "sales" : 258.27,
    "salesGrowthYoY" : -19.67,
    "grossProfitMargin" : 35.36,
    "grossProfit" : 91.32,
    "operatingProfitMargin" : 19.43,
    "operatingProfit" : 50.18,
    "netProfitMargin" : 10.95,
    "netProfit" : 28.28
  }, {
    "date" : "2011-06-30",
    "sales" : 289.67,
    "salesGrowthYoY" : 32.25,
    "grossProfitMargin" : 33.08,
    "grossProfit" : 95.82,
    "operatingProfitMargin" : 18.74,
    "operatingProfit" : 54.28,
    "netProfitMargin" : 9.32,
    "netProfit" : 27.00
  }, {
    "date" : "2011-09-30",
    "sales" : 308.36,
    "salesGrowthYoY" : 75.19,
    "grossProfitMargin" : 36.92,
    "grossProfit" : 113.85,
    "operatingProfitMargin" : 16.15,
    "operatingProfit" : 49.80,
    "netProfitMargin" : 7.61,
    "netProfit" : 23.47
  }, {
    "date" : "2011-12-31",
    "sales" : 280.73,
    "salesGrowthYoY" : 74.21,
    "grossProfitMargin" : 36.67,
    "grossProfit" : 102.94,
    "operatingProfitMargin" : 16.40,
    "operatingProfit" : 46.04,
    "netProfitMargin" : 7.07,
    "netProfit" : 19.85
  }, {
    "date" : "2012-03-31",
    "sales" : 342.99,
    "salesGrowthYoY" : 32.80,
    "grossProfitMargin" : 33.42,
    "grossProfit" : 114.63,
    "operatingProfitMargin" : 16.03,
    "operatingProfit" : 54.98,
    "netProfitMargin" : 11.99,
    "netProfit" : 41.12
  }, {
    "date" : "2012-06-30",
    "sales" : 282.29,
    "salesGrowthYoY" : -2.55,
    "grossProfitMargin" : 39.09,
    "grossProfit" : 110.35,
    "operatingProfitMargin" : 14.37,
    "operatingProfit" : 40.57,
    "netProfitMargin" : 7.21,
    "netProfit" : 20.35
  }, {
    "date" : "2012-09-30",
    "sales" : 301.78,
    "salesGrowthYoY" : -2.13,
    "grossProfitMargin" : 39.98,
    "grossProfit" : 120.65,
    "operatingProfitMargin" : 24.87,
    "operatingProfit" : 75.05,
    "netProfitMargin" : 14.74,
    "netProfit" : 44.48
  }, {
    "date" : "2012-12-31",
    "sales" : 271.80,
    "salesGrowthYoY" : -3.18,
    "grossProfitMargin" : 39.91,
    "grossProfit" : 108.48,
    "operatingProfitMargin" : 19.88,
    "operatingProfit" : 54.03,
    "netProfitMargin" : 11.64,
    "netProfit" : 31.64
  }, {
    "date" : "2013-03-31",
    "sales" : 345.26,
    "salesGrowthYoY" : 0.66,
    "grossProfitMargin" : 35.58,
    "grossProfit" : 122.84,
    "operatingProfitMargin" : 19.73,
    "operatingProfit" : 68.12,
    "netProfitMargin" : 11.44,
    "netProfit" : 39.50
  }, {
    "date" : "2013-06-30",
    "sales" : 291.08,
    "salesGrowthYoY" : 3.11,
    "grossProfitMargin" : 38.74,
    "grossProfit" : 112.76,
    "operatingProfitMargin" : 19.52,
    "operatingProfit" : 56.82,
    "netProfitMargin" : 10.31,
    "netProfit" : 30.01
  }, {
    "date" : "2013-09-30",
    "sales" : 287.47,
    "salesGrowthYoY" : -4.74,
    "grossProfitMargin" : 39.87,
    "grossProfit" : 114.61,
    "operatingProfitMargin" : 17.42,
    "operatingProfit" : 50.08,
    "netProfitMargin" : 9.07,
    "netProfit" : 26.07
  }, {
    "date" : "2013-12-31",
    "sales" : 359.21,
    "salesGrowthYoY" : 32.16,
    "grossProfitMargin" : 35.23,
    "grossProfit" : 126.55,
    "operatingProfitMargin" : 17.94,
    "operatingProfit" : 64.44,
    "netProfitMargin" : 10.01,
    "netProfit" : 35.96
  }, {
    "date" : "2014-03-31",
    "sales" : 407.78,
    "salesGrowthYoY" : 18.11,
    "grossProfitMargin" : 37.03,
    "grossProfit" : 151.00,
    "operatingProfitMargin" : 20.45,
    "operatingProfit" : 83.39,
    "netProfitMargin" : 12.46,
    "netProfit" : 50.81
  }, {
    "date" : "2014-06-30",
    "sales" : 355.52,
    "salesGrowthYoY" : 22.14,
    "grossProfitMargin" : 36.18,
    "grossProfit" : 128.63,
    "operatingProfitMargin" : 18.88,
    "operatingProfit" : 67.12,
    "netProfitMargin" : 10.82,
    "netProfit" : 38.47
  }, {
    "date" : "2014-09-30",
    "sales" : 440.99,
    "salesGrowthYoY" : 53.40,
    "grossProfitMargin" : 36.37,
    "grossProfit" : 160.39,
    "operatingProfitMargin" : 19.37,
    "operatingProfit" : 85.42,
    "netProfitMargin" : 11.16,
    "netProfit" : 49.21
  }, {
    "date" : "2014-12-31",
    "sales" : 506.54,
    "salesGrowthYoY" : 41.02,
    "grossProfitMargin" : 32.29,
    "grossProfit" : 163.56,
    "operatingProfitMargin" : 18.31,
    "operatingProfit" : 92.75,
    "netProfitMargin" : 10.37,
    "netProfit" : 52.53
  }, {
    "date" : "2015-03-31",
    "sales" : 379.50,
    "salesGrowthYoY" : -6.94,
    "grossProfitMargin" : 31.49,
    "grossProfit" : 119.50,
    "operatingProfitMargin" : 14.71,
    "operatingProfit" : 55.82,
    "netProfitMargin" : 8.51,
    "netProfit" : 32.30
  }, {
    "date" : "2015-06-30",
    "sales" : 434.29,
    "salesGrowthYoY" : 22.16,
    "grossProfitMargin" : 35.45,
    "grossProfit" : 153.96,
    "operatingProfitMargin" : 20.38,
    "operatingProfit" : 88.51,
    "netProfitMargin" : 11.62,
    "netProfit" : 50.46
  }, {
    "date" : "2015-09-30",
    "sales" : 413.46,
    "salesGrowthYoY" : -6.24,
    "grossProfitMargin" : 32.44,
    "grossProfit" : 134.13,
    "operatingProfitMargin" : 14.09,
    "operatingProfit" : 58.26,
    "netProfitMargin" : 8.01,
    "netProfit" : 33.12
  }, {
    "date" : "2015-12-31",
    "sales" : 362.94,
    "salesGrowthYoY" : -28.35,
    "grossProfitMargin" : 33.77,
    "grossProfit" : 122.56,
    "operatingProfitMargin" : 14.97,
    "operatingProfit" : 54.33,
    "netProfitMargin" : 9.59,
    "netProfit" : 34.81
  }, {
    "date" : "2016-03-31",
    "sales" : 506.97,
    "salesGrowthYoY" : 33.59,
    "grossProfitMargin" : 34.83,
    "grossProfit" : 176.58,
    "operatingProfitMargin" : 16.66,
    "operatingProfit" : 84.46,
    "netProfitMargin" : 9.24,
    "netProfit" : 46.84
  }, {
    "date" : "2016-06-30",
    "sales" : 338.44,
    "salesGrowthYoY" : -22.07,
    "grossProfitMargin" : 36.14,
    "grossProfit" : 122.31,
    "operatingProfitMargin" : 17.89,
    "operatingProfit" : 60.55,
    "netProfitMargin" : 9.21,
    "netProfit" : 31.17
  }, {
    "date" : "2016-09-30",
    "sales" : 321.88,
    "salesGrowthYoY" : -22.15,
    "grossProfitMargin" : 36.12,
    "grossProfit" : 116.26,
    "operatingProfitMargin" : 16.09,
    "operatingProfit" : 51.79,
    "netProfitMargin" : 8.87,
    "netProfit" : 28.55
  }, {
    "date" : "2016-12-31",
    "sales" : 362.91,
    "salesGrowthYoY" : -0.01,
    "grossProfitMargin" : 40.40,
    "grossProfit" : 146.62,
    "operatingProfitMargin" : 21.08,
    "operatingProfit" : 76.50,
    "netProfitMargin" : 12.33,
    "netProfit" : 44.75
  }, {
    "date" : "2017-03-31",
    "sales" : 388.43,
    "salesGrowthYoY" : -23.38,
    "grossProfitMargin" : 37.57,
    "grossProfit" : 145.93,
    "operatingProfitMargin" : 17.63,
    "operatingProfit" : 68.48,
    "netProfitMargin" : 10.25,
    "netProfit" : 39.81
  }, {
    "date" : "2017-06-30",
    "sales" : 294.52,
    "salesGrowthYoY" : -12.98,
    "grossProfitMargin" : 36.67,
    "grossProfit" : 108.00,
    "operatingProfitMargin" : 14.96,
    "operatingProfit" : 44.06,
    "netProfitMargin" : 7.83,
    "netProfit" : 23.06
  }, {
    "date" : "2017-09-30",
    "sales" : 317.63,
    "salesGrowthYoY" : -1.32,
    "grossProfitMargin" : 36.03,
    "grossProfit" : 114.44,
    "operatingProfitMargin" : 15.49,
    "operatingProfit" : 49.20,
    "netProfitMargin" : 8.42,
    "netProfit" : 26.74
  }, {
    "date" : "2017-12-31",
    "sales" : 535.60,
    "salesGrowthYoY" : 47.58,
    "grossProfitMargin" : 34.97,
    "grossProfit" : 187.30,
    "operatingProfitMargin" : 14.95,
    "operatingProfit" : 80.07,
    "netProfitMargin" : 8.54,
    "netProfit" : 45.74
  }, {
    "date" : "2018-03-31",
    "sales" : 619.07,
    "salesGrowthYoY" : 59.38,
    "grossProfitMargin" : 34.95,
    "grossProfit" : 216.36,
    "operatingProfitMargin" : 14.99,
    "operatingProfit" : 92.80,
    "netProfitMargin" : 9.08,
    "netProfit" : 56.21
  }, {
    "date" : "2018-06-30",
    "sales" : 609.35,
    "salesGrowthYoY" : 106.90,
    "grossProfitMargin" : 32.04,
    "grossProfit" : 195.24,
    "operatingProfitMargin" : 14.85,
    "operatingProfit" : 90.49,
    "netProfitMargin" : 9.46,
    "netProfit" : 57.64
  }, {
    "date" : "2018-09-30",
    "sales" : 730.33,
    "salesGrowthYoY" : 129.93,
    "grossProfitMargin" : 33.81,
    "grossProfit" : 246.92,
    "operatingProfitMargin" : 15.88,
    "operatingProfit" : 115.98,
    "netProfitMargin" : 9.49,
    "netProfit" : 69.31
  }, {
    "date" : "2018-12-31",
    "sales" : 728.48,
    "salesGrowthYoY" : 36.01,
    "grossProfitMargin" : 30.56,
    "grossProfit" : 222.62,
    "operatingProfitMargin" : 13.85,
    "operatingProfit" : 100.89,
    "netProfitMargin" : 8.62,
    "netProfit" : 62.79
  }, {
    "date" : "2019-03-31",
    "sales" : 686.74,
    "salesGrowthYoY" : 10.93,
    "grossProfitMargin" : 27.10,
    "grossProfit" : 186.11,
    "operatingProfitMargin" : 14.44,
    "operatingProfit" : 99.17,
    "netProfitMargin" : 9.20,
    "netProfit" : 63.18
  }, {
    "date" : "2019-06-30",
    "sales" : 587.67,
    "salesGrowthYoY" : -3.56,
    "grossProfitMargin" : 34.12,
    "grossProfit" : 200.51,
    "operatingProfitMargin" : 17.53,
    "operatingProfit" : 103.02,
    "netProfitMargin" : 10.67,
    "netProfit" : 62.70
  }, {
    "date" : "2019-09-30",
    "sales" : 610.33,
    "salesGrowthYoY" : -16.43,
    "grossProfitMargin" : 37.91,
    "grossProfit" : 231.38,
    "operatingProfitMargin" : 19.09,
    "operatingProfit" : 116.51,
    "netProfitMargin" : 12.52,
    "netProfit" : 76.41
  }, {
    "date" : "2019-12-31",
    "sales" : 756.05,
    "salesGrowthYoY" : 3.78,
    "grossProfitMargin" : 32.43,
    "grossProfit" : 245.19,
    "operatingProfitMargin" : 14.34,
    "operatingProfit" : 108.42,
    "netProfitMargin" : 13.36,
    "netProfit" : 101.01
  }, {
    "date" : "2020-03-31",
    "sales" : 629.98,
    "salesGrowthYoY" : -8.27,
    "grossProfitMargin" : 33.42,
    "grossProfit" : 210.54,
    "operatingProfitMargin" : 15.38,
    "operatingProfit" : 96.89,
    "netProfitMargin" : 10.69,
    "netProfit" : 67.34
  }, {
    "date" : "2020-06-30",
    "sales" : 578.07,
    "salesGrowthYoY" : -1.63,
    "grossProfitMargin" : 28.25,
    "grossProfit" : 163.30,
    "operatingProfitMargin" : 12.74,
    "operatingProfit" : 73.65,
    "netProfitMargin" : 8.60,
    "netProfit" : 49.71
  }, {
    "date" : "2020-09-30",
    "sales" : 578.68,
    "salesGrowthYoY" : -5.19,
    "grossProfitMargin" : 33.79,
    "grossProfit" : 195.54,
    "operatingProfitMargin" : 14.45,
    "operatingProfit" : 83.62,
    "netProfitMargin" : 9.80,
    "netProfit" : 56.71
  }, {
    "date" : "2020-12-31",
    "sales" : 442.07,
    "salesGrowthYoY" : -41.53,
    "grossProfitMargin" : 40.65,
    "grossProfit" : 179.70,
    "operatingProfitMargin" : 18.36,
    "operatingProfit" : 81.16,
    "netProfitMargin" : 13.60,
    "netProfit" : 60.12
  }, {
    "date" : "2021-03-31",
    "sales" : 696.08,
    "salesGrowthYoY" : 10.49,
    "grossProfitMargin" : 40.93,
    "grossProfit" : 284.91,
    "operatingProfitMargin" : 22.82,
    "operatingProfit" : 158.85,
    "netProfitMargin" : 15.72,
    "netProfit" : 109.42
  }, {
    "date" : "2021-06-30",
    "sales" : 526.00,
    "salesGrowthYoY" : -9.01,
    "grossProfitMargin" : 37.29,
    "grossProfit" : 196.15,
    "operatingProfitMargin" : 16.08,
    "operatingProfit" : 84.58,
    "netProfitMargin" : 9.55,
    "netProfit" : 50.23
  }, {
    "date" : "2021-09-30",
    "sales" : 711.70,
    "salesGrowthYoY" : 22.99,
    "grossProfitMargin" : 34.40,
    "grossProfit" : 244.82,
    "operatingProfitMargin" : 15.64,
    "operatingProfit" : 111.31,
    "netProfitMargin" : 10.05,
    "netProfit" : 71.53
  }, {
    "date" : "2021-12-31",
    "sales" : 927.01,
    "salesGrowthYoY" : 109.70,
    "grossProfitMargin" : 28.66,
    "grossProfit" : 265.68,
    "operatingProfitMargin" : 14.09,
    "operatingProfit" : 130.62,
    "netProfitMargin" : 9.61,
    "netProfit" : 89.09
  }, {
    "date" : "2022-03-31",
    "sales" : 974.06,
    "salesGrowthYoY" : 39.94,
    "grossProfitMargin" : 33.70,
    "grossProfit" : 328.26,
    "operatingProfitMargin" : 17.32,
    "operatingProfit" : 168.71,
    "netProfitMargin" : 11.46,
    "netProfit" : 111.63
  }, {
    "date" : "2022-06-30",
    "sales" : 976.80,
    "salesGrowthYoY" : 85.70,
    "grossProfitMargin" : 30.07,
    "grossProfit" : 293.72,
    "operatingProfitMargin" : 13.40,
    "operatingProfit" : 130.89,
    "netProfitMargin" : 8.89,
    "netProfit" : 86.84
  }, {
    "date" : "2022-09-30",
    "sales" : 899.82,
    "salesGrowthYoY" : 26.43,
    "grossProfitMargin" : 34.25,
    "grossProfit" : 308.19,
    "operatingProfitMargin" : 16.10,
    "operatingProfit" : 144.87,
    "netProfitMargin" : 10.97,
    "netProfit" : 98.71
  }, {
    "date" : "2022-12-31",
    "sales" : 1057.40,
    "salesGrowthYoY" : 14.07,
    "grossProfitMargin" : 35.19,
    "grossProfit" : 372.10,
    "operatingProfitMargin" : 18.40,
    "operatingProfit" : 194.56,
    "netProfitMargin" : 12.52,
    "netProfit" : 132.39
  }, {
    "date" : "2023-03-31",
    "sales" : 1436.01,
    "salesGrowthYoY" : 47.43,
    "grossProfitMargin" : 35.20,
    "grossProfit" : 505.48,
    "operatingProfitMargin" : 20.32,
    "operatingProfit" : 291.80,
    "netProfitMargin" : 13.65,
    "netProfit" : 196.02
  }, {
    "date" : "2023-06-30",
    "sales" : 1112.27,
    "salesGrowthYoY" : 13.87,
    "grossProfitMargin" : 33.47,
    "grossProfit" : 372.28,
    "operatingProfitMargin" : 17.93,
    "operatingProfit" : 199.43,
    "netProfitMargin" : 12.28,
    "netProfit" : 136.59
  }, {
    "date" : "2023-09-30",
    "sales" : 1071.56,
    "salesGrowthYoY" : 19.09,
    "grossProfitMargin" : 38.29,
    "grossProfit" : 410.30,
    "operatingProfitMargin" : 22.42,
    "operatingProfit" : 240.24,
    "netProfitMargin" : 15.80,
    "netProfit" : 169.31
  }, {
    "date" : "2023-12-31",
    "sales" : 1198.61,
    "salesGrowthYoY" : 13.35,
    "grossProfitMargin" : 32.58,
    "grossProfit" : 390.51,
    "operatingProfitMargin" : 16.18,
    "operatingProfit" : 193.94,
    "netProfitMargin" : 11.22,
    "netProfit" : 134.48
  }, {
    "date" : "2024-03-31",
    "sales" : 1424.34,
    "salesGrowthYoY" : -0.81,
    "grossProfitMargin" : 30.86,
    "grossProfit" : 439.55,
    "operatingProfitMargin" : 16.88,
    "operatingProfit" : 240.43,
    "netProfitMargin" : 11.81,
    "netProfit" : 168.21
  }, {
    "date" : "2024-06-30",
    "sales" : 1110.33,
    "salesGrowthYoY" : -0.17,
    "grossProfitMargin" : 31.51,
    "grossProfit" : 349.86,
    "operatingProfitMargin" : 13.92,
    "operatingProfit" : 154.56,
    "netProfitMargin" : 9.48,
    "netProfit" : 105.26
  }, {
    "date" : "2024-09-30",
    "sales" : 897.51,
    "salesGrowthYoY" : -16.24,
    "grossProfitMargin" : 37.61,
    "grossProfit" : 337.55,
    "operatingProfitMargin" : 16.56,
    "operatingProfit" : 148.63,
    "netProfitMargin" : 11.42,
    "netProfit" : 102.50
  }, {
    "date" : "2024-12-31",
    "sales" : 1293.53,
    "salesGrowthYoY" : 7.92,
    "grossProfitMargin" : 33.90,
    "grossProfit" : 438.51,
    "operatingProfitMargin" : 16.54,
    "operatingProfit" : 213.95,
    "netProfitMargin" : 11.25,
    "netProfit" : 145.52
  }, {
    "date" : "2025-03-31",
    "sales" : 1574.77,
    "salesGrowthYoY" : 10.56,
    "grossProfitMargin" : 34.35,
    "grossProfit" : 540.93,
    "operatingProfitMargin" : 18.52,
    "operatingProfit" : 291.65,
    "netProfitMargin" : 14.27,
    "netProfit" : 224.72
  }, {
    "date" : "2025-06-30",
    "sales" : 1062.40,
    "salesGrowthYoY" : -4.32,
    "grossProfitMargin" : 38.81,
    "grossProfit" : 412.32,
    "operatingProfitMargin" : 18.03,
    "operatingProfit" : 191.55,
    "netProfitMargin" : 13.64,
    "netProfit" : 144.91
  }, {
    "date" : "2025-09-30",
    "sales" : 939.56,
    "salesGrowthYoY" : 4.69,
    "grossProfitMargin" : 35.68,
    "grossProfit" : 335.24,
    "operatingProfitMargin" : 14.89,
    "operatingProfit" : 139.90,
    "netProfitMargin" : 11.51,
    "netProfit" : 108.14
  } ],
  "latestQuarterlyResult" : {
    "date" : "2025-09-30",
    "sales" : 939.56,
    "salesGrowthYoY" : 4.69,
    "grossProfitMargin" : 35.68,
    "grossProfit" : 335.24,
    "operatingProfitMargin" : 14.89,
    "operatingProfit" : 139.90,
    "netProfitMargin" : 11.51,
    "netProfit" : 108.14
  },
  "companyScore" : {
    "priceHigherThanDma50" : 0.00,
    "priceHigherThanDma100" : 0.00,
    "priceHigherThanDma200" : 0.00,
    "dma50HigherThanDma100" : 0.00,
    "dma50HigherThanDma200" : 0.00,
    "dma100HigherThanDma200" : 0.00,
    "pricePercentageAboveDma50" : 5.06,
    "pricePercentageAboveDma100" : 5.20,
    "pricePercentageAboveDma200" : 5.47,
    "weeklyVolumeHigherThanYearlyVolume" : 0.00,
    "salesGrowthPercentile" : 8.86,
    "operatingProfitMarginPercentile" : 4.45,
    "netProfitMarginPercentile" : 7.11,
    "totalTechnicalScore" : 15.73,
    "totalFundamentalScore" : 20.42,
    "totalScore" : 36.14
  }
}