{
  "metadata" : {
    "screenerCompanyId" : "2701",
    "companyCode" : "RAYMOND",
    "companyName" : "Raymond",
    "screenerCompanyLink" : "https://www.screener.in/company/RAYMOND",
    "screenerTechnicalHistoryLink" : "https://www.screener.in/api/company/2701/chart/?q=Price-DMA50-DMA200-Volume&days=365",
    "screenerQuarterlyResultsLink" : "https://www.screener.in/api/company/2701/chart/?q=GPM-OPM-NPM-Quarter+Sales&days=10000",
    "attributes" : {
      "companyCode" : "RAYMOND",
      "companyName" : "Raymond",
      "marketCap" : 3105.00,
      "peRatio" : 76.40,
      "description" : "Raymond Limited incorporated in 1925 is a diversified group with interests in Textile & Apparel sectors as well as presence across diverse segments such as Real Estate, FMCG, Engineering in national and international markets 55+ Countries including the USA, Europe, Japan & Middle East. The Company has a retail network of 1,638 stores, including 1,589 stores in about 600 towns and cities in India and 49 overseas stores in nine countries. It is one of the largest vertically and horizontally integrated manufacturers of worsted suiting fabric in the world. [1] [2]"
    },
    "companyScore" : {
      "priceHigherThanDma50" : 0.00,
      "priceHigherThanDma100" : 0.00,
      "priceHigherThanDma200" : 0.00,
      "dma50HigherThanDma100" : 0.00,
      "dma50HigherThanDma200" : 0.00,
      "dma100HigherThanDma200" : 5.00,
      "pricePercentageAboveDma50" : 5.69,
      "pricePercentageAboveDma100" : 6.10,
      "pricePercentageAboveDma200" : 5.96,
      "weeklyVolumeHigherThanYearlyVolume" : 0.00,
      "salesGrowthPercentile" : 1.52,
      "operatingProfitMarginPercentile" : 0.24,
      "netProfitMarginPercentile" : 0.12,
      "totalTechnicalScore" : 22.75,
      "totalFundamentalScore" : 1.88,
      "totalScore" : 24.63
    }
  },
  "attributes" : {
    "companyCode" : "RAYMOND",
    "companyName" : "Raymond",
    "marketCap" : 3105.00,
    "peRatio" : 76.40,
    "description" : "Raymond Limited incorporated in 1925 is a diversified group with interests in Textile & Apparel sectors as well as presence across diverse segments such as Real Estate, FMCG, Engineering in national and international markets 55+ Countries including the USA, Europe, Japan & Middle East. The Company has a retail network of 1,638 stores, including 1,589 stores in about 600 towns and cities in India and 49 overseas stores in nine countries. It is one of the largest vertically and horizontally integrated manufacturers of worsted suiting fabric in the world. [1] [2]"
  },
  "technicalHistory" : [ {
    "date" : "2024-12-05",
    "price" : 562.03,
    "dma50" : 574.25,
    "dma100" : null,
    "dma200" : 548.37,
    "volume" : 604528.00
  }, {
    "date" : "2024-12-06",
    "price" : 564.10,
    "dma50" : 573.85,
    "dma100" : null,
    "dma200" : 548.52,
    "volume" : 319893.00
  }, {
    "date" : "2024-12-09",
    "price" : 559.84,
    "dma50" : 573.30,
    "dma100" : null,
    "dma200" : 548.63,
    "volume" : 595685.00
  }, {
    "date" : "2024-12-10",
    "price" : 625.06,
    "dma50" : 575.33,
    "dma100" : null,
    "dma200" : 549.40,
    "volume" : 33240054.00
  }, {
    "date" : "2024-12-11",
    "price" : 646.97,
    "dma50" : 578.14,
    "dma100" : null,
    "dma200" : 550.37,
    "volume" : 21600023.00
  }, {
    "date" : "2024-12-12",
    "price" : 627.78,
    "dma50" : 580.09,
    "dma100" : null,
    "dma200" : 551.14,
    "volume" : 4569277.00
  }, {
    "date" : "2024-12-13",
    "price" : 628.74,
    "dma50" : 581.99,
    "dma100" : null,
    "dma200" : 551.91,
    "volume" : 4840268.00
  }, {
    "date" : "2024-12-16",
    "price" : 619.87,
    "dma50" : 583.48,
    "dma100" : null,
    "dma200" : 552.58,
    "volume" : 1787054.00
  }, {
    "date" : "2024-12-17",
    "price" : 603.82,
    "dma50" : 584.28,
    "dma100" : null,
    "dma200" : 553.09,
    "volume" : 1413317.00
  }, {
    "date" : "2024-12-18",
    "price" : 599.20,
    "dma50" : 584.86,
    "dma100" : null,
    "dma200" : 553.55,
    "volume" : 1321920.00
  }, {
    "date" : "2024-12-19",
    "price" : 590.56,
    "dma50" : 585.09,
    "dma100" : null,
    "dma200" : 553.92,
    "volume" : 1722029.00
  }, {
    "date" : "2024-12-20",
    "price" : 599.83,
    "dma50" : 585.66,
    "dma100" : null,
    "dma200" : 554.38,
    "volume" : 1587943.00
  }, {
    "date" : "2024-12-23",
    "price" : 618.96,
    "dma50" : 586.97,
    "dma100" : null,
    "dma200" : 555.02,
    "volume" : 1325016.00
  }, {
    "date" : "2024-12-24",
    "price" : 618.16,
    "dma50" : 588.19,
    "dma100" : null,
    "dma200" : 555.65,
    "volume" : 1435080.00
  }, {
    "date" : "2024-12-26",
    "price" : 604.33,
    "dma50" : 588.83,
    "dma100" : null,
    "dma200" : 556.13,
    "volume" : 919289.00
  }, {
    "date" : "2024-12-27",
    "price" : 601.13,
    "dma50" : 589.31,
    "dma100" : null,
    "dma200" : 556.58,
    "volume" : 581894.00
  }, {
    "date" : "2024-12-30",
    "price" : 583.46,
    "dma50" : 589.08,
    "dma100" : null,
    "dma200" : 556.85,
    "volume" : 599043.00
  }, {
    "date" : "2024-12-31",
    "price" : 582.19,
    "dma50" : 588.81,
    "dma100" : null,
    "dma200" : 557.10,
    "volume" : 409862.00
  }, {
    "date" : "2025-01-01",
    "price" : 588.27,
    "dma50" : 588.79,
    "dma100" : null,
    "dma200" : 557.41,
    "volume" : 551131.00
  }, {
    "date" : "2025-01-02",
    "price" : 617.24,
    "dma50" : 589.90,
    "dma100" : null,
    "dma200" : 558.01,
    "volume" : 5447871.00
  }, {
    "date" : "2025-01-03",
    "price" : 620.28,
    "dma50" : 591.09,
    "dma100" : null,
    "dma200" : 558.63,
    "volume" : 2039046.00
  }, {
    "date" : "2025-01-06",
    "price" : 590.99,
    "dma50" : 591.09,
    "dma100" : null,
    "dma200" : 558.95,
    "volume" : 949583.00
  }, {
    "date" : "2025-01-07",
    "price" : 608.23,
    "dma50" : 591.76,
    "dma100" : null,
    "dma200" : 559.44,
    "volume" : 1390223.00
  }, {
    "date" : "2025-01-08",
    "price" : 589.19,
    "dma50" : 591.66,
    "dma100" : null,
    "dma200" : 559.73,
    "volume" : 754229.00
  }, {
    "date" : "2025-01-09",
    "price" : 581.70,
    "dma50" : 591.27,
    "dma100" : null,
    "dma200" : 559.95,
    "volume" : 767786.00
  }, {
    "date" : "2025-01-10",
    "price" : 555.99,
    "dma50" : 589.89,
    "dma100" : null,
    "dma200" : 559.91,
    "volume" : 743026.00
  }, {
    "date" : "2025-01-13",
    "price" : 526.83,
    "dma50" : 587.41,
    "dma100" : null,
    "dma200" : 559.58,
    "volume" : 940267.00
  }, {
    "date" : "2025-01-14",
    "price" : 528.73,
    "dma50" : 585.11,
    "dma100" : null,
    "dma200" : 559.28,
    "volume" : 850254.00
  }, {
    "date" : "2025-01-15",
    "price" : 553.17,
    "dma50" : 583.86,
    "dma100" : null,
    "dma200" : 559.22,
    "volume" : 8883352.00
  }, {
    "date" : "2025-01-16",
    "price" : 551.44,
    "dma50" : 582.59,
    "dma100" : null,
    "dma200" : 559.14,
    "volume" : 1096808.00
  }, {
    "date" : "2025-01-17",
    "price" : 554.98,
    "dma50" : 581.51,
    "dma100" : null,
    "dma200" : 559.10,
    "volume" : 685534.00
  }, {
    "date" : "2025-01-20",
    "price" : 557.69,
    "dma50" : 580.57,
    "dma100" : null,
    "dma200" : 559.08,
    "volume" : 383801.00
  }, {
    "date" : "2025-01-21",
    "price" : 548.05,
    "dma50" : 579.30,
    "dma100" : null,
    "dma200" : 558.97,
    "volume" : 481821.00
  }, {
    "date" : "2025-01-22",
    "price" : 528.64,
    "dma50" : 577.31,
    "dma100" : null,
    "dma200" : 558.67,
    "volume" : 654837.00
  }, {
    "date" : "2025-01-23",
    "price" : 516.66,
    "dma50" : 574.93,
    "dma100" : null,
    "dma200" : 558.25,
    "volume" : 1663390.00
  }, {
    "date" : "2025-01-24",
    "price" : 534.66,
    "dma50" : 573.35,
    "dma100" : null,
    "dma200" : 558.02,
    "volume" : 10091180.00
  }, {
    "date" : "2025-01-27",
    "price" : 512.54,
    "dma50" : 570.97,
    "dma100" : null,
    "dma200" : 557.57,
    "volume" : 1000147.00
  }, {
    "date" : "2025-01-28",
    "price" : 507.87,
    "dma50" : 568.49,
    "dma100" : null,
    "dma200" : 557.07,
    "volume" : 1310950.00
  }, {
    "date" : "2025-01-29",
    "price" : 522.60,
    "dma50" : 566.69,
    "dma100" : null,
    "dma200" : 556.73,
    "volume" : 917904.00
  }, {
    "date" : "2025-01-30",
    "price" : 526.40,
    "dma50" : 565.11,
    "dma100" : null,
    "dma200" : 556.43,
    "volume" : 1172476.00
  }, {
    "date" : "2025-01-31",
    "price" : 524.85,
    "dma50" : 563.53,
    "dma100" : null,
    "dma200" : 556.11,
    "volume" : 788978.00
  }, {
    "date" : "2025-02-01",
    "price" : 527.72,
    "dma50" : 562.13,
    "dma100" : null,
    "dma200" : 555.83,
    "volume" : 517797.00
  }, {
    "date" : "2025-02-03",
    "price" : 520.27,
    "dma50" : 560.49,
    "dma100" : null,
    "dma200" : 555.48,
    "volume" : 463113.00
  }, {
    "date" : "2025-02-04",
    "price" : 516.43,
    "dma50" : 558.76,
    "dma100" : null,
    "dma200" : 555.09,
    "volume" : 453775.00
  }, {
    "date" : "2025-02-05",
    "price" : 523.48,
    "dma50" : 557.38,
    "dma100" : null,
    "dma200" : 554.77,
    "volume" : 751390.00
  }, {
    "date" : "2025-02-06",
    "price" : 528.87,
    "dma50" : 556.26,
    "dma100" : null,
    "dma200" : 554.52,
    "volume" : 589475.00
  }, {
    "date" : "2025-02-07",
    "price" : 530.06,
    "dma50" : 555.23,
    "dma100" : null,
    "dma200" : 554.27,
    "volume" : 407406.00
  }, {
    "date" : "2025-02-10",
    "price" : 519.06,
    "dma50" : 553.81,
    "dma100" : null,
    "dma200" : 553.92,
    "volume" : 264792.00
  }, {
    "date" : "2025-02-11",
    "price" : 501.47,
    "dma50" : 551.76,
    "dma100" : null,
    "dma200" : 553.40,
    "volume" : 507894.00
  }, {
    "date" : "2025-02-12",
    "price" : 491.92,
    "dma50" : 549.41,
    "dma100" : null,
    "dma200" : 552.79,
    "volume" : 820514.00
  }, {
    "date" : "2025-02-13",
    "price" : 492.09,
    "dma50" : 547.17,
    "dma100" : null,
    "dma200" : 552.18,
    "volume" : 369818.00
  }, {
    "date" : "2025-02-14",
    "price" : 480.34,
    "dma50" : 544.55,
    "dma100" : null,
    "dma200" : 551.47,
    "volume" : 545866.00
  }, {
    "date" : "2025-02-17",
    "price" : 473.51,
    "dma50" : 541.76,
    "dma100" : null,
    "dma200" : 550.69,
    "volume" : 583813.00
  }, {
    "date" : "2025-02-18",
    "price" : 465.94,
    "dma50" : 538.79,
    "dma100" : null,
    "dma200" : 549.85,
    "volume" : 424947.00
  }, {
    "date" : "2025-02-19",
    "price" : 486.59,
    "dma50" : 536.74,
    "dma100" : null,
    "dma200" : 549.22,
    "volume" : 706049.00
  }, {
    "date" : "2025-02-20",
    "price" : 485.34,
    "dma50" : 534.72,
    "dma100" : null,
    "dma200" : 548.59,
    "volume" : 549979.00
  }, {
    "date" : "2025-02-21",
    "price" : 479.61,
    "dma50" : 532.56,
    "dma100" : null,
    "dma200" : 547.90,
    "volume" : 527107.00
  }, {
    "date" : "2025-02-24",
    "price" : 483.76,
    "dma50" : 530.65,
    "dma100" : null,
    "dma200" : 547.26,
    "volume" : 535414.00
  }, {
    "date" : "2025-02-25",
    "price" : 485.58,
    "dma50" : 528.88,
    "dma100" : null,
    "dma200" : 546.65,
    "volume" : 375403.00
  }, {
    "date" : "2025-02-27",
    "price" : 471.97,
    "dma50" : 526.65,
    "dma100" : null,
    "dma200" : 545.90,
    "volume" : 356883.00
  }, {
    "date" : "2025-02-28",
    "price" : 449.13,
    "dma50" : 523.61,
    "dma100" : null,
    "dma200" : 544.94,
    "volume" : 690599.00
  }, {
    "date" : "2025-03-03",
    "price" : 438.52,
    "dma50" : 520.27,
    "dma100" : null,
    "dma200" : 543.88,
    "volume" : 811070.00
  }, {
    "date" : "2025-03-04",
    "price" : 444.20,
    "dma50" : 517.29,
    "dma100" : null,
    "dma200" : 542.89,
    "volume" : 910634.00
  }, {
    "date" : "2025-03-05",
    "price" : 455.18,
    "dma50" : 514.85,
    "dma100" : null,
    "dma200" : 542.02,
    "volume" : 717242.00
  }, {
    "date" : "2025-03-06",
    "price" : 471.50,
    "dma50" : 513.15,
    "dma100" : null,
    "dma200" : 541.32,
    "volume" : 715772.00
  }, {
    "date" : "2025-03-07",
    "price" : 461.88,
    "dma50" : 511.14,
    "dma100" : null,
    "dma200" : 540.53,
    "volume" : 943074.00
  }, {
    "date" : "2025-03-10",
    "price" : 445.24,
    "dma50" : 508.56,
    "dma100" : null,
    "dma200" : 539.58,
    "volume" : 732252.00
  }, {
    "date" : "2025-03-11",
    "price" : 437.88,
    "dma50" : 505.79,
    "dma100" : null,
    "dma200" : 538.57,
    "volume" : 830516.00
  }, {
    "date" : "2025-03-12",
    "price" : 434.74,
    "dma50" : 503.00,
    "dma100" : null,
    "dma200" : 537.53,
    "volume" : 1481591.00
  }, {
    "date" : "2025-03-13",
    "price" : 425.09,
    "dma50" : 499.95,
    "dma100" : null,
    "dma200" : 536.41,
    "volume" : 734091.00
  }, {
    "date" : "2025-03-17",
    "price" : 427.60,
    "dma50" : 497.11,
    "dma100" : null,
    "dma200" : 535.33,
    "volume" : 635168.00
  }, {
    "date" : "2025-03-18",
    "price" : 496.00,
    "dma50" : 497.06,
    "dma100" : null,
    "dma200" : 534.94,
    "volume" : 12679353.00
  }, {
    "date" : "2025-03-19",
    "price" : 491.86,
    "dma50" : 496.86,
    "dma100" : null,
    "dma200" : 534.51,
    "volume" : 2591792.00
  }, {
    "date" : "2025-03-20",
    "price" : 489.40,
    "dma50" : 496.57,
    "dma100" : null,
    "dma200" : 534.06,
    "volume" : 2140191.00
  }, {
    "date" : "2025-03-21",
    "price" : 514.61,
    "dma50" : 497.28,
    "dma100" : null,
    "dma200" : 533.87,
    "volume" : 10330849.00
  }, {
    "date" : "2025-03-24",
    "price" : 520.58,
    "dma50" : 498.19,
    "dma100" : null,
    "dma200" : 533.74,
    "volume" : 1295078.00
  }, {
    "date" : "2025-03-25",
    "price" : 503.32,
    "dma50" : 498.39,
    "dma100" : null,
    "dma200" : 533.43,
    "volume" : 1251984.00
  }, {
    "date" : "2025-03-26",
    "price" : 496.07,
    "dma50" : 498.30,
    "dma100" : null,
    "dma200" : 533.06,
    "volume" : 863975.00
  }, {
    "date" : "2025-03-27",
    "price" : 499.19,
    "dma50" : 498.33,
    "dma100" : null,
    "dma200" : 532.73,
    "volume" : 959594.00
  }, {
    "date" : "2025-03-28",
    "price" : 487.19,
    "dma50" : 497.90,
    "dma100" : null,
    "dma200" : 532.27,
    "volume" : 1135642.00
  }, {
    "date" : "2025-04-01",
    "price" : 477.05,
    "dma50" : 497.08,
    "dma100" : null,
    "dma200" : 531.72,
    "volume" : 1068507.00
  }, {
    "date" : "2025-04-02",
    "price" : 490.79,
    "dma50" : 496.83,
    "dma100" : null,
    "dma200" : 531.32,
    "volume" : 926820.00
  }, {
    "date" : "2025-04-03",
    "price" : 520.62,
    "dma50" : 497.77,
    "dma100" : null,
    "dma200" : 531.21,
    "volume" : 5879195.00
  }, {
    "date" : "2025-04-04",
    "price" : 515.53,
    "dma50" : 498.46,
    "dma100" : null,
    "dma200" : 531.05,
    "volume" : 1589463.00
  }, {
    "date" : "2025-04-07",
    "price" : 499.00,
    "dma50" : 498.48,
    "dma100" : null,
    "dma200" : 530.73,
    "volume" : 1200861.00
  }, {
    "date" : "2025-04-08",
    "price" : 506.43,
    "dma50" : 498.80,
    "dma100" : null,
    "dma200" : 530.49,
    "volume" : 864310.00
  }, {
    "date" : "2025-04-09",
    "price" : 518.55,
    "dma50" : 499.57,
    "dma100" : null,
    "dma200" : 530.37,
    "volume" : 1922389.00
  }, {
    "date" : "2025-04-11",
    "price" : 518.52,
    "dma50" : 500.31,
    "dma100" : null,
    "dma200" : 530.26,
    "volume" : 982131.00
  }, {
    "date" : "2025-04-15",
    "price" : 528.61,
    "dma50" : 501.42,
    "dma100" : null,
    "dma200" : 530.24,
    "volume" : 1612382.00
  }, {
    "date" : "2025-04-16",
    "price" : 525.24,
    "dma50" : 502.36,
    "dma100" : null,
    "dma200" : 530.19,
    "volume" : 691280.00
  }, {
    "date" : "2025-04-17",
    "price" : 529.23,
    "dma50" : 503.41,
    "dma100" : null,
    "dma200" : 530.18,
    "volume" : 1195507.00
  }, {
    "date" : "2025-04-21",
    "price" : 533.40,
    "dma50" : 504.59,
    "dma100" : null,
    "dma200" : 530.21,
    "volume" : 793124.00
  }, {
    "date" : "2025-04-22",
    "price" : 547.60,
    "dma50" : 506.27,
    "dma100" : null,
    "dma200" : 530.38,
    "volume" : 8464828.00
  }, {
    "date" : "2025-04-23",
    "price" : 538.43,
    "dma50" : 507.53,
    "dma100" : null,
    "dma200" : 530.46,
    "volume" : 1034855.00
  }, {
    "date" : "2025-04-24",
    "price" : 533.92,
    "dma50" : 508.57,
    "dma100" : null,
    "dma200" : 530.50,
    "volume" : 1006066.00
  }, {
    "date" : "2025-04-25",
    "price" : 521.10,
    "dma50" : 509.06,
    "dma100" : null,
    "dma200" : 530.41,
    "volume" : 1172092.00
  }, {
    "date" : "2025-04-28",
    "price" : 525.17,
    "dma50" : 509.69,
    "dma100" : null,
    "dma200" : 530.35,
    "volume" : 1085006.00
  }, {
    "date" : "2025-04-29",
    "price" : 519.65,
    "dma50" : 510.08,
    "dma100" : null,
    "dma200" : 530.25,
    "volume" : 539071.00
  }, {
    "date" : "2025-04-30",
    "price" : 530.38,
    "dma50" : 510.88,
    "dma100" : null,
    "dma200" : 530.25,
    "volume" : 1818174.00
  }, {
    "date" : "2025-05-02",
    "price" : 538.19,
    "dma50" : 511.95,
    "dma100" : null,
    "dma200" : 530.33,
    "volume" : 2281998.00
  }, {
    "date" : "2025-05-05",
    "price" : 546.77,
    "dma50" : 513.32,
    "dma100" : 528.38,
    "dma200" : 530.49,
    "volume" : 906183.00
  }, {
    "date" : "2025-05-06",
    "price" : 532.08,
    "dma50" : 514.05,
    "dma100" : 528.06,
    "dma200" : 530.51,
    "volume" : 791831.00
  }, {
    "date" : "2025-05-07",
    "price" : 546.73,
    "dma50" : 515.33,
    "dma100" : 527.93,
    "dma200" : 530.67,
    "volume" : 1515963.00
  }, {
    "date" : "2025-05-08",
    "price" : 534.93,
    "dma50" : 516.10,
    "dma100" : 527.03,
    "dma200" : 530.71,
    "volume" : 986833.00
  }, {
    "date" : "2025-05-09",
    "price" : 505.69,
    "dma50" : 515.69,
    "dma100" : 525.62,
    "dma200" : 530.46,
    "volume" : 1470299.00
  }, {
    "date" : "2025-05-12",
    "price" : 546.14,
    "dma50" : 516.89,
    "dma100" : 524.80,
    "dma200" : 530.62,
    "volume" : 2271195.00
  }, {
    "date" : "2025-05-13",
    "price" : 543.22,
    "dma50" : 517.92,
    "dma100" : 523.95,
    "dma200" : 530.74,
    "volume" : 2452011.00
  }, {
    "date" : "2025-05-14",
    "price" : 551.20,
    "dma50" : 519.22,
    "dma100" : 523.26,
    "dma200" : 530.95,
    "volume" : 440060.00
  }, {
    "date" : "2025-05-15",
    "price" : 578.70,
    "dma50" : 521.56,
    "dma100" : 523.01,
    "dma200" : 531.42,
    "volume" : 415632.00
  }, {
    "date" : "2025-05-16",
    "price" : 607.60,
    "dma50" : 524.93,
    "dma100" : 523.09,
    "dma200" : 532.18,
    "volume" : 115632.00
  }, {
    "date" : "2025-05-19",
    "price" : 637.90,
    "dma50" : 529.36,
    "dma100" : 523.57,
    "dma200" : 533.23,
    "volume" : 374407.00
  }, {
    "date" : "2025-05-20",
    "price" : 669.70,
    "dma50" : 534.87,
    "dma100" : 524.26,
    "dma200" : 534.59,
    "volume" : 1389190.00
  }, {
    "date" : "2025-05-21",
    "price" : 689.20,
    "dma50" : 540.92,
    "dma100" : 524.97,
    "dma200" : 536.13,
    "volume" : 669814.00
  }, {
    "date" : "2025-05-22",
    "price" : 664.30,
    "dma50" : 545.76,
    "dma100" : 525.43,
    "dma200" : 537.40,
    "volume" : 301625.00
  }, {
    "date" : "2025-05-23",
    "price" : 634.70,
    "dma50" : 549.24,
    "dma100" : 525.73,
    "dma200" : 538.37,
    "volume" : 297553.00
  }, {
    "date" : "2025-05-26",
    "price" : 627.40,
    "dma50" : 552.31,
    "dma100" : 526.00,
    "dma200" : 539.26,
    "volume" : 147193.00
  }, {
    "date" : "2025-05-27",
    "price" : 633.70,
    "dma50" : 555.50,
    "dma100" : 526.50,
    "dma200" : 540.20,
    "volume" : 109481.00
  }, {
    "date" : "2025-05-28",
    "price" : 619.20,
    "dma50" : 558.00,
    "dma100" : 526.87,
    "dma200" : 540.98,
    "volume" : 494367.00
  }, {
    "date" : "2025-05-29",
    "price" : 614.50,
    "dma50" : 560.21,
    "dma100" : 527.13,
    "dma200" : 541.71,
    "volume" : 231817.00
  }, {
    "date" : "2025-05-30",
    "price" : 629.90,
    "dma50" : 562.95,
    "dma100" : 527.26,
    "dma200" : 542.59,
    "volume" : 567191.00
  }, {
    "date" : "2025-06-02",
    "price" : 621.10,
    "dma50" : 565.23,
    "dma100" : 527.26,
    "dma200" : 543.37,
    "volume" : 250841.00
  }, {
    "date" : "2025-06-03",
    "price" : 610.45,
    "dma50" : 567.00,
    "dma100" : 527.46,
    "dma200" : 544.04,
    "volume" : 347697.00
  }, {
    "date" : "2025-06-04",
    "price" : 615.10,
    "dma50" : 568.89,
    "dma100" : 527.53,
    "dma200" : 544.75,
    "volume" : 329133.00
  }, {
    "date" : "2025-06-05",
    "price" : 617.75,
    "dma50" : 570.80,
    "dma100" : 527.81,
    "dma200" : 545.47,
    "volume" : 138688.00
  }, {
    "date" : "2025-06-06",
    "price" : 617.15,
    "dma50" : 572.62,
    "dma100" : 528.17,
    "dma200" : 546.19,
    "volume" : 194360.00
  }, {
    "date" : "2025-06-09",
    "price" : 619.80,
    "dma50" : 574.47,
    "dma100" : 528.81,
    "dma200" : 546.92,
    "volume" : 182529.00
  }, {
    "date" : "2025-06-10",
    "price" : 617.55,
    "dma50" : 576.16,
    "dma100" : 529.71,
    "dma200" : 547.62,
    "volume" : 227749.00
  }, {
    "date" : "2025-06-11",
    "price" : 607.95,
    "dma50" : 577.41,
    "dma100" : 530.51,
    "dma200" : 548.22,
    "volume" : 279455.00
  }, {
    "date" : "2025-06-12",
    "price" : 603.20,
    "dma50" : 578.42,
    "dma100" : 531.01,
    "dma200" : 548.77,
    "volume" : 364506.00
  }, {
    "date" : "2025-06-13",
    "price" : 591.45,
    "dma50" : 578.93,
    "dma100" : 531.41,
    "dma200" : 549.19,
    "volume" : 242254.00
  }, {
    "date" : "2025-06-16",
    "price" : 592.95,
    "dma50" : 579.48,
    "dma100" : 531.79,
    "dma200" : 549.63,
    "volume" : 236295.00
  }, {
    "date" : "2025-06-17",
    "price" : 592.65,
    "dma50" : 580.00,
    "dma100" : 532.14,
    "dma200" : 550.06,
    "volume" : 187524.00
  }, {
    "date" : "2025-06-18",
    "price" : 601.90,
    "dma50" : 580.86,
    "dma100" : 532.67,
    "dma200" : 550.57,
    "volume" : 547846.00
  }, {
    "date" : "2025-06-19",
    "price" : 586.15,
    "dma50" : 581.06,
    "dma100" : 533.25,
    "dma200" : 550.93,
    "volume" : 310698.00
  }, {
    "date" : "2025-06-20",
    "price" : 587.50,
    "dma50" : 581.32,
    "dma100" : 533.96,
    "dma200" : 551.29,
    "volume" : 277838.00
  }, {
    "date" : "2025-06-23",
    "price" : 601.10,
    "dma50" : 582.09,
    "dma100" : 534.62,
    "dma200" : 551.79,
    "volume" : 684761.00
  }, {
    "date" : "2025-06-24",
    "price" : 599.50,
    "dma50" : 582.77,
    "dma100" : 535.49,
    "dma200" : 552.26,
    "volume" : 289403.00
  }, {
    "date" : "2025-06-25",
    "price" : 600.45,
    "dma50" : 583.47,
    "dma100" : 536.42,
    "dma200" : 552.74,
    "volume" : 211480.00
  }, {
    "date" : "2025-06-26",
    "price" : 598.95,
    "dma50" : 584.07,
    "dma100" : 537.18,
    "dma200" : 553.20,
    "volume" : 255804.00
  }, {
    "date" : "2025-06-27",
    "price" : 624.35,
    "dma50" : 585.65,
    "dma100" : 538.16,
    "dma200" : 553.91,
    "volume" : 1358449.00
  }, {
    "date" : "2025-06-30",
    "price" : 709.40,
    "dma50" : 590.51,
    "dma100" : 540.01,
    "dma200" : 555.46,
    "volume" : 19172264.00
  }, {
    "date" : "2025-07-01",
    "price" : 757.00,
    "dma50" : 597.04,
    "dma100" : 542.30,
    "dma200" : 557.46,
    "volume" : 28007061.00
  }, {
    "date" : "2025-07-02",
    "price" : 758.00,
    "dma50" : 603.35,
    "dma100" : 544.68,
    "dma200" : 559.46,
    "volume" : 12640854.00
  }, {
    "date" : "2025-07-03",
    "price" : 724.45,
    "dma50" : 608.10,
    "dma100" : 546.76,
    "dma200" : 561.10,
    "volume" : 3886988.00
  }, {
    "date" : "2025-07-04",
    "price" : 712.90,
    "dma50" : 612.21,
    "dma100" : 548.65,
    "dma200" : 562.61,
    "volume" : 1947328.00
  }, {
    "date" : "2025-07-07",
    "price" : 703.00,
    "dma50" : 615.77,
    "dma100" : 550.39,
    "dma200" : 564.01,
    "volume" : 659864.00
  }, {
    "date" : "2025-07-08",
    "price" : 707.40,
    "dma50" : 619.36,
    "dma100" : 552.16,
    "dma200" : 565.43,
    "volume" : 1834142.00
  }, {
    "date" : "2025-07-09",
    "price" : 697.90,
    "dma50" : 622.44,
    "dma100" : 553.95,
    "dma200" : 566.75,
    "volume" : 727510.00
  }, {
    "date" : "2025-07-10",
    "price" : 693.40,
    "dma50" : 625.22,
    "dma100" : 555.87,
    "dma200" : 568.01,
    "volume" : 404089.00
  }, {
    "date" : "2025-07-11",
    "price" : 697.70,
    "dma50" : 628.07,
    "dma100" : 557.93,
    "dma200" : 569.30,
    "volume" : 621756.00
  }, {
    "date" : "2025-07-14",
    "price" : 686.70,
    "dma50" : 630.37,
    "dma100" : 559.88,
    "dma200" : 570.47,
    "volume" : 469296.00
  }, {
    "date" : "2025-07-15",
    "price" : 696.55,
    "dma50" : 632.96,
    "dma100" : 562.04,
    "dma200" : 571.72,
    "volume" : 460733.00
  }, {
    "date" : "2025-07-16",
    "price" : 708.40,
    "dma50" : 635.92,
    "dma100" : 564.39,
    "dma200" : 573.08,
    "volume" : 1499368.00
  }, {
    "date" : "2025-07-17",
    "price" : 696.70,
    "dma50" : 638.30,
    "dma100" : 566.69,
    "dma200" : 574.31,
    "volume" : 436180.00
  }, {
    "date" : "2025-07-18",
    "price" : 718.80,
    "dma50" : 641.46,
    "dma100" : 569.02,
    "dma200" : 575.75,
    "volume" : 1246552.00
  }, {
    "date" : "2025-07-21",
    "price" : 738.50,
    "dma50" : 645.26,
    "dma100" : 571.55,
    "dma200" : 577.37,
    "volume" : 4077744.00
  }, {
    "date" : "2025-07-22",
    "price" : 722.10,
    "dma50" : 648.28,
    "dma100" : 573.97,
    "dma200" : 578.81,
    "volume" : 639891.00
  }, {
    "date" : "2025-07-23",
    "price" : 712.50,
    "dma50" : 650.80,
    "dma100" : 576.26,
    "dma200" : 580.14,
    "volume" : 640856.00
  }, {
    "date" : "2025-07-24",
    "price" : 719.50,
    "dma50" : 653.49,
    "dma100" : 578.60,
    "dma200" : 581.53,
    "volume" : 696797.00
  }, {
    "date" : "2025-07-25",
    "price" : 703.10,
    "dma50" : 655.44,
    "dma100" : 580.91,
    "dma200" : 582.74,
    "volume" : 452759.00
  }, {
    "date" : "2025-07-28",
    "price" : 686.10,
    "dma50" : 656.64,
    "dma100" : 583.28,
    "dma200" : 583.77,
    "volume" : 421901.00
  }, {
    "date" : "2025-07-29",
    "price" : 687.95,
    "dma50" : 657.87,
    "dma100" : 585.78,
    "dma200" : 584.80,
    "volume" : 406842.00
  }, {
    "date" : "2025-07-30",
    "price" : 683.60,
    "dma50" : 658.88,
    "dma100" : 588.17,
    "dma200" : 585.79,
    "volume" : 313130.00
  }, {
    "date" : "2025-07-31",
    "price" : 668.60,
    "dma50" : 659.26,
    "dma100" : 590.30,
    "dma200" : 586.61,
    "volume" : 356268.00
  }, {
    "date" : "2025-08-01",
    "price" : 656.95,
    "dma50" : 659.17,
    "dma100" : 592.16,
    "dma200" : 587.31,
    "volume" : 270904.00
  }, {
    "date" : "2025-08-04",
    "price" : 639.30,
    "dma50" : 658.39,
    "dma100" : 593.93,
    "dma200" : 587.83,
    "volume" : 402559.00
  }, {
    "date" : "2025-08-05",
    "price" : 630.80,
    "dma50" : 657.31,
    "dma100" : 595.79,
    "dma200" : 588.26,
    "volume" : 457104.00
  }, {
    "date" : "2025-08-06",
    "price" : 643.25,
    "dma50" : 656.75,
    "dma100" : 597.84,
    "dma200" : 588.80,
    "volume" : 1122421.00
  }, {
    "date" : "2025-08-07",
    "price" : 632.10,
    "dma50" : 655.79,
    "dma100" : 599.82,
    "dma200" : 589.23,
    "volume" : 497721.00
  }, {
    "date" : "2025-08-08",
    "price" : 618.85,
    "dma50" : 654.34,
    "dma100" : 601.75,
    "dma200" : 589.53,
    "volume" : 263086.00
  }, {
    "date" : "2025-08-11",
    "price" : 611.90,
    "dma50" : 652.67,
    "dma100" : 603.60,
    "dma200" : 589.75,
    "volume" : 423172.00
  }, {
    "date" : "2025-08-12",
    "price" : 614.35,
    "dma50" : 651.17,
    "dma100" : 604.78,
    "dma200" : 590.00,
    "volume" : 287112.00
  }, {
    "date" : "2025-08-13",
    "price" : 609.85,
    "dma50" : 649.55,
    "dma100" : 605.96,
    "dma200" : 590.19,
    "volume" : 180031.00
  }, {
    "date" : "2025-08-14",
    "price" : 611.95,
    "dma50" : 648.08,
    "dma100" : 607.18,
    "dma200" : 590.41,
    "volume" : 317744.00
  }, {
    "date" : "2025-08-18",
    "price" : 612.30,
    "dma50" : 646.67,
    "dma100" : 608.16,
    "dma200" : 590.63,
    "volume" : 276572.00
  }, {
    "date" : "2025-08-19",
    "price" : 654.75,
    "dma50" : 646.99,
    "dma100" : 609.50,
    "dma200" : 591.27,
    "volume" : 2275780.00
  }, {
    "date" : "2025-08-20",
    "price" : 652.15,
    "dma50" : 647.19,
    "dma100" : 610.99,
    "dma200" : 591.87,
    "volume" : 1355036.00
  }, {
    "date" : "2025-08-21",
    "price" : 633.00,
    "dma50" : 646.64,
    "dma100" : 612.36,
    "dma200" : 592.28,
    "volume" : 544340.00
  }, {
    "date" : "2025-08-22",
    "price" : 621.15,
    "dma50" : 645.64,
    "dma100" : 613.58,
    "dma200" : 592.57,
    "volume" : 425908.00
  }, {
    "date" : "2025-08-25",
    "price" : 628.00,
    "dma50" : 644.95,
    "dma100" : 614.99,
    "dma200" : 592.92,
    "volume" : 299185.00
  }, {
    "date" : "2025-08-26",
    "price" : 618.80,
    "dma50" : 643.92,
    "dma100" : 616.41,
    "dma200" : 593.18,
    "volume" : 236112.00
  }, {
    "date" : "2025-08-28",
    "price" : 606.05,
    "dma50" : 642.43,
    "dma100" : 617.56,
    "dma200" : 593.31,
    "volume" : 295008.00
  }, {
    "date" : "2025-08-29",
    "price" : 599.60,
    "dma50" : 640.75,
    "dma100" : 618.35,
    "dma200" : 593.37,
    "volume" : 244780.00
  }, {
    "date" : "2025-09-01",
    "price" : 603.15,
    "dma50" : 639.28,
    "dma100" : 619.22,
    "dma200" : 593.47,
    "volume" : 408037.00
  }, {
    "date" : "2025-09-02",
    "price" : 610.00,
    "dma50" : 638.13,
    "dma100" : 620.33,
    "dma200" : 593.63,
    "volume" : 317725.00
  }, {
    "date" : "2025-09-03",
    "price" : 615.05,
    "dma50" : 637.23,
    "dma100" : 621.42,
    "dma200" : 593.84,
    "volume" : 313545.00
  }, {
    "date" : "2025-09-04",
    "price" : 610.70,
    "dma50" : 636.19,
    "dma100" : 622.34,
    "dma200" : 594.01,
    "volume" : 369753.00
  }, {
    "date" : "2025-09-05",
    "price" : 611.70,
    "dma50" : 635.23,
    "dma100" : 623.27,
    "dma200" : 594.19,
    "volume" : 179528.00
  }, {
    "date" : "2025-09-08",
    "price" : 607.65,
    "dma50" : 634.14,
    "dma100" : 624.06,
    "dma200" : 594.32,
    "volume" : 152123.00
  }, {
    "date" : "2025-09-09",
    "price" : 611.80,
    "dma50" : 633.27,
    "dma100" : 624.93,
    "dma200" : 594.49,
    "volume" : 236454.00
  }, {
    "date" : "2025-09-10",
    "price" : 622.95,
    "dma50" : 632.86,
    "dma100" : 625.87,
    "dma200" : 594.78,
    "volume" : 464683.00
  }, {
    "date" : "2025-09-11",
    "price" : 618.90,
    "dma50" : 632.32,
    "dma100" : 626.72,
    "dma200" : 595.02,
    "volume" : 130854.00
  }, {
    "date" : "2025-09-12",
    "price" : 614.65,
    "dma50" : 631.62,
    "dma100" : 627.39,
    "dma200" : 595.21,
    "volume" : 190388.00
  }, {
    "date" : "2025-09-15",
    "price" : 622.25,
    "dma50" : 631.26,
    "dma100" : 628.23,
    "dma200" : 595.48,
    "volume" : 309044.00
  }, {
    "date" : "2025-09-16",
    "price" : 628.30,
    "dma50" : 631.14,
    "dma100" : 629.17,
    "dma200" : 595.81,
    "volume" : 255342.00
  }, {
    "date" : "2025-09-17",
    "price" : 622.60,
    "dma50" : 630.81,
    "dma100" : 630.19,
    "dma200" : 596.08,
    "volume" : 265741.00
  }, {
    "date" : "2025-09-18",
    "price" : 624.75,
    "dma50" : 630.57,
    "dma100" : 631.19,
    "dma200" : 596.36,
    "volume" : 150982.00
  }, {
    "date" : "2025-09-19",
    "price" : 620.55,
    "dma50" : 630.17,
    "dma100" : 632.19,
    "dma200" : 596.60,
    "volume" : 203644.00
  }, {
    "date" : "2025-09-22",
    "price" : 618.60,
    "dma50" : 629.72,
    "dma100" : 633.08,
    "dma200" : 596.82,
    "volume" : 231129.00
  }, {
    "date" : "2025-09-23",
    "price" : 624.70,
    "dma50" : 629.52,
    "dma100" : 633.94,
    "dma200" : 597.10,
    "volume" : 487630.00
  }, {
    "date" : "2025-09-24",
    "price" : 618.90,
    "dma50" : 629.11,
    "dma100" : 634.66,
    "dma200" : 597.31,
    "volume" : 173406.00
  }, {
    "date" : "2025-09-25",
    "price" : 616.40,
    "dma50" : 628.61,
    "dma100" : 635.51,
    "dma200" : 597.50,
    "volume" : 115053.00
  }, {
    "date" : "2025-09-26",
    "price" : 607.15,
    "dma50" : 627.77,
    "dma100" : 636.11,
    "dma200" : 597.60,
    "volume" : 199178.00
  }, {
    "date" : "2025-09-29",
    "price" : 575.25,
    "dma50" : 625.71,
    "dma100" : 636.51,
    "dma200" : 597.38,
    "volume" : 801748.00
  }, {
    "date" : "2025-09-30",
    "price" : 573.75,
    "dma50" : 623.67,
    "dma100" : 637.19,
    "dma200" : 597.14,
    "volume" : 316756.00
  }, {
    "date" : "2025-10-01",
    "price" : 582.55,
    "dma50" : 622.06,
    "dma100" : 637.56,
    "dma200" : 597.00,
    "volume" : 174916.00
  }, {
    "date" : "2025-10-03",
    "price" : 588.30,
    "dma50" : 620.73,
    "dma100" : 638.01,
    "dma200" : 596.91,
    "volume" : 185510.00
  }, {
    "date" : "2025-10-06",
    "price" : 581.25,
    "dma50" : 619.19,
    "dma100" : 638.31,
    "dma200" : 596.76,
    "volume" : 162016.00
  }, {
    "date" : "2025-10-07",
    "price" : 583.20,
    "dma50" : 617.77,
    "dma100" : 638.35,
    "dma200" : 596.62,
    "volume" : 169685.00
  }, {
    "date" : "2025-10-08",
    "price" : 577.30,
    "dma50" : 616.19,
    "dma100" : 638.05,
    "dma200" : 596.43,
    "volume" : 167060.00
  }, {
    "date" : "2025-10-09",
    "price" : 577.45,
    "dma50" : 614.67,
    "dma100" : 637.45,
    "dma200" : 596.24,
    "volume" : 149898.00
  }, {
    "date" : "2025-10-10",
    "price" : 579.55,
    "dma50" : 613.29,
    "dma100" : 636.55,
    "dma200" : 596.07,
    "volume" : 179829.00
  }, {
    "date" : "2025-10-13",
    "price" : 573.30,
    "dma50" : 611.72,
    "dma100" : 635.39,
    "dma200" : 595.85,
    "volume" : 136858.00
  }, {
    "date" : "2025-10-14",
    "price" : 570.15,
    "dma50" : 610.09,
    "dma100" : 634.45,
    "dma200" : 595.59,
    "volume" : 172483.00
  }, {
    "date" : "2025-10-15",
    "price" : 578.90,
    "dma50" : 608.87,
    "dma100" : 633.89,
    "dma200" : 595.43,
    "volume" : 136515.00
  }, {
    "date" : "2025-10-16",
    "price" : 585.25,
    "dma50" : 607.94,
    "dma100" : 633.47,
    "dma200" : 595.32,
    "volume" : 226229.00
  }, {
    "date" : "2025-10-17",
    "price" : 576.45,
    "dma50" : 606.71,
    "dma100" : 632.89,
    "dma200" : 595.14,
    "volume" : 204396.00
  }, {
    "date" : "2025-10-20",
    "price" : 573.20,
    "dma50" : 605.39,
    "dma100" : 632.43,
    "dma200" : 594.92,
    "volume" : 160007.00
  }, {
    "date" : "2025-10-21",
    "price" : 581.85,
    "dma50" : 604.47,
    "dma100" : 632.11,
    "dma200" : 594.79,
    "volume" : 77636.00
  }, {
    "date" : "2025-10-23",
    "price" : 578.90,
    "dma50" : 603.47,
    "dma100" : 631.60,
    "dma200" : 594.63,
    "volume" : 278293.00
  }, {
    "date" : "2025-10-24",
    "price" : 576.25,
    "dma50" : 602.40,
    "dma100" : 631.15,
    "dma200" : 594.45,
    "volume" : 102660.00
  }, {
    "date" : "2025-10-27",
    "price" : 590.75,
    "dma50" : 601.94,
    "dma100" : 630.95,
    "dma200" : 594.41,
    "volume" : 385962.00
  }, {
    "date" : "2025-10-28",
    "price" : 576.15,
    "dma50" : 600.93,
    "dma100" : 630.56,
    "dma200" : 594.23,
    "volume" : 379560.00
  }, {
    "date" : "2025-10-29",
    "price" : 587.05,
    "dma50" : 600.39,
    "dma100" : 630.25,
    "dma200" : 594.16,
    "volume" : 340227.00
  }, {
    "date" : "2025-10-30",
    "price" : 580.90,
    "dma50" : 599.62,
    "dma100" : 629.89,
    "dma200" : 594.03,
    "volume" : 124734.00
  }, {
    "date" : "2025-10-31",
    "price" : 574.05,
    "dma50" : 598.62,
    "dma100" : 629.43,
    "dma200" : 593.83,
    "volume" : 194528.00
  }, {
    "date" : "2025-11-03",
    "price" : 575.40,
    "dma50" : 597.71,
    "dma100" : 629.01,
    "dma200" : 593.64,
    "volume" : 174091.00
  }, {
    "date" : "2025-11-04",
    "price" : 571.50,
    "dma50" : 596.68,
    "dma100" : 628.65,
    "dma200" : 593.42,
    "volume" : 137777.00
  }, {
    "date" : "2025-11-06",
    "price" : 563.45,
    "dma50" : 595.38,
    "dma100" : 628.25,
    "dma200" : 593.12,
    "volume" : 146243.00
  }, {
    "date" : "2025-11-07",
    "price" : 557.05,
    "dma50" : 593.88,
    "dma100" : 627.91,
    "dma200" : 592.77,
    "volume" : 190526.00
  }, {
    "date" : "2025-11-10",
    "price" : 551.25,
    "dma50" : 592.20,
    "dma100" : 627.49,
    "dma200" : 592.35,
    "volume" : 155709.00
  }, {
    "date" : "2025-11-11",
    "price" : 545.65,
    "dma50" : 590.38,
    "dma100" : 627.02,
    "dma200" : 591.89,
    "volume" : 270376.00
  }, {
    "date" : "2025-11-12",
    "price" : 537.65,
    "dma50" : 588.31,
    "dma100" : 626.38,
    "dma200" : 591.35,
    "volume" : 221963.00
  }, {
    "date" : "2025-11-13",
    "price" : 531.65,
    "dma50" : 586.09,
    "dma100" : 625.83,
    "dma200" : 590.75,
    "volume" : 244573.00
  }, {
    "date" : "2025-11-14",
    "price" : 522.35,
    "dma50" : 583.59,
    "dma100" : 625.18,
    "dma200" : 590.07,
    "volume" : 356835.00
  }, {
    "date" : "2025-11-17",
    "price" : 514.30,
    "dma50" : 580.87,
    "dma100" : 624.31,
    "dma200" : 589.32,
    "volume" : 317493.00
  }, {
    "date" : "2025-11-18",
    "price" : 500.90,
    "dma50" : 577.74,
    "dma100" : 623.33,
    "dma200" : 588.44,
    "volume" : 449649.00
  }, {
    "date" : "2025-11-19",
    "price" : 507.35,
    "dma50" : 574.98,
    "dma100" : 622.40,
    "dma200" : 587.63,
    "volume" : 452874.00
  }, {
    "date" : "2025-11-20",
    "price" : 509.10,
    "dma50" : 572.39,
    "dma100" : 621.50,
    "dma200" : 586.85,
    "volume" : 305135.00
  }, {
    "date" : "2025-11-21",
    "price" : 496.00,
    "dma50" : 569.40,
    "dma100" : 620.21,
    "dma200" : 585.95,
    "volume" : 283082.00
  }, {
    "date" : "2025-11-24",
    "price" : 466.85,
    "dma50" : 565.38,
    "dma100" : 617.79,
    "dma200" : 584.76,
    "volume" : 1601447.00
  }, {
    "date" : "2025-11-25",
    "price" : 487.00,
    "dma50" : 562.30,
    "dma100" : 615.09,
    "dma200" : 583.79,
    "volume" : 738726.00
  }, {
    "date" : "2025-11-26",
    "price" : 490.35,
    "dma50" : 559.48,
    "dma100" : 612.41,
    "dma200" : 582.86,
    "volume" : 394223.00
  }, {
    "date" : "2025-11-27",
    "price" : 485.70,
    "dma50" : 556.59,
    "dma100" : 610.03,
    "dma200" : 581.89,
    "volume" : 330442.00
  }, {
    "date" : "2025-11-28",
    "price" : 482.75,
    "dma50" : 553.69,
    "dma100" : 607.72,
    "dma200" : 580.91,
    "volume" : 151208.00
  }, {
    "date" : "2025-12-01",
    "price" : 478.25,
    "dma50" : 550.73,
    "dma100" : 605.48,
    "dma200" : 579.89,
    "volume" : 221760.00
  }, {
    "date" : "2025-12-02",
    "price" : 476.00,
    "dma50" : 547.80,
    "dma100" : 603.16,
    "dma200" : 578.85,
    "volume" : 141018.00
  }, {
    "date" : "2025-12-03",
    "price" : 468.00,
    "dma50" : 544.67,
    "dma100" : 600.86,
    "dma200" : 577.75,
    "volume" : 174979.00
  }, {
    "date" : "2025-12-04",
    "price" : 466.45,
    "dma50" : 541.60,
    "dma100" : 598.59,
    "dma200" : 576.64,
    "volume" : 150825.00
  } ],
  "latestTechnicalAttributes" : {
    "date" : "2025-12-04",
    "price" : 466.45,
    "dma50" : 541.60,
    "dma100" : 598.59,
    "dma200" : 576.64,
    "volume" : 150825.00
  },
  "quarterlyResults" : [ {
    "date" : "2005-03-31",
    "sales" : 318.71,
    "salesGrowthYoY" : null,
    "grossProfitMargin" : 61.08,
    "grossProfit" : 194.67,
    "operatingProfitMargin" : 13.18,
    "operatingProfit" : 42.01,
    "netProfitMargin" : 14.06,
    "netProfit" : 44.81
  }, {
    "date" : "2005-06-30",
    "sales" : 245.49,
    "salesGrowthYoY" : null,
    "grossProfitMargin" : 68.99,
    "grossProfit" : 169.36,
    "operatingProfitMargin" : 12.96,
    "operatingProfit" : 31.82,
    "netProfitMargin" : 9.07,
    "netProfit" : 22.27
  }, {
    "date" : "2005-09-30",
    "sales" : 349.66,
    "salesGrowthYoY" : null,
    "grossProfitMargin" : 60.10,
    "grossProfit" : 210.15,
    "operatingProfitMargin" : 15.84,
    "operatingProfit" : 55.39,
    "netProfitMargin" : 11.26,
    "netProfit" : 39.37
  }, {
    "date" : "2005-12-31",
    "sales" : 345.34,
    "salesGrowthYoY" : null,
    "grossProfitMargin" : 65.09,
    "grossProfit" : 224.78,
    "operatingProfitMargin" : 17.17,
    "operatingProfit" : 59.29,
    "netProfitMargin" : 9.33,
    "netProfit" : 32.22
  }, {
    "date" : "2006-03-31",
    "sales" : 384.25,
    "salesGrowthYoY" : 20.56,
    "grossProfitMargin" : 61.66,
    "grossProfit" : 236.93,
    "operatingProfitMargin" : 13.60,
    "operatingProfit" : 52.26,
    "netProfitMargin" : 9.03,
    "netProfit" : 34.70
  }, {
    "date" : "2006-06-30",
    "sales" : 280.59,
    "salesGrowthYoY" : 14.30,
    "grossProfitMargin" : 68.83,
    "grossProfit" : 193.13,
    "operatingProfitMargin" : 8.57,
    "operatingProfit" : 24.05,
    "netProfitMargin" : 4.49,
    "netProfit" : 12.60
  }, {
    "date" : "2006-09-30",
    "sales" : 358.62,
    "salesGrowthYoY" : 2.56,
    "grossProfitMargin" : 62.53,
    "grossProfit" : 224.25,
    "operatingProfitMargin" : 17.87,
    "operatingProfit" : 64.09,
    "netProfitMargin" : 15.62,
    "netProfit" : 56.02
  }, {
    "date" : "2006-12-31",
    "sales" : 297.25,
    "salesGrowthYoY" : -13.93,
    "grossProfitMargin" : 70.47,
    "grossProfit" : 209.47,
    "operatingProfitMargin" : 14.91,
    "operatingProfit" : 44.32,
    "netProfitMargin" : 12.98,
    "netProfit" : 38.58
  }, {
    "date" : "2007-03-31",
    "sales" : 347.73,
    "salesGrowthYoY" : -9.50,
    "grossProfitMargin" : 63.67,
    "grossProfit" : 221.40,
    "operatingProfitMargin" : 11.78,
    "operatingProfit" : 40.96,
    "netProfitMargin" : 3.41,
    "netProfit" : 11.86
  }, {
    "date" : "2007-06-30",
    "sales" : 209.13,
    "salesGrowthYoY" : -25.47,
    "grossProfitMargin" : 79.78,
    "grossProfit" : 166.84,
    "operatingProfitMargin" : 2.62,
    "operatingProfit" : 5.48,
    "netProfitMargin" : 3.56,
    "netProfit" : 7.45
  }, {
    "date" : "2007-09-30",
    "sales" : 345.54,
    "salesGrowthYoY" : -3.65,
    "grossProfitMargin" : 65.32,
    "grossProfit" : 225.71,
    "operatingProfitMargin" : 10.38,
    "operatingProfit" : 35.87,
    "netProfitMargin" : 9.06,
    "netProfit" : 31.31
  }, {
    "date" : "2007-12-31",
    "sales" : 332.06,
    "salesGrowthYoY" : 11.71,
    "grossProfitMargin" : 70.71,
    "grossProfit" : 234.80,
    "operatingProfitMargin" : 6.03,
    "operatingProfit" : 20.02,
    "netProfitMargin" : 2.97,
    "netProfit" : 9.86
  }, {
    "date" : "2008-03-31",
    "sales" : 442.34,
    "salesGrowthYoY" : 27.21,
    "grossProfitMargin" : 61.29,
    "grossProfit" : 271.11,
    "operatingProfitMargin" : 11.33,
    "operatingProfit" : 50.12,
    "netProfitMargin" : 6.27,
    "netProfit" : 27.73
  }, {
    "date" : "2008-06-30",
    "sales" : 239.37,
    "salesGrowthYoY" : 14.46,
    "grossProfitMargin" : 82.78,
    "grossProfit" : 198.15,
    "operatingProfitMargin" : -11.77,
    "operatingProfit" : -28.17,
    "netProfitMargin" : -17.22,
    "netProfit" : -41.22
  }, {
    "date" : "2008-09-30",
    "sales" : 439.12,
    "salesGrowthYoY" : 27.08,
    "grossProfitMargin" : 66.59,
    "grossProfit" : 292.41,
    "operatingProfitMargin" : 12.68,
    "operatingProfit" : 55.68,
    "netProfitMargin" : 5.75,
    "netProfit" : 25.25
  }, {
    "date" : "2008-12-31",
    "sales" : 357.88,
    "salesGrowthYoY" : 7.78,
    "grossProfitMargin" : 76.08,
    "grossProfit" : 272.28,
    "operatingProfitMargin" : 7.20,
    "operatingProfit" : 25.77,
    "netProfitMargin" : -3.97,
    "netProfit" : -14.21
  }, {
    "date" : "2009-03-31",
    "sales" : 362.94,
    "salesGrowthYoY" : -17.95,
    "grossProfitMargin" : 61.34,
    "grossProfit" : 222.63,
    "operatingProfitMargin" : -0.97,
    "operatingProfit" : -3.52,
    "netProfitMargin" : -0.77,
    "netProfit" : -2.79
  }, {
    "date" : "2009-06-30",
    "sales" : 239.94,
    "salesGrowthYoY" : 0.24,
    "grossProfitMargin" : 75.97,
    "grossProfit" : 182.28,
    "operatingProfitMargin" : -2.59,
    "operatingProfit" : -6.21,
    "netProfitMargin" : -11.10,
    "netProfit" : -26.63
  }, {
    "date" : "2009-09-30",
    "sales" : 402.14,
    "salesGrowthYoY" : -8.42,
    "grossProfitMargin" : 67.47,
    "grossProfit" : 271.32,
    "operatingProfitMargin" : 15.18,
    "operatingProfit" : 61.04,
    "netProfitMargin" : 5.62,
    "netProfit" : 22.60
  }, {
    "date" : "2009-12-31",
    "sales" : 375.90,
    "salesGrowthYoY" : 5.04,
    "grossProfitMargin" : 62.54,
    "grossProfit" : 235.09,
    "operatingProfitMargin" : 15.29,
    "operatingProfit" : 57.48,
    "netProfitMargin" : 6.83,
    "netProfit" : 25.67
  }, {
    "date" : "2010-03-31",
    "sales" : 336.45,
    "salesGrowthYoY" : -7.30,
    "grossProfitMargin" : 65.10,
    "grossProfit" : 219.03,
    "operatingProfitMargin" : 13.29,
    "operatingProfit" : 44.71,
    "netProfitMargin" : 1.36,
    "netProfit" : 4.58
  }, {
    "date" : "2010-06-30",
    "sales" : 244.26,
    "salesGrowthYoY" : 1.80,
    "grossProfitMargin" : 80.58,
    "grossProfit" : 196.82,
    "operatingProfitMargin" : -0.40,
    "operatingProfit" : -0.98,
    "netProfitMargin" : -9.42,
    "netProfit" : -23.01
  }, {
    "date" : "2010-09-30",
    "sales" : 398.53,
    "salesGrowthYoY" : -0.90,
    "grossProfitMargin" : 70.88,
    "grossProfit" : 282.48,
    "operatingProfitMargin" : 20.44,
    "operatingProfit" : 81.46,
    "netProfitMargin" : 9.86,
    "netProfit" : 39.30
  }, {
    "date" : "2010-12-31",
    "sales" : 451.09,
    "salesGrowthYoY" : 20.00,
    "grossProfitMargin" : 73.91,
    "grossProfit" : 333.40,
    "operatingProfitMargin" : 21.96,
    "operatingProfit" : 99.06,
    "netProfitMargin" : 26.52,
    "netProfit" : 119.63
  }, {
    "date" : "2011-03-31",
    "sales" : 418.53,
    "salesGrowthYoY" : 24.40,
    "grossProfitMargin" : 71.49,
    "grossProfit" : 299.21,
    "operatingProfitMargin" : 15.72,
    "operatingProfit" : 65.79,
    "netProfitMargin" : 1.90,
    "netProfit" : 7.95
  }, {
    "date" : "2011-06-30",
    "sales" : 348.63,
    "salesGrowthYoY" : 42.73,
    "grossProfitMargin" : 71.67,
    "grossProfit" : 249.86,
    "operatingProfitMargin" : 5.97,
    "operatingProfit" : 20.81,
    "netProfitMargin" : -2.89,
    "netProfit" : -10.08
  }, {
    "date" : "2011-09-30",
    "sales" : 501.06,
    "salesGrowthYoY" : 25.73,
    "grossProfitMargin" : 68.28,
    "grossProfit" : 342.12,
    "operatingProfitMargin" : 16.51,
    "operatingProfit" : 82.73,
    "netProfitMargin" : 7.23,
    "netProfit" : 36.23
  }, {
    "date" : "2011-12-31",
    "sales" : 516.74,
    "salesGrowthYoY" : 14.55,
    "grossProfitMargin" : 69.82,
    "grossProfit" : 360.79,
    "operatingProfitMargin" : 17.95,
    "operatingProfit" : 92.75,
    "netProfitMargin" : 6.05,
    "netProfit" : 31.26
  }, {
    "date" : "2012-03-31",
    "sales" : 519.89,
    "salesGrowthYoY" : 24.22,
    "grossProfitMargin" : 62.17,
    "grossProfit" : 323.22,
    "operatingProfitMargin" : 11.66,
    "operatingProfit" : 60.62,
    "netProfitMargin" : 0.40,
    "netProfit" : 2.08
  }, {
    "date" : "2012-06-30",
    "sales" : 366.66,
    "salesGrowthYoY" : 5.17,
    "grossProfitMargin" : 64.93,
    "grossProfit" : 238.07,
    "operatingProfitMargin" : -5.47,
    "operatingProfit" : -20.06,
    "netProfitMargin" : -11.39,
    "netProfit" : -41.76
  }, {
    "date" : "2012-09-30",
    "sales" : 553.34,
    "salesGrowthYoY" : 10.43,
    "grossProfitMargin" : 64.91,
    "grossProfit" : 359.17,
    "operatingProfitMargin" : 14.69,
    "operatingProfit" : 81.29,
    "netProfitMargin" : 4.07,
    "netProfit" : 22.52
  }, {
    "date" : "2012-12-31",
    "sales" : 558.11,
    "salesGrowthYoY" : 8.01,
    "grossProfitMargin" : 66.02,
    "grossProfit" : 368.46,
    "operatingProfitMargin" : 10.58,
    "operatingProfit" : 59.05,
    "netProfitMargin" : 2.13,
    "netProfit" : 11.89
  }, {
    "date" : "2013-03-31",
    "sales" : 566.80,
    "salesGrowthYoY" : 9.02,
    "grossProfitMargin" : 62.28,
    "grossProfit" : 353.00,
    "operatingProfitMargin" : 11.33,
    "operatingProfit" : 64.22,
    "netProfitMargin" : -2.09,
    "netProfit" : -11.85
  }, {
    "date" : "2013-06-30",
    "sales" : 422.01,
    "salesGrowthYoY" : 15.10,
    "grossProfitMargin" : 63.38,
    "grossProfit" : 267.47,
    "operatingProfitMargin" : -0.48,
    "operatingProfit" : -2.03,
    "netProfitMargin" : -11.63,
    "netProfit" : -49.08
  }, {
    "date" : "2013-09-30",
    "sales" : 602.15,
    "salesGrowthYoY" : 8.82,
    "grossProfitMargin" : 65.24,
    "grossProfit" : 392.84,
    "operatingProfitMargin" : 18.63,
    "operatingProfit" : 112.18,
    "netProfitMargin" : 10.08,
    "netProfit" : 60.70
  }, {
    "date" : "2013-12-31",
    "sales" : 589.70,
    "salesGrowthYoY" : 5.66,
    "grossProfitMargin" : 64.69,
    "grossProfit" : 381.48,
    "operatingProfitMargin" : 13.26,
    "operatingProfit" : 78.19,
    "netProfitMargin" : 5.40,
    "netProfit" : 31.84
  }, {
    "date" : "2014-03-31",
    "sales" : 575.98,
    "salesGrowthYoY" : 1.62,
    "grossProfitMargin" : 60.94,
    "grossProfit" : 351.00,
    "operatingProfitMargin" : 10.02,
    "operatingProfit" : 57.71,
    "netProfitMargin" : 2.95,
    "netProfit" : 16.99
  }, {
    "date" : "2014-06-30",
    "sales" : 513.91,
    "salesGrowthYoY" : 21.78,
    "grossProfitMargin" : 56.82,
    "grossProfit" : 292.00,
    "operatingProfitMargin" : -0.32,
    "operatingProfit" : -1.64,
    "netProfitMargin" : -6.18,
    "netProfit" : -31.76
  }, {
    "date" : "2014-09-30",
    "sales" : 713.05,
    "salesGrowthYoY" : 18.42,
    "grossProfitMargin" : 57.43,
    "grossProfit" : 409.50,
    "operatingProfitMargin" : 12.57,
    "operatingProfit" : 89.63,
    "netProfitMargin" : 6.52,
    "netProfit" : 46.49
  }, {
    "date" : "2014-12-31",
    "sales" : 710.80,
    "salesGrowthYoY" : 20.54,
    "grossProfitMargin" : 58.02,
    "grossProfit" : 412.41,
    "operatingProfitMargin" : 12.38,
    "operatingProfit" : 88.00,
    "netProfitMargin" : 6.42,
    "netProfit" : 45.63
  }, {
    "date" : "2015-03-31",
    "sales" : 718.82,
    "salesGrowthYoY" : 24.80,
    "grossProfitMargin" : 56.45,
    "grossProfit" : 405.77,
    "operatingProfitMargin" : 8.67,
    "operatingProfit" : 62.32,
    "netProfitMargin" : 5.79,
    "netProfit" : 41.62
  }, {
    "date" : "2015-06-30",
    "sales" : 544.99,
    "salesGrowthYoY" : 6.05,
    "grossProfitMargin" : 60.19,
    "grossProfit" : 328.03,
    "operatingProfitMargin" : 2.47,
    "operatingProfit" : 13.46,
    "netProfitMargin" : -1.93,
    "netProfit" : -10.52
  }, {
    "date" : "2015-09-30",
    "sales" : 721.97,
    "salesGrowthYoY" : 1.25,
    "grossProfitMargin" : 56.37,
    "grossProfit" : 406.97,
    "operatingProfitMargin" : 7.72,
    "operatingProfit" : 55.74,
    "netProfitMargin" : 2.17,
    "netProfit" : 15.67
  }, {
    "date" : "2015-12-31",
    "sales" : 778.95,
    "salesGrowthYoY" : 9.59,
    "grossProfitMargin" : 58.02,
    "grossProfit" : 451.95,
    "operatingProfitMargin" : 7.06,
    "operatingProfit" : 54.99,
    "netProfitMargin" : 4.46,
    "netProfit" : 34.74
  }, {
    "date" : "2016-03-31",
    "sales" : 763.95,
    "salesGrowthYoY" : 6.28,
    "grossProfitMargin" : 57.91,
    "grossProfit" : 442.40,
    "operatingProfitMargin" : 12.40,
    "operatingProfit" : 94.73,
    "netProfitMargin" : 4.43,
    "netProfit" : 33.84
  }, {
    "date" : "2016-06-30",
    "sales" : 536.75,
    "salesGrowthYoY" : -1.51,
    "grossProfitMargin" : 57.96,
    "grossProfit" : 311.10,
    "operatingProfitMargin" : 0.77,
    "operatingProfit" : 4.13,
    "netProfitMargin" : -2.11,
    "netProfit" : -11.33
  }, {
    "date" : "2016-09-30",
    "sales" : 807.69,
    "salesGrowthYoY" : 11.87,
    "grossProfitMargin" : 53.06,
    "grossProfit" : 428.56,
    "operatingProfitMargin" : 5.85,
    "operatingProfit" : 47.25,
    "netProfitMargin" : 1.70,
    "netProfit" : 13.73
  }, {
    "date" : "2016-12-31",
    "sales" : 705.28,
    "salesGrowthYoY" : -9.46,
    "grossProfitMargin" : 58.90,
    "grossProfit" : 415.41,
    "operatingProfitMargin" : 3.81,
    "operatingProfit" : 26.87,
    "netProfitMargin" : -0.33,
    "netProfit" : -2.33
  }, {
    "date" : "2017-03-31",
    "sales" : 772.46,
    "salesGrowthYoY" : 1.11,
    "grossProfitMargin" : 55.71,
    "grossProfit" : 430.34,
    "operatingProfitMargin" : 10.52,
    "operatingProfit" : 81.26,
    "netProfitMargin" : 4.87,
    "netProfit" : 37.62
  }, {
    "date" : "2017-06-30",
    "sales" : 595.35,
    "salesGrowthYoY" : 10.92,
    "grossProfitMargin" : 56.27,
    "grossProfit" : 335.00,
    "operatingProfitMargin" : 0.21,
    "operatingProfit" : 1.25,
    "netProfitMargin" : -1.12,
    "netProfit" : -6.67
  }, {
    "date" : "2017-09-30",
    "sales" : 793.58,
    "salesGrowthYoY" : -1.75,
    "grossProfitMargin" : 53.62,
    "grossProfit" : 425.52,
    "operatingProfitMargin" : 8.47,
    "operatingProfit" : 67.22,
    "netProfitMargin" : 3.24,
    "netProfit" : 25.71
  }, {
    "date" : "2017-12-31",
    "sales" : 789.57,
    "salesGrowthYoY" : 11.95,
    "grossProfitMargin" : 58.14,
    "grossProfit" : 459.06,
    "operatingProfitMargin" : 8.12,
    "operatingProfit" : 64.11,
    "netProfitMargin" : 2.62,
    "netProfit" : 20.69
  }, {
    "date" : "2018-03-31",
    "sales" : 833.06,
    "salesGrowthYoY" : 7.85,
    "grossProfitMargin" : 54.45,
    "grossProfit" : 453.60,
    "operatingProfitMargin" : 9.22,
    "operatingProfit" : 76.81,
    "netProfitMargin" : 2.68,
    "netProfit" : 22.33
  }, {
    "date" : "2018-06-30",
    "sales" : 608.61,
    "salesGrowthYoY" : 2.23,
    "grossProfitMargin" : 54.28,
    "grossProfit" : 330.35,
    "operatingProfitMargin" : 0.42,
    "operatingProfit" : 2.56,
    "netProfitMargin" : -1.86,
    "netProfit" : -11.32
  }, {
    "date" : "2018-09-30",
    "sales" : 908.94,
    "salesGrowthYoY" : 14.54,
    "grossProfitMargin" : 53.31,
    "grossProfit" : 484.56,
    "operatingProfitMargin" : 8.92,
    "operatingProfit" : 81.08,
    "netProfitMargin" : 3.70,
    "netProfit" : 33.63
  }, {
    "date" : "2018-12-31",
    "sales" : 880.17,
    "salesGrowthYoY" : 11.47,
    "grossProfitMargin" : 55.22,
    "grossProfit" : 486.03,
    "operatingProfitMargin" : 9.27,
    "operatingProfit" : 81.59,
    "netProfitMargin" : 3.12,
    "netProfit" : 27.46
  }, {
    "date" : "2019-03-31",
    "sales" : 878.67,
    "salesGrowthYoY" : 5.47,
    "grossProfitMargin" : 53.84,
    "grossProfit" : 473.08,
    "operatingProfitMargin" : 8.26,
    "operatingProfit" : 72.58,
    "netProfitMargin" : 4.53,
    "netProfit" : 39.80
  }, {
    "date" : "2019-06-30",
    "sales" : 685.42,
    "salesGrowthYoY" : 12.62,
    "grossProfitMargin" : 50.27,
    "grossProfit" : 344.56,
    "operatingProfitMargin" : 1.58,
    "operatingProfit" : 10.83,
    "netProfitMargin" : -3.01,
    "netProfit" : -20.63
  }, {
    "date" : "2019-09-30",
    "sales" : 921.51,
    "salesGrowthYoY" : 1.38,
    "grossProfitMargin" : 52.18,
    "grossProfit" : 480.84,
    "operatingProfitMargin" : 9.11,
    "operatingProfit" : 83.95,
    "netProfitMargin" : 6.82,
    "netProfit" : 62.85
  }, {
    "date" : "2019-12-31",
    "sales" : 933.21,
    "salesGrowthYoY" : 6.03,
    "grossProfitMargin" : 54.36,
    "grossProfit" : 507.29,
    "operatingProfitMargin" : 12.12,
    "operatingProfit" : 113.11,
    "netProfitMargin" : 3.55,
    "netProfit" : 33.13
  }, {
    "date" : "2020-03-31",
    "sales" : 646.25,
    "salesGrowthYoY" : -26.45,
    "grossProfitMargin" : 61.51,
    "grossProfit" : 397.51,
    "operatingProfitMargin" : 7.26,
    "operatingProfit" : 46.92,
    "netProfitMargin" : -2.01,
    "netProfit" : -12.99
  }, {
    "date" : "2020-06-30",
    "sales" : 24.03,
    "salesGrowthYoY" : -96.49,
    "grossProfitMargin" : -43.15,
    "grossProfit" : -10.37,
    "operatingProfitMargin" : -567.37,
    "operatingProfit" : -136.34,
    "netProfitMargin" : -494.51,
    "netProfit" : -118.83
  }, {
    "date" : "2020-09-30",
    "sales" : 254.00,
    "salesGrowthYoY" : -72.44,
    "grossProfitMargin" : 42.43,
    "grossProfit" : 107.77,
    "operatingProfitMargin" : -22.92,
    "operatingProfit" : -58.22,
    "netProfitMargin" : -26.35,
    "netProfit" : -66.93
  }, {
    "date" : "2020-12-31",
    "sales" : 681.53,
    "salesGrowthYoY" : -26.97,
    "grossProfitMargin" : 40.74,
    "grossProfit" : 277.66,
    "operatingProfitMargin" : 8.74,
    "operatingProfit" : 59.57,
    "netProfitMargin" : 1.16,
    "netProfit" : 7.91
  }, {
    "date" : "2021-03-31",
    "sales" : 953.37,
    "salesGrowthYoY" : 47.52,
    "grossProfitMargin" : 56.75,
    "grossProfit" : 541.04,
    "operatingProfitMargin" : 10.81,
    "operatingProfit" : 103.06,
    "netProfitMargin" : 3.10,
    "netProfit" : 29.55
  }, {
    "date" : "2021-06-30",
    "sales" : 418.88,
    "salesGrowthYoY" : 1643.15,
    "grossProfitMargin" : 52.22,
    "grossProfit" : 218.74,
    "operatingProfitMargin" : -6.39,
    "operatingProfit" : -26.77,
    "netProfitMargin" : -11.83,
    "netProfit" : -49.55
  }, {
    "date" : "2021-09-30",
    "sales" : 1005.80,
    "salesGrowthYoY" : 295.98,
    "grossProfitMargin" : 55.11,
    "grossProfit" : 554.30,
    "operatingProfitMargin" : 10.14,
    "operatingProfit" : 101.99,
    "netProfitMargin" : 2.57,
    "netProfit" : 25.85
  }, {
    "date" : "2021-12-31",
    "sales" : 1339.37,
    "salesGrowthYoY" : 96.52,
    "grossProfitMargin" : 62.60,
    "grossProfit" : 838.45,
    "operatingProfitMargin" : 16.12,
    "operatingProfit" : 215.91,
    "netProfitMargin" : 12.35,
    "netProfit" : 165.41
  }, {
    "date" : "2022-03-31",
    "sales" : 1426.15,
    "salesGrowthYoY" : 49.59,
    "grossProfitMargin" : 68.05,
    "grossProfit" : 970.50,
    "operatingProfitMargin" : 16.44,
    "operatingProfit" : 234.46,
    "netProfitMargin" : 24.67,
    "netProfit" : 351.83
  }, {
    "date" : "2022-06-30",
    "sales" : 1193.10,
    "salesGrowthYoY" : 184.83,
    "grossProfitMargin" : 70.85,
    "grossProfit" : 845.31,
    "operatingProfitMargin" : 13.58,
    "operatingProfit" : 162.02,
    "netProfitMargin" : 5.18,
    "netProfit" : 61.80
  }, {
    "date" : "2022-09-30",
    "sales" : 1519.68,
    "salesGrowthYoY" : 51.09,
    "grossProfitMargin" : 63.29,
    "grossProfit" : 961.81,
    "operatingProfitMargin" : 16.23,
    "operatingProfit" : 246.64,
    "netProfitMargin" : 7.77,
    "netProfit" : 118.08
  }, {
    "date" : "2022-12-31",
    "sales" : 1550.95,
    "salesGrowthYoY" : 15.80,
    "grossProfitMargin" : 63.71,
    "grossProfit" : 988.11,
    "operatingProfitMargin" : 15.75,
    "operatingProfit" : 244.27,
    "netProfitMargin" : 5.33,
    "netProfit" : 82.67
  }, {
    "date" : "2023-03-31",
    "sales" : 1515.84,
    "salesGrowthYoY" : 6.29,
    "grossProfitMargin" : 65.79,
    "grossProfit" : 997.27,
    "operatingProfitMargin" : 17.36,
    "operatingProfit" : 263.15,
    "netProfitMargin" : 16.18,
    "netProfit" : 245.26
  }, {
    "date" : "2023-06-30",
    "sales" : 236.86,
    "salesGrowthYoY" : -80.15,
    "grossProfitMargin" : 35.72,
    "grossProfit" : 84.61,
    "operatingProfitMargin" : 6.91,
    "operatingProfit" : 16.37,
    "netProfitMargin" : 13.48,
    "netProfit" : 31.93
  }, {
    "date" : "2023-09-30",
    "sales" : 243.96,
    "salesGrowthYoY" : -83.95,
    "grossProfitMargin" : 35.30,
    "grossProfit" : 86.12,
    "operatingProfitMargin" : 11.98,
    "operatingProfit" : 29.23,
    "netProfitMargin" : 18.93,
    "netProfit" : 46.18
  }, {
    "date" : "2023-12-31",
    "sales" : 440.75,
    "salesGrowthYoY" : -71.58,
    "grossProfitMargin" : 30.25,
    "grossProfit" : 133.33,
    "operatingProfitMargin" : 10.91,
    "operatingProfit" : 48.09,
    "netProfitMargin" : 13.22,
    "netProfit" : 58.27
  }, {
    "date" : "2024-03-31",
    "sales" : 1.86,
    "salesGrowthYoY" : -99.88,
    "grossProfitMargin" : 100.00,
    "grossProfit" : 1.86,
    "operatingProfitMargin" : -692.47,
    "operatingProfit" : -12.88,
    "netProfitMargin" : 894.09,
    "netProfit" : 16.63
  }, {
    "date" : "2024-06-30",
    "sales" : 1.75,
    "salesGrowthYoY" : -99.26,
    "grossProfitMargin" : 100.00,
    "grossProfit" : 1.75,
    "operatingProfitMargin" : -596.00,
    "operatingProfit" : -10.43,
    "netProfitMargin" : 2266.29,
    "netProfit" : 39.66
  }, {
    "date" : "2024-09-30",
    "sales" : 0.90,
    "salesGrowthYoY" : -99.63,
    "grossProfitMargin" : 100.00,
    "grossProfit" : 0.90,
    "operatingProfitMargin" : -1955.56,
    "operatingProfit" : -17.60,
    "netProfitMargin" : 1447.78,
    "netProfit" : 13.03
  }, {
    "date" : "2024-12-31",
    "sales" : 2.20,
    "salesGrowthYoY" : -99.50,
    "grossProfitMargin" : 100.00,
    "grossProfit" : 2.20,
    "operatingProfitMargin" : -905.00,
    "operatingProfit" : -19.91,
    "netProfitMargin" : 443.18,
    "netProfit" : 9.75
  }, {
    "date" : "2025-03-31",
    "sales" : 1.24,
    "salesGrowthYoY" : -33.33,
    "grossProfitMargin" : 100.00,
    "grossProfit" : 1.24,
    "operatingProfitMargin" : -1877.42,
    "operatingProfit" : -23.28,
    "netProfitMargin" : 1767.74,
    "netProfit" : 21.92
  }, {
    "date" : "2025-06-30",
    "sales" : 0.99,
    "salesGrowthYoY" : -43.43,
    "grossProfitMargin" : 100.00,
    "grossProfit" : 0.99,
    "operatingProfitMargin" : -1445.45,
    "operatingProfit" : -14.31,
    "netProfitMargin" : 1191.92,
    "netProfit" : 11.80
  }, {
    "date" : "2025-09-30",
    "sales" : 0.09,
    "salesGrowthYoY" : -90.00,
    "grossProfitMargin" : 100.00,
    "grossProfit" : 0.09,
    "operatingProfitMargin" : -25888.89,
    "operatingProfit" : -23.30,
    "netProfitMargin" : -3166.67,
    "netProfit" : -2.85
  } ],
  "latestQuarterlyResult" : {
    "date" : "2025-09-30",
    "sales" : 0.09,
    "salesGrowthYoY" : -90.00,
    "grossProfitMargin" : 100.00,
    "grossProfit" : 0.09,
    "operatingProfitMargin" : -25888.89,
    "operatingProfit" : -23.30,
    "netProfitMargin" : -3166.67,
    "netProfit" : -2.85
  },
  "companyScore" : {
    "priceHigherThanDma50" : 0.00,
    "priceHigherThanDma100" : 0.00,
    "priceHigherThanDma200" : 0.00,
    "dma50HigherThanDma100" : 0.00,
    "dma50HigherThanDma200" : 0.00,
    "dma100HigherThanDma200" : 5.00,
    "pricePercentageAboveDma50" : 5.69,
    "pricePercentageAboveDma100" : 6.10,
    "pricePercentageAboveDma200" : 5.96,
    "weeklyVolumeHigherThanYearlyVolume" : 0.00,
    "salesGrowthPercentile" : 1.52,
    "operatingProfitMarginPercentile" : 0.24,
    "netProfitMarginPercentile" : 0.12,
    "totalTechnicalScore" : 22.75,
    "totalFundamentalScore" : 1.88,
    "totalScore" : 24.63
  }
}