{
  "metadata" : {
    "screenerCompanyId" : "2740",
    "companyCode" : "RGL",
    "companyName" : "Renaiss. Global",
    "screenerCompanyLink" : "https://www.screener.in/company/RGL",
    "screenerTechnicalHistoryLink" : "https://www.screener.in/api/company/2740/chart/?q=Price-DMA50-DMA200-Volume&days=365",
    "screenerQuarterlyResultsLink" : "https://www.screener.in/api/company/2740/chart/?q=GPM-OPM-NPM-Quarter+Sales&days=10000",
    "attributes" : {
      "companyCode" : "RGL",
      "companyName" : "Renaiss. Global",
      "marketCap" : 1303.00,
      "peRatio" : 66.00,
      "description" : "Incorporated in 1989, Renaissance Global Ltd is a manufacturer of diamond studded Jewellery and trader of cut and polished diamonds[1]"
    },
    "companyScore" : {
      "priceHigherThanDma50" : 0.00,
      "priceHigherThanDma100" : 0.00,
      "priceHigherThanDma200" : 0.00,
      "dma50HigherThanDma100" : 5.00,
      "dma50HigherThanDma200" : 5.00,
      "dma100HigherThanDma200" : 0.00,
      "pricePercentageAboveDma50" : 5.25,
      "pricePercentageAboveDma100" : 5.00,
      "pricePercentageAboveDma200" : 5.22,
      "weeklyVolumeHigherThanYearlyVolume" : 5.00,
      "salesGrowthPercentile" : 3.26,
      "operatingProfitMarginPercentile" : 13.51,
      "netProfitMarginPercentile" : 5.73,
      "totalTechnicalScore" : 30.48,
      "totalFundamentalScore" : 22.51,
      "totalScore" : 52.98
    }
  },
  "attributes" : {
    "companyCode" : "RGL",
    "companyName" : "Renaiss. Global",
    "marketCap" : 1303.00,
    "peRatio" : 66.00,
    "description" : "Incorporated in 1989, Renaissance Global Ltd is a manufacturer of diamond studded Jewellery and trader of cut and polished diamonds[1]"
  },
  "technicalHistory" : [ {
    "date" : "2024-12-02",
    "price" : 185.09,
    "dma50" : 162.18,
    "dma100" : null,
    "dma200" : 129.73,
    "volume" : 829917.00
  }, {
    "date" : "2024-12-03",
    "price" : 183.90,
    "dma50" : 163.03,
    "dma100" : null,
    "dma200" : 130.27,
    "volume" : 291601.00
  }, {
    "date" : "2024-12-04",
    "price" : 181.19,
    "dma50" : 163.74,
    "dma100" : null,
    "dma200" : 130.78,
    "volume" : 371933.00
  }, {
    "date" : "2024-12-05",
    "price" : 184.07,
    "dma50" : 164.54,
    "dma100" : null,
    "dma200" : 131.31,
    "volume" : 507735.00
  }, {
    "date" : "2024-12-06",
    "price" : 189.64,
    "dma50" : 165.52,
    "dma100" : null,
    "dma200" : 131.89,
    "volume" : 1255391.00
  }, {
    "date" : "2024-12-09",
    "price" : 186.32,
    "dma50" : 166.34,
    "dma100" : null,
    "dma200" : 132.43,
    "volume" : 466003.00
  }, {
    "date" : "2024-12-10",
    "price" : 185.51,
    "dma50" : 167.09,
    "dma100" : null,
    "dma200" : 132.96,
    "volume" : 362446.00
  }, {
    "date" : "2024-12-11",
    "price" : 185.19,
    "dma50" : 167.80,
    "dma100" : null,
    "dma200" : 133.48,
    "volume" : 398189.00
  }, {
    "date" : "2024-12-12",
    "price" : 185.29,
    "dma50" : 168.49,
    "dma100" : null,
    "dma200" : 133.99,
    "volume" : 275080.00
  }, {
    "date" : "2024-12-13",
    "price" : 183.04,
    "dma50" : 169.06,
    "dma100" : null,
    "dma200" : 134.48,
    "volume" : 458415.00
  }, {
    "date" : "2024-12-16",
    "price" : 177.08,
    "dma50" : 169.37,
    "dma100" : null,
    "dma200" : 134.90,
    "volume" : 347099.00
  }, {
    "date" : "2024-12-17",
    "price" : 180.89,
    "dma50" : 169.82,
    "dma100" : null,
    "dma200" : 135.36,
    "volume" : 1061349.00
  }, {
    "date" : "2024-12-18",
    "price" : 180.07,
    "dma50" : 170.23,
    "dma100" : null,
    "dma200" : 135.81,
    "volume" : 532975.00
  }, {
    "date" : "2024-12-19",
    "price" : 182.19,
    "dma50" : 170.70,
    "dma100" : null,
    "dma200" : 136.27,
    "volume" : 478837.00
  }, {
    "date" : "2024-12-20",
    "price" : 176.25,
    "dma50" : 170.91,
    "dma100" : null,
    "dma200" : 136.67,
    "volume" : 379217.00
  }, {
    "date" : "2024-12-23",
    "price" : 174.57,
    "dma50" : 171.06,
    "dma100" : null,
    "dma200" : 137.04,
    "volume" : 304170.00
  }, {
    "date" : "2024-12-24",
    "price" : 176.96,
    "dma50" : 171.29,
    "dma100" : null,
    "dma200" : 137.44,
    "volume" : 126864.00
  }, {
    "date" : "2024-12-26",
    "price" : 176.66,
    "dma50" : 171.50,
    "dma100" : null,
    "dma200" : 137.83,
    "volume" : 104427.00
  }, {
    "date" : "2024-12-27",
    "price" : 177.39,
    "dma50" : 171.73,
    "dma100" : null,
    "dma200" : 138.22,
    "volume" : 223346.00
  }, {
    "date" : "2024-12-30",
    "price" : 171.64,
    "dma50" : 171.73,
    "dma100" : null,
    "dma200" : 138.56,
    "volume" : 171450.00
  }, {
    "date" : "2024-12-31",
    "price" : 171.31,
    "dma50" : 171.71,
    "dma100" : null,
    "dma200" : 138.88,
    "volume" : 231414.00
  }, {
    "date" : "2025-01-01",
    "price" : 175.28,
    "dma50" : 171.85,
    "dma100" : null,
    "dma200" : 139.25,
    "volume" : 177555.00
  }, {
    "date" : "2025-01-02",
    "price" : 173.36,
    "dma50" : 171.91,
    "dma100" : null,
    "dma200" : 139.58,
    "volume" : 177005.00
  }, {
    "date" : "2025-01-03",
    "price" : 172.56,
    "dma50" : 171.93,
    "dma100" : null,
    "dma200" : 139.91,
    "volume" : 179369.00
  }, {
    "date" : "2025-01-06",
    "price" : 165.46,
    "dma50" : 171.68,
    "dma100" : null,
    "dma200" : 140.17,
    "volume" : 320476.00
  }, {
    "date" : "2025-01-07",
    "price" : 170.68,
    "dma50" : 171.64,
    "dma100" : null,
    "dma200" : 140.47,
    "volume" : 596410.00
  }, {
    "date" : "2025-01-08",
    "price" : 170.92,
    "dma50" : 171.61,
    "dma100" : null,
    "dma200" : 140.77,
    "volume" : 2488388.00
  }, {
    "date" : "2025-01-09",
    "price" : 169.15,
    "dma50" : 171.52,
    "dma100" : null,
    "dma200" : 141.06,
    "volume" : 700255.00
  }, {
    "date" : "2025-01-10",
    "price" : 179.63,
    "dma50" : 171.83,
    "dma100" : null,
    "dma200" : 141.44,
    "volume" : 2112157.00
  }, {
    "date" : "2025-01-13",
    "price" : 180.39,
    "dma50" : 172.17,
    "dma100" : null,
    "dma200" : 141.83,
    "volume" : 1017031.00
  }, {
    "date" : "2025-01-14",
    "price" : 184.69,
    "dma50" : 172.66,
    "dma100" : null,
    "dma200" : 142.25,
    "volume" : 573633.00
  }, {
    "date" : "2025-01-15",
    "price" : 188.54,
    "dma50" : 173.28,
    "dma100" : null,
    "dma200" : 142.71,
    "volume" : 1100872.00
  }, {
    "date" : "2025-01-16",
    "price" : 189.28,
    "dma50" : 173.91,
    "dma100" : null,
    "dma200" : 143.18,
    "volume" : 961321.00
  }, {
    "date" : "2025-01-17",
    "price" : 187.42,
    "dma50" : 174.44,
    "dma100" : null,
    "dma200" : 143.62,
    "volume" : 504070.00
  }, {
    "date" : "2025-01-20",
    "price" : 201.40,
    "dma50" : 175.50,
    "dma100" : null,
    "dma200" : 144.19,
    "volume" : 2475875.00
  }, {
    "date" : "2025-01-21",
    "price" : 194.98,
    "dma50" : 176.26,
    "dma100" : null,
    "dma200" : 144.70,
    "volume" : 1174305.00
  }, {
    "date" : "2025-01-22",
    "price" : 189.91,
    "dma50" : 176.80,
    "dma100" : null,
    "dma200" : 145.15,
    "volume" : 679494.00
  }, {
    "date" : "2025-01-23",
    "price" : 187.65,
    "dma50" : 177.22,
    "dma100" : null,
    "dma200" : 145.57,
    "volume" : 602956.00
  }, {
    "date" : "2025-01-24",
    "price" : 173.26,
    "dma50" : 177.07,
    "dma100" : null,
    "dma200" : 145.85,
    "volume" : 786053.00
  }, {
    "date" : "2025-01-27",
    "price" : 166.90,
    "dma50" : 176.67,
    "dma100" : null,
    "dma200" : 146.06,
    "volume" : 486321.00
  }, {
    "date" : "2025-01-28",
    "price" : 162.72,
    "dma50" : 176.12,
    "dma100" : null,
    "dma200" : 146.22,
    "volume" : 889839.00
  }, {
    "date" : "2025-01-29",
    "price" : 163.17,
    "dma50" : 175.61,
    "dma100" : null,
    "dma200" : 146.39,
    "volume" : 294964.00
  }, {
    "date" : "2025-01-30",
    "price" : 161.00,
    "dma50" : 175.04,
    "dma100" : null,
    "dma200" : 146.54,
    "volume" : 276241.00
  }, {
    "date" : "2025-01-31",
    "price" : 169.68,
    "dma50" : 174.83,
    "dma100" : null,
    "dma200" : 146.77,
    "volume" : 624709.00
  }, {
    "date" : "2025-02-01",
    "price" : 168.20,
    "dma50" : 174.57,
    "dma100" : null,
    "dma200" : 146.98,
    "volume" : 232137.00
  }, {
    "date" : "2025-02-03",
    "price" : 163.70,
    "dma50" : 174.14,
    "dma100" : null,
    "dma200" : 147.15,
    "volume" : 232439.00
  }, {
    "date" : "2025-02-04",
    "price" : 169.47,
    "dma50" : 173.96,
    "dma100" : null,
    "dma200" : 147.37,
    "volume" : 207080.00
  }, {
    "date" : "2025-02-05",
    "price" : 170.14,
    "dma50" : 173.81,
    "dma100" : null,
    "dma200" : 147.59,
    "volume" : 447953.00
  }, {
    "date" : "2025-02-06",
    "price" : 169.62,
    "dma50" : 173.65,
    "dma100" : null,
    "dma200" : 147.81,
    "volume" : 134563.00
  }, {
    "date" : "2025-02-07",
    "price" : 165.18,
    "dma50" : 173.31,
    "dma100" : null,
    "dma200" : 147.99,
    "volume" : 189585.00
  }, {
    "date" : "2025-02-10",
    "price" : 158.67,
    "dma50" : 172.74,
    "dma100" : null,
    "dma200" : 148.09,
    "volume" : 438481.00
  }, {
    "date" : "2025-02-11",
    "price" : 149.26,
    "dma50" : 171.82,
    "dma100" : null,
    "dma200" : 148.10,
    "volume" : 625555.00
  }, {
    "date" : "2025-02-12",
    "price" : 152.44,
    "dma50" : 171.06,
    "dma100" : null,
    "dma200" : 148.15,
    "volume" : 317090.00
  }, {
    "date" : "2025-02-13",
    "price" : 148.01,
    "dma50" : 170.16,
    "dma100" : null,
    "dma200" : 148.15,
    "volume" : 315058.00
  }, {
    "date" : "2025-02-14",
    "price" : 130.38,
    "dma50" : 168.60,
    "dma100" : null,
    "dma200" : 147.97,
    "volume" : 1490871.00
  }, {
    "date" : "2025-02-17",
    "price" : 134.47,
    "dma50" : 167.26,
    "dma100" : null,
    "dma200" : 147.84,
    "volume" : 595806.00
  }, {
    "date" : "2025-02-18",
    "price" : 123.48,
    "dma50" : 165.54,
    "dma100" : null,
    "dma200" : 147.59,
    "volume" : 605184.00
  }, {
    "date" : "2025-02-19",
    "price" : 133.64,
    "dma50" : 164.29,
    "dma100" : null,
    "dma200" : 147.45,
    "volume" : 1195663.00
  }, {
    "date" : "2025-02-20",
    "price" : 136.56,
    "dma50" : 163.20,
    "dma100" : null,
    "dma200" : 147.35,
    "volume" : 762703.00
  }, {
    "date" : "2025-02-21",
    "price" : 134.56,
    "dma50" : 162.08,
    "dma100" : null,
    "dma200" : 147.22,
    "volume" : 259778.00
  }, {
    "date" : "2025-02-24",
    "price" : 134.65,
    "dma50" : 161.00,
    "dma100" : null,
    "dma200" : 147.09,
    "volume" : 187397.00
  }, {
    "date" : "2025-02-25",
    "price" : 134.03,
    "dma50" : 159.95,
    "dma100" : null,
    "dma200" : 146.96,
    "volume" : 171495.00
  }, {
    "date" : "2025-02-27",
    "price" : 128.75,
    "dma50" : 158.72,
    "dma100" : null,
    "dma200" : 146.78,
    "volume" : 320546.00
  }, {
    "date" : "2025-02-28",
    "price" : 127.82,
    "dma50" : 157.51,
    "dma100" : null,
    "dma200" : 146.59,
    "volume" : 512877.00
  }, {
    "date" : "2025-03-03",
    "price" : 126.03,
    "dma50" : 156.28,
    "dma100" : null,
    "dma200" : 146.39,
    "volume" : 444636.00
  }, {
    "date" : "2025-03-04",
    "price" : 125.21,
    "dma50" : 155.06,
    "dma100" : null,
    "dma200" : 146.18,
    "volume" : 396535.00
  }, {
    "date" : "2025-03-05",
    "price" : 129.61,
    "dma50" : 154.06,
    "dma100" : null,
    "dma200" : 146.01,
    "volume" : 413256.00
  }, {
    "date" : "2025-03-06",
    "price" : 127.87,
    "dma50" : 153.03,
    "dma100" : null,
    "dma200" : 145.83,
    "volume" : 265914.00
  }, {
    "date" : "2025-03-07",
    "price" : 132.07,
    "dma50" : 152.21,
    "dma100" : null,
    "dma200" : 145.70,
    "volume" : 408998.00
  }, {
    "date" : "2025-03-10",
    "price" : 124.95,
    "dma50" : 151.14,
    "dma100" : null,
    "dma200" : 145.49,
    "volume" : 364633.00
  }, {
    "date" : "2025-03-11",
    "price" : 119.89,
    "dma50" : 149.92,
    "dma100" : null,
    "dma200" : 145.23,
    "volume" : 905424.00
  }, {
    "date" : "2025-03-12",
    "price" : 122.02,
    "dma50" : 148.82,
    "dma100" : null,
    "dma200" : 145.00,
    "volume" : 799971.00
  }, {
    "date" : "2025-03-13",
    "price" : 121.37,
    "dma50" : 147.75,
    "dma100" : null,
    "dma200" : 144.77,
    "volume" : 773167.00
  }, {
    "date" : "2025-03-17",
    "price" : 114.66,
    "dma50" : 146.45,
    "dma100" : null,
    "dma200" : 144.47,
    "volume" : 455524.00
  }, {
    "date" : "2025-03-18",
    "price" : 119.97,
    "dma50" : 145.41,
    "dma100" : null,
    "dma200" : 144.22,
    "volume" : 672664.00
  }, {
    "date" : "2025-03-19",
    "price" : 125.34,
    "dma50" : 144.62,
    "dma100" : null,
    "dma200" : 144.04,
    "volume" : 416175.00
  }, {
    "date" : "2025-03-20",
    "price" : 129.24,
    "dma50" : 144.02,
    "dma100" : null,
    "dma200" : 143.89,
    "volume" : 676396.00
  }, {
    "date" : "2025-03-21",
    "price" : 134.32,
    "dma50" : 143.64,
    "dma100" : null,
    "dma200" : 143.79,
    "volume" : 543874.00
  }, {
    "date" : "2025-03-24",
    "price" : 133.47,
    "dma50" : 143.24,
    "dma100" : null,
    "dma200" : 143.69,
    "volume" : 414275.00
  }, {
    "date" : "2025-03-25",
    "price" : 129.31,
    "dma50" : 142.69,
    "dma100" : null,
    "dma200" : 143.55,
    "volume" : 264231.00
  }, {
    "date" : "2025-03-26",
    "price" : 126.56,
    "dma50" : 142.06,
    "dma100" : null,
    "dma200" : 143.38,
    "volume" : 305913.00
  }, {
    "date" : "2025-03-27",
    "price" : 125.02,
    "dma50" : 141.39,
    "dma100" : null,
    "dma200" : 143.20,
    "volume" : 986537.00
  }, {
    "date" : "2025-03-28",
    "price" : 123.56,
    "dma50" : 140.69,
    "dma100" : null,
    "dma200" : 143.00,
    "volume" : 306258.00
  }, {
    "date" : "2025-04-01",
    "price" : 126.87,
    "dma50" : 140.15,
    "dma100" : null,
    "dma200" : 142.84,
    "volume" : 192501.00
  }, {
    "date" : "2025-04-02",
    "price" : 129.97,
    "dma50" : 139.75,
    "dma100" : null,
    "dma200" : 142.71,
    "volume" : 366659.00
  }, {
    "date" : "2025-04-03",
    "price" : 131.46,
    "dma50" : 139.43,
    "dma100" : null,
    "dma200" : 142.60,
    "volume" : 382006.00
  }, {
    "date" : "2025-04-04",
    "price" : 123.80,
    "dma50" : 138.81,
    "dma100" : null,
    "dma200" : 142.41,
    "volume" : 581011.00
  }, {
    "date" : "2025-04-07",
    "price" : 108.79,
    "dma50" : 137.64,
    "dma100" : null,
    "dma200" : 142.08,
    "volume" : 694222.00
  }, {
    "date" : "2025-04-08",
    "price" : 110.37,
    "dma50" : 136.57,
    "dma100" : null,
    "dma200" : 141.76,
    "volume" : 307528.00
  }, {
    "date" : "2025-04-09",
    "price" : 105.00,
    "dma50" : 135.33,
    "dma100" : null,
    "dma200" : 141.40,
    "volume" : 320973.00
  }, {
    "date" : "2025-04-11",
    "price" : 110.63,
    "dma50" : 134.36,
    "dma100" : null,
    "dma200" : 141.09,
    "volume" : 561757.00
  }, {
    "date" : "2025-04-15",
    "price" : 118.02,
    "dma50" : 133.72,
    "dma100" : null,
    "dma200" : 140.86,
    "volume" : 395703.00
  }, {
    "date" : "2025-04-16",
    "price" : 120.66,
    "dma50" : 133.21,
    "dma100" : null,
    "dma200" : 140.66,
    "volume" : 299492.00
  }, {
    "date" : "2025-04-17",
    "price" : 123.89,
    "dma50" : 132.84,
    "dma100" : null,
    "dma200" : 140.49,
    "volume" : 272663.00
  }, {
    "date" : "2025-04-21",
    "price" : 122.98,
    "dma50" : 132.46,
    "dma100" : null,
    "dma200" : 140.32,
    "volume" : 305022.00
  }, {
    "date" : "2025-04-22",
    "price" : 124.01,
    "dma50" : 132.12,
    "dma100" : null,
    "dma200" : 140.16,
    "volume" : 471226.00
  }, {
    "date" : "2025-04-23",
    "price" : 123.91,
    "dma50" : 131.80,
    "dma100" : null,
    "dma200" : 140.00,
    "volume" : 527747.00
  }, {
    "date" : "2025-04-24",
    "price" : 121.65,
    "dma50" : 131.40,
    "dma100" : null,
    "dma200" : 139.81,
    "volume" : 914585.00
  }, {
    "date" : "2025-04-25",
    "price" : 116.14,
    "dma50" : 130.81,
    "dma100" : null,
    "dma200" : 139.58,
    "volume" : 522148.00
  }, {
    "date" : "2025-04-28",
    "price" : 114.05,
    "dma50" : 130.15,
    "dma100" : null,
    "dma200" : 139.32,
    "volume" : 218310.00
  }, {
    "date" : "2025-04-29",
    "price" : 112.13,
    "dma50" : 129.44,
    "dma100" : 151.55,
    "dma200" : 139.05,
    "volume" : 354023.00
  }, {
    "date" : "2025-04-30",
    "price" : 113.43,
    "dma50" : 128.81,
    "dma100" : 150.85,
    "dma200" : 138.80,
    "volume" : 525891.00
  }, {
    "date" : "2025-05-02",
    "price" : 110.38,
    "dma50" : 128.09,
    "dma100" : 150.14,
    "dma200" : 138.52,
    "volume" : 360143.00
  }, {
    "date" : "2025-05-05",
    "price" : 109.36,
    "dma50" : 127.36,
    "dma100" : 149.39,
    "dma200" : 138.23,
    "volume" : 171993.00
  }, {
    "date" : "2025-05-06",
    "price" : 109.07,
    "dma50" : 126.64,
    "dma100" : 148.58,
    "dma200" : 137.94,
    "volume" : 433756.00
  }, {
    "date" : "2025-05-07",
    "price" : 113.07,
    "dma50" : 126.11,
    "dma100" : 147.85,
    "dma200" : 137.69,
    "volume" : 675630.00
  }, {
    "date" : "2025-05-08",
    "price" : 109.49,
    "dma50" : 125.46,
    "dma100" : 147.09,
    "dma200" : 137.41,
    "volume" : 406624.00
  }, {
    "date" : "2025-05-09",
    "price" : 108.34,
    "dma50" : 124.78,
    "dma100" : 146.32,
    "dma200" : 137.12,
    "volume" : 267308.00
  }, {
    "date" : "2025-05-12",
    "price" : 118.54,
    "dma50" : 124.54,
    "dma100" : 145.66,
    "dma200" : 136.93,
    "volume" : 590132.00
  }, {
    "date" : "2025-05-13",
    "price" : 117.25,
    "dma50" : 124.25,
    "dma100" : 145.00,
    "dma200" : 136.74,
    "volume" : 341460.00
  }, {
    "date" : "2025-05-14",
    "price" : 116.98,
    "dma50" : 123.97,
    "dma100" : 144.40,
    "dma200" : 136.54,
    "volume" : 993534.00
  }, {
    "date" : "2025-05-15",
    "price" : 119.06,
    "dma50" : 123.78,
    "dma100" : 143.78,
    "dma200" : 136.37,
    "volume" : 421455.00
  }, {
    "date" : "2025-05-16",
    "price" : 125.97,
    "dma50" : 123.86,
    "dma100" : 143.24,
    "dma200" : 136.26,
    "volume" : 756473.00
  }, {
    "date" : "2025-05-19",
    "price" : 131.26,
    "dma50" : 124.15,
    "dma100" : 142.73,
    "dma200" : 136.21,
    "volume" : 1265755.00
  }, {
    "date" : "2025-05-20",
    "price" : 129.73,
    "dma50" : 124.37,
    "dma100" : 142.26,
    "dma200" : 136.15,
    "volume" : 658303.00
  }, {
    "date" : "2025-05-21",
    "price" : 133.72,
    "dma50" : 124.74,
    "dma100" : 141.85,
    "dma200" : 136.13,
    "volume" : 872766.00
  }, {
    "date" : "2025-05-22",
    "price" : 132.54,
    "dma50" : 125.04,
    "dma100" : 141.41,
    "dma200" : 136.09,
    "volume" : 303381.00
  }, {
    "date" : "2025-05-23",
    "price" : 136.59,
    "dma50" : 125.50,
    "dma100" : 141.01,
    "dma200" : 136.09,
    "volume" : 641641.00
  }, {
    "date" : "2025-05-26",
    "price" : 135.95,
    "dma50" : 125.91,
    "dma100" : 140.60,
    "dma200" : 136.09,
    "volume" : 427108.00
  }, {
    "date" : "2025-05-27",
    "price" : 135.87,
    "dma50" : 126.30,
    "dma100" : 140.24,
    "dma200" : 136.09,
    "volume" : 492631.00
  }, {
    "date" : "2025-05-28",
    "price" : 133.56,
    "dma50" : 126.58,
    "dma100" : 139.86,
    "dma200" : 136.07,
    "volume" : 295340.00
  }, {
    "date" : "2025-05-29",
    "price" : 131.42,
    "dma50" : 126.77,
    "dma100" : 139.42,
    "dma200" : 136.02,
    "volume" : 370049.00
  }, {
    "date" : "2025-05-30",
    "price" : 130.58,
    "dma50" : 126.92,
    "dma100" : 138.99,
    "dma200" : 135.97,
    "volume" : 333608.00
  }, {
    "date" : "2025-06-02",
    "price" : 128.91,
    "dma50" : 127.00,
    "dma100" : 138.56,
    "dma200" : 135.90,
    "volume" : 535828.00
  }, {
    "date" : "2025-06-03",
    "price" : 125.76,
    "dma50" : 126.95,
    "dma100" : 138.16,
    "dma200" : 135.79,
    "volume" : 315705.00
  }, {
    "date" : "2025-06-04",
    "price" : 126.11,
    "dma50" : 126.92,
    "dma100" : 137.71,
    "dma200" : 135.70,
    "volume" : 337776.00
  }, {
    "date" : "2025-06-05",
    "price" : 125.13,
    "dma50" : 126.85,
    "dma100" : 137.26,
    "dma200" : 135.59,
    "volume" : 229330.00
  }, {
    "date" : "2025-06-06",
    "price" : 126.31,
    "dma50" : 126.83,
    "dma100" : 136.83,
    "dma200" : 135.50,
    "volume" : 245841.00
  }, {
    "date" : "2025-06-09",
    "price" : 127.09,
    "dma50" : 126.84,
    "dma100" : 136.30,
    "dma200" : 135.42,
    "volume" : 249669.00
  }, {
    "date" : "2025-06-10",
    "price" : 127.11,
    "dma50" : 126.85,
    "dma100" : 135.77,
    "dma200" : 135.33,
    "volume" : 271536.00
  }, {
    "date" : "2025-06-11",
    "price" : 127.52,
    "dma50" : 126.87,
    "dma100" : 135.20,
    "dma200" : 135.26,
    "volume" : 631987.00
  }, {
    "date" : "2025-06-12",
    "price" : 127.98,
    "dma50" : 126.92,
    "dma100" : 134.59,
    "dma200" : 135.18,
    "volume" : 255123.00
  }, {
    "date" : "2025-06-13",
    "price" : 126.09,
    "dma50" : 126.88,
    "dma100" : 133.96,
    "dma200" : 135.09,
    "volume" : 310895.00
  }, {
    "date" : "2025-06-16",
    "price" : 125.17,
    "dma50" : 126.82,
    "dma100" : 133.34,
    "dma200" : 134.99,
    "volume" : 271075.00
  }, {
    "date" : "2025-06-17",
    "price" : 122.02,
    "dma50" : 126.63,
    "dma100" : 132.54,
    "dma200" : 134.87,
    "volume" : 162221.00
  }, {
    "date" : "2025-06-18",
    "price" : 122.07,
    "dma50" : 126.45,
    "dma100" : 131.82,
    "dma200" : 134.74,
    "volume" : 413151.00
  }, {
    "date" : "2025-06-19",
    "price" : 119.89,
    "dma50" : 126.19,
    "dma100" : 131.12,
    "dma200" : 134.59,
    "volume" : 352559.00
  }, {
    "date" : "2025-06-20",
    "price" : 120.54,
    "dma50" : 125.97,
    "dma100" : 130.44,
    "dma200" : 134.45,
    "volume" : 375420.00
  }, {
    "date" : "2025-06-23",
    "price" : 117.49,
    "dma50" : 125.64,
    "dma100" : 129.89,
    "dma200" : 134.28,
    "volume" : 298214.00
  }, {
    "date" : "2025-06-24",
    "price" : 118.36,
    "dma50" : 125.35,
    "dma100" : 129.40,
    "dma200" : 134.12,
    "volume" : 536318.00
  }, {
    "date" : "2025-06-25",
    "price" : 124.55,
    "dma50" : 125.32,
    "dma100" : 129.02,
    "dma200" : 134.03,
    "volume" : 634149.00
  }, {
    "date" : "2025-06-26",
    "price" : 120.92,
    "dma50" : 125.15,
    "dma100" : 128.60,
    "dma200" : 133.90,
    "volume" : 242005.00
  }, {
    "date" : "2025-06-27",
    "price" : 121.01,
    "dma50" : 124.99,
    "dma100" : 128.20,
    "dma200" : 133.77,
    "volume" : 351236.00
  }, {
    "date" : "2025-06-30",
    "price" : 119.29,
    "dma50" : 124.76,
    "dma100" : 127.69,
    "dma200" : 133.63,
    "volume" : 401752.00
  }, {
    "date" : "2025-07-01",
    "price" : 119.00,
    "dma50" : 124.54,
    "dma100" : 127.20,
    "dma200" : 133.48,
    "volume" : 275482.00
  }, {
    "date" : "2025-07-02",
    "price" : 118.83,
    "dma50" : 124.31,
    "dma100" : 126.75,
    "dma200" : 133.33,
    "volume" : 209322.00
  }, {
    "date" : "2025-07-03",
    "price" : 120.38,
    "dma50" : 124.16,
    "dma100" : 126.26,
    "dma200" : 133.21,
    "volume" : 277119.00
  }, {
    "date" : "2025-07-04",
    "price" : 120.16,
    "dma50" : 124.00,
    "dma100" : 125.76,
    "dma200" : 133.08,
    "volume" : 213875.00
  }, {
    "date" : "2025-07-07",
    "price" : 120.02,
    "dma50" : 123.85,
    "dma100" : 125.27,
    "dma200" : 132.95,
    "volume" : 264350.00
  }, {
    "date" : "2025-07-08",
    "price" : 119.02,
    "dma50" : 123.66,
    "dma100" : 124.80,
    "dma200" : 132.81,
    "volume" : 357650.00
  }, {
    "date" : "2025-07-09",
    "price" : 117.70,
    "dma50" : 123.42,
    "dma100" : 124.39,
    "dma200" : 132.66,
    "volume" : 379037.00
  }, {
    "date" : "2025-07-10",
    "price" : 117.28,
    "dma50" : 123.18,
    "dma100" : 124.07,
    "dma200" : 132.50,
    "volume" : 182942.00
  }, {
    "date" : "2025-07-11",
    "price" : 116.94,
    "dma50" : 122.94,
    "dma100" : 123.72,
    "dma200" : 132.35,
    "volume" : 234331.00
  }, {
    "date" : "2025-07-14",
    "price" : 117.43,
    "dma50" : 122.72,
    "dma100" : 123.41,
    "dma200" : 132.20,
    "volume" : 145041.00
  }, {
    "date" : "2025-07-15",
    "price" : 118.10,
    "dma50" : 122.54,
    "dma100" : 123.29,
    "dma200" : 132.06,
    "volume" : 245431.00
  }, {
    "date" : "2025-07-16",
    "price" : 116.99,
    "dma50" : 122.32,
    "dma100" : 123.12,
    "dma200" : 131.91,
    "volume" : 203734.00
  }, {
    "date" : "2025-07-17",
    "price" : 120.44,
    "dma50" : 122.25,
    "dma100" : 123.09,
    "dma200" : 131.80,
    "volume" : 518861.00
  }, {
    "date" : "2025-07-18",
    "price" : 119.62,
    "dma50" : 122.15,
    "dma100" : 122.95,
    "dma200" : 131.67,
    "volume" : 236799.00
  }, {
    "date" : "2025-07-21",
    "price" : 118.13,
    "dma50" : 121.99,
    "dma100" : 122.76,
    "dma200" : 131.54,
    "volume" : 211653.00
  }, {
    "date" : "2025-07-22",
    "price" : 117.43,
    "dma50" : 121.81,
    "dma100" : 122.59,
    "dma200" : 131.40,
    "volume" : 160019.00
  }, {
    "date" : "2025-07-23",
    "price" : 116.56,
    "dma50" : 121.60,
    "dma100" : 122.41,
    "dma200" : 131.25,
    "volume" : 212085.00
  }, {
    "date" : "2025-07-24",
    "price" : 116.81,
    "dma50" : 121.42,
    "dma100" : 122.24,
    "dma200" : 131.11,
    "volume" : 141790.00
  }, {
    "date" : "2025-07-25",
    "price" : 113.71,
    "dma50" : 121.11,
    "dma100" : 122.09,
    "dma200" : 130.94,
    "volume" : 296642.00
  }, {
    "date" : "2025-07-28",
    "price" : 114.16,
    "dma50" : 120.84,
    "dma100" : 121.95,
    "dma200" : 130.77,
    "volume" : 263779.00
  }, {
    "date" : "2025-07-29",
    "price" : 114.76,
    "dma50" : 120.60,
    "dma100" : 121.84,
    "dma200" : 130.61,
    "volume" : 227907.00
  }, {
    "date" : "2025-07-30",
    "price" : 113.77,
    "dma50" : 120.33,
    "dma100" : 121.72,
    "dma200" : 130.44,
    "volume" : 179214.00
  }, {
    "date" : "2025-07-31",
    "price" : 113.69,
    "dma50" : 120.07,
    "dma100" : 121.56,
    "dma200" : 130.27,
    "volume" : 977109.00
  }, {
    "date" : "2025-08-01",
    "price" : 105.46,
    "dma50" : 119.50,
    "dma100" : 121.34,
    "dma200" : 130.03,
    "volume" : 377124.00
  }, {
    "date" : "2025-08-04",
    "price" : 117.07,
    "dma50" : 119.41,
    "dma100" : 121.19,
    "dma200" : 129.90,
    "volume" : 2694349.00
  }, {
    "date" : "2025-08-05",
    "price" : 115.79,
    "dma50" : 119.26,
    "dma100" : 121.10,
    "dma200" : 129.76,
    "volume" : 1957021.00
  }, {
    "date" : "2025-08-06",
    "price" : 112.20,
    "dma50" : 118.99,
    "dma100" : 121.02,
    "dma200" : 129.58,
    "volume" : 239732.00
  }, {
    "date" : "2025-08-07",
    "price" : 111.68,
    "dma50" : 118.70,
    "dma100" : 120.92,
    "dma200" : 129.41,
    "volume" : 783046.00
  }, {
    "date" : "2025-08-08",
    "price" : 107.95,
    "dma50" : 118.28,
    "dma100" : 120.78,
    "dma200" : 129.19,
    "volume" : 286222.00
  }, {
    "date" : "2025-08-11",
    "price" : 106.68,
    "dma50" : 117.82,
    "dma100" : 120.70,
    "dma200" : 128.97,
    "volume" : 271672.00
  }, {
    "date" : "2025-08-12",
    "price" : 105.82,
    "dma50" : 117.35,
    "dma100" : 120.56,
    "dma200" : 128.74,
    "volume" : 249852.00
  }, {
    "date" : "2025-08-13",
    "price" : 107.64,
    "dma50" : 116.97,
    "dma100" : 120.39,
    "dma200" : 128.53,
    "volume" : 721389.00
  }, {
    "date" : "2025-08-14",
    "price" : 105.68,
    "dma50" : 116.53,
    "dma100" : 120.15,
    "dma200" : 128.30,
    "volume" : 243301.00
  }, {
    "date" : "2025-08-18",
    "price" : 106.17,
    "dma50" : 116.12,
    "dma100" : 119.87,
    "dma200" : 128.08,
    "volume" : 153975.00
  }, {
    "date" : "2025-08-19",
    "price" : 108.07,
    "dma50" : 115.81,
    "dma100" : 119.61,
    "dma200" : 127.88,
    "volume" : 146125.00
  }, {
    "date" : "2025-08-20",
    "price" : 111.60,
    "dma50" : 115.64,
    "dma100" : 119.44,
    "dma200" : 127.72,
    "volume" : 222115.00
  }, {
    "date" : "2025-08-21",
    "price" : 117.94,
    "dma50" : 115.73,
    "dma100" : 119.35,
    "dma200" : 127.62,
    "volume" : 689147.00
  }, {
    "date" : "2025-08-22",
    "price" : 114.70,
    "dma50" : 115.69,
    "dma100" : 119.25,
    "dma200" : 127.49,
    "volume" : 179823.00
  }, {
    "date" : "2025-08-25",
    "price" : 116.18,
    "dma50" : 115.71,
    "dma100" : 119.17,
    "dma200" : 127.38,
    "volume" : 220220.00
  }, {
    "date" : "2025-08-26",
    "price" : 112.66,
    "dma50" : 115.59,
    "dma100" : 119.03,
    "dma200" : 127.23,
    "volume" : 182144.00
  }, {
    "date" : "2025-08-28",
    "price" : 109.00,
    "dma50" : 115.33,
    "dma100" : 118.82,
    "dma200" : 127.05,
    "volume" : 162333.00
  }, {
    "date" : "2025-08-29",
    "price" : 111.11,
    "dma50" : 115.17,
    "dma100" : 118.62,
    "dma200" : 126.89,
    "volume" : 735513.00
  }, {
    "date" : "2025-09-01",
    "price" : 110.60,
    "dma50" : 114.99,
    "dma100" : 118.49,
    "dma200" : 126.73,
    "volume" : 278681.00
  }, {
    "date" : "2025-09-02",
    "price" : 109.95,
    "dma50" : 114.79,
    "dma100" : 118.50,
    "dma200" : 126.57,
    "volume" : 335670.00
  }, {
    "date" : "2025-09-03",
    "price" : 112.78,
    "dma50" : 114.71,
    "dma100" : 118.52,
    "dma200" : 126.43,
    "volume" : 271247.00
  }, {
    "date" : "2025-09-04",
    "price" : 108.93,
    "dma50" : 114.49,
    "dma100" : 118.56,
    "dma200" : 126.25,
    "volume" : 222504.00
  }, {
    "date" : "2025-09-05",
    "price" : 113.18,
    "dma50" : 114.43,
    "dma100" : 118.59,
    "dma200" : 126.12,
    "volume" : 259158.00
  }, {
    "date" : "2025-09-08",
    "price" : 117.06,
    "dma50" : 114.54,
    "dma100" : 118.58,
    "dma200" : 126.03,
    "volume" : 849786.00
  }, {
    "date" : "2025-09-09",
    "price" : 118.69,
    "dma50" : 114.70,
    "dma100" : 118.56,
    "dma200" : 125.96,
    "volume" : 382362.00
  }, {
    "date" : "2025-09-10",
    "price" : 118.89,
    "dma50" : 114.86,
    "dma100" : 118.51,
    "dma200" : 125.89,
    "volume" : 251089.00
  }, {
    "date" : "2025-09-11",
    "price" : 115.78,
    "dma50" : 114.90,
    "dma100" : 118.44,
    "dma200" : 125.79,
    "volume" : 149017.00
  }, {
    "date" : "2025-09-12",
    "price" : 118.55,
    "dma50" : 115.04,
    "dma100" : 118.38,
    "dma200" : 125.72,
    "volume" : 310880.00
  }, {
    "date" : "2025-09-15",
    "price" : 119.07,
    "dma50" : 115.20,
    "dma100" : 118.33,
    "dma200" : 125.65,
    "volume" : 97818.00
  }, {
    "date" : "2025-09-16",
    "price" : 120.06,
    "dma50" : 115.39,
    "dma100" : 118.32,
    "dma200" : 125.60,
    "volume" : 250335.00
  }, {
    "date" : "2025-09-17",
    "price" : 122.30,
    "dma50" : 115.66,
    "dma100" : 118.38,
    "dma200" : 125.56,
    "volume" : 485509.00
  }, {
    "date" : "2025-09-18",
    "price" : 123.74,
    "dma50" : 115.98,
    "dma100" : 118.48,
    "dma200" : 125.54,
    "volume" : 1049485.00
  }, {
    "date" : "2025-09-19",
    "price" : 120.24,
    "dma50" : 116.15,
    "dma100" : 118.56,
    "dma200" : 125.49,
    "volume" : 183185.00
  }, {
    "date" : "2025-09-22",
    "price" : 120.84,
    "dma50" : 116.33,
    "dma100" : 118.63,
    "dma200" : 125.45,
    "volume" : 305225.00
  }, {
    "date" : "2025-09-23",
    "price" : 121.04,
    "dma50" : 116.52,
    "dma100" : 118.74,
    "dma200" : 125.40,
    "volume" : 190958.00
  }, {
    "date" : "2025-09-24",
    "price" : 117.98,
    "dma50" : 116.57,
    "dma100" : 118.82,
    "dma200" : 125.33,
    "volume" : 499437.00
  }, {
    "date" : "2025-09-25",
    "price" : 117.89,
    "dma50" : 116.62,
    "dma100" : 118.91,
    "dma200" : 125.25,
    "volume" : 197244.00
  }, {
    "date" : "2025-09-26",
    "price" : 113.76,
    "dma50" : 116.51,
    "dma100" : 118.92,
    "dma200" : 125.14,
    "volume" : 621926.00
  }, {
    "date" : "2025-09-29",
    "price" : 112.29,
    "dma50" : 116.35,
    "dma100" : 118.95,
    "dma200" : 125.01,
    "volume" : 1257543.00
  }, {
    "date" : "2025-09-30",
    "price" : 114.29,
    "dma50" : 116.27,
    "dma100" : 119.01,
    "dma200" : 124.91,
    "volume" : 2069479.00
  }, {
    "date" : "2025-10-01",
    "price" : 119.81,
    "dma50" : 116.40,
    "dma100" : 119.02,
    "dma200" : 124.85,
    "volume" : 1658892.00
  }, {
    "date" : "2025-10-03",
    "price" : 120.53,
    "dma50" : 116.57,
    "dma100" : 119.05,
    "dma200" : 124.81,
    "volume" : 372343.00
  }, {
    "date" : "2025-10-06",
    "price" : 120.19,
    "dma50" : 116.71,
    "dma100" : 119.08,
    "dma200" : 124.77,
    "volume" : 409315.00
  }, {
    "date" : "2025-10-07",
    "price" : 122.53,
    "dma50" : 116.94,
    "dma100" : 119.12,
    "dma200" : 124.74,
    "volume" : 650173.00
  }, {
    "date" : "2025-10-08",
    "price" : 128.28,
    "dma50" : 117.38,
    "dma100" : 119.14,
    "dma200" : 124.78,
    "volume" : 2168545.00
  }, {
    "date" : "2025-10-09",
    "price" : 135.97,
    "dma50" : 118.11,
    "dma100" : 119.19,
    "dma200" : 124.89,
    "volume" : 3292209.00
  }, {
    "date" : "2025-10-10",
    "price" : 135.46,
    "dma50" : 118.79,
    "dma100" : 119.25,
    "dma200" : 124.99,
    "volume" : 945622.00
  }, {
    "date" : "2025-10-13",
    "price" : 133.42,
    "dma50" : 119.36,
    "dma100" : 119.24,
    "dma200" : 125.08,
    "volume" : 914118.00
  }, {
    "date" : "2025-10-14",
    "price" : 132.45,
    "dma50" : 119.88,
    "dma100" : 119.24,
    "dma200" : 125.15,
    "volume" : 1238537.00
  }, {
    "date" : "2025-10-15",
    "price" : 131.52,
    "dma50" : 120.33,
    "dma100" : 119.19,
    "dma200" : 125.22,
    "volume" : 382092.00
  }, {
    "date" : "2025-10-16",
    "price" : 132.89,
    "dma50" : 120.83,
    "dma100" : 119.16,
    "dma200" : 125.29,
    "volume" : 290676.00
  }, {
    "date" : "2025-10-17",
    "price" : 133.30,
    "dma50" : 121.32,
    "dma100" : 119.13,
    "dma200" : 125.37,
    "volume" : 446761.00
  }, {
    "date" : "2025-10-20",
    "price" : 139.00,
    "dma50" : 122.01,
    "dma100" : 119.19,
    "dma200" : 125.51,
    "volume" : 1667668.00
  }, {
    "date" : "2025-10-21",
    "price" : 140.11,
    "dma50" : 122.72,
    "dma100" : 119.28,
    "dma200" : 125.65,
    "volume" : 389650.00
  }, {
    "date" : "2025-10-23",
    "price" : 137.60,
    "dma50" : 123.30,
    "dma100" : 119.35,
    "dma200" : 125.77,
    "volume" : 500255.00
  }, {
    "date" : "2025-10-24",
    "price" : 135.02,
    "dma50" : 123.76,
    "dma100" : 119.41,
    "dma200" : 125.86,
    "volume" : 485123.00
  }, {
    "date" : "2025-10-27",
    "price" : 135.09,
    "dma50" : 124.21,
    "dma100" : 119.50,
    "dma200" : 125.96,
    "volume" : 444944.00
  }, {
    "date" : "2025-10-28",
    "price" : 133.91,
    "dma50" : 124.59,
    "dma100" : 119.58,
    "dma200" : 126.03,
    "volume" : 337400.00
  }, {
    "date" : "2025-10-29",
    "price" : 134.95,
    "dma50" : 124.99,
    "dma100" : 119.68,
    "dma200" : 126.12,
    "volume" : 658177.00
  }, {
    "date" : "2025-10-30",
    "price" : 137.93,
    "dma50" : 125.50,
    "dma100" : 119.79,
    "dma200" : 126.24,
    "volume" : 901889.00
  }, {
    "date" : "2025-10-31",
    "price" : 136.58,
    "dma50" : 125.94,
    "dma100" : 119.89,
    "dma200" : 126.34,
    "volume" : 638859.00
  }, {
    "date" : "2025-11-03",
    "price" : 137.63,
    "dma50" : 126.39,
    "dma100" : 119.99,
    "dma200" : 126.46,
    "volume" : 711512.00
  }, {
    "date" : "2025-11-04",
    "price" : 136.44,
    "dma50" : 126.79,
    "dma100" : 120.08,
    "dma200" : 126.56,
    "volume" : 237776.00
  }, {
    "date" : "2025-11-06",
    "price" : 131.59,
    "dma50" : 126.98,
    "dma100" : 120.12,
    "dma200" : 126.61,
    "volume" : 704835.00
  }, {
    "date" : "2025-11-07",
    "price" : 132.49,
    "dma50" : 127.19,
    "dma100" : 120.18,
    "dma200" : 126.66,
    "volume" : 248251.00
  }, {
    "date" : "2025-11-10",
    "price" : 138.05,
    "dma50" : 127.62,
    "dma100" : 120.31,
    "dma200" : 126.78,
    "volume" : 540847.00
  }, {
    "date" : "2025-11-11",
    "price" : 136.00,
    "dma50" : 127.95,
    "dma100" : 120.45,
    "dma200" : 126.87,
    "volume" : 500259.00
  }, {
    "date" : "2025-11-12",
    "price" : 142.13,
    "dma50" : 128.50,
    "dma100" : 120.65,
    "dma200" : 127.02,
    "volume" : 1420459.00
  }, {
    "date" : "2025-11-13",
    "price" : 140.37,
    "dma50" : 128.97,
    "dma100" : 120.86,
    "dma200" : 127.15,
    "volume" : 839242.00
  }, {
    "date" : "2025-11-14",
    "price" : 138.19,
    "dma50" : 129.33,
    "dma100" : 121.03,
    "dma200" : 127.26,
    "volume" : 2292190.00
  }, {
    "date" : "2025-11-17",
    "price" : 136.39,
    "dma50" : 129.61,
    "dma100" : 121.22,
    "dma200" : 127.35,
    "volume" : 1095045.00
  }, {
    "date" : "2025-11-18",
    "price" : 133.55,
    "dma50" : 129.76,
    "dma100" : 121.37,
    "dma200" : 127.42,
    "volume" : 391385.00
  }, {
    "date" : "2025-11-19",
    "price" : 129.77,
    "dma50" : 129.76,
    "dma100" : 121.43,
    "dma200" : 127.44,
    "volume" : 409907.00
  }, {
    "date" : "2025-11-20",
    "price" : 134.31,
    "dma50" : 129.94,
    "dma100" : 121.56,
    "dma200" : 127.51,
    "volume" : 857751.00
  }, {
    "date" : "2025-11-21",
    "price" : 129.72,
    "dma50" : 129.93,
    "dma100" : 121.65,
    "dma200" : 127.53,
    "volume" : 279930.00
  }, {
    "date" : "2025-11-24",
    "price" : 122.18,
    "dma50" : 129.63,
    "dma100" : 121.68,
    "dma200" : 127.48,
    "volume" : 1161012.00
  }, {
    "date" : "2025-11-25",
    "price" : 120.46,
    "dma50" : 129.27,
    "dma100" : 121.69,
    "dma200" : 127.41,
    "volume" : 834548.00
  }, {
    "date" : "2025-11-26",
    "price" : 121.74,
    "dma50" : 128.97,
    "dma100" : 121.72,
    "dma200" : 127.35,
    "volume" : 526384.00
  }, {
    "date" : "2025-11-27",
    "price" : 124.45,
    "dma50" : 128.80,
    "dma100" : 121.76,
    "dma200" : 127.32,
    "volume" : 356573.00
  }, {
    "date" : "2025-11-28",
    "price" : 119.99,
    "dma50" : 128.45,
    "dma100" : 121.76,
    "dma200" : 127.25,
    "volume" : 189432.00
  }, {
    "date" : "2025-12-01",
    "price" : 121.66,
    "dma50" : 128.18,
    "dma100" : 121.78,
    "dma200" : 127.19,
    "volume" : 1702090.00
  } ],
  "latestTechnicalAttributes" : {
    "date" : "2025-12-01",
    "price" : 121.66,
    "dma50" : 128.18,
    "dma100" : 121.78,
    "dma200" : 127.19,
    "volume" : 1702090.00
  },
  "quarterlyResults" : [ {
    "date" : "2006-03-31",
    "sales" : 70.94,
    "salesGrowthYoY" : null,
    "grossProfitMargin" : 18.83,
    "grossProfit" : 13.36,
    "operatingProfitMargin" : 6.15,
    "operatingProfit" : 4.36,
    "netProfitMargin" : 4.09,
    "netProfit" : 2.90
  }, {
    "date" : "2007-06-30",
    "sales" : 91.25,
    "salesGrowthYoY" : null,
    "grossProfitMargin" : 9.40,
    "grossProfit" : 8.58,
    "operatingProfitMargin" : 1.30,
    "operatingProfit" : 1.19,
    "netProfitMargin" : 4.31,
    "netProfit" : 3.93
  }, {
    "date" : "2007-09-30",
    "sales" : 122.99,
    "salesGrowthYoY" : null,
    "grossProfitMargin" : 18.60,
    "grossProfit" : 22.88,
    "operatingProfitMargin" : 11.20,
    "operatingProfit" : 13.77,
    "netProfitMargin" : 4.45,
    "netProfit" : 5.47
  }, {
    "date" : "2007-12-31",
    "sales" : 141.27,
    "salesGrowthYoY" : null,
    "grossProfitMargin" : 13.53,
    "grossProfit" : 19.11,
    "operatingProfitMargin" : 6.63,
    "operatingProfit" : 9.37,
    "netProfitMargin" : 4.72,
    "netProfit" : 6.67
  }, {
    "date" : "2008-03-31",
    "sales" : 77.54,
    "salesGrowthYoY" : 9.30,
    "grossProfitMargin" : 17.47,
    "grossProfit" : 13.55,
    "operatingProfitMargin" : 5.09,
    "operatingProfit" : 3.95,
    "netProfitMargin" : 2.18,
    "netProfit" : 1.69
  }, {
    "date" : "2008-06-30",
    "sales" : 59.81,
    "salesGrowthYoY" : -34.45,
    "grossProfitMargin" : 24.86,
    "grossProfit" : 14.87,
    "operatingProfitMargin" : 3.73,
    "operatingProfit" : 2.23,
    "netProfitMargin" : 0.54,
    "netProfit" : 0.32
  }, {
    "date" : "2008-09-30",
    "sales" : 114.93,
    "salesGrowthYoY" : -6.55,
    "grossProfitMargin" : 26.61,
    "grossProfit" : 30.58,
    "operatingProfitMargin" : 9.88,
    "operatingProfit" : 11.36,
    "netProfitMargin" : 7.45,
    "netProfit" : 8.56
  }, {
    "date" : "2008-12-31",
    "sales" : 195.04,
    "salesGrowthYoY" : 38.06,
    "grossProfitMargin" : 11.37,
    "grossProfit" : 22.18,
    "operatingProfitMargin" : 3.34,
    "operatingProfit" : 6.51,
    "netProfitMargin" : 0.83,
    "netProfit" : 1.62
  }, {
    "date" : "2009-03-31",
    "sales" : 299.67,
    "salesGrowthYoY" : 286.47,
    "grossProfitMargin" : 11.88,
    "grossProfit" : 35.60,
    "operatingProfitMargin" : 5.68,
    "operatingProfit" : 17.02,
    "netProfitMargin" : 3.29,
    "netProfit" : 9.86
  }, {
    "date" : "2009-06-30",
    "sales" : 90.70,
    "salesGrowthYoY" : 51.65,
    "grossProfitMargin" : 15.40,
    "grossProfit" : 13.97,
    "operatingProfitMargin" : 5.69,
    "operatingProfit" : 5.16,
    "netProfitMargin" : 2.56,
    "netProfit" : 2.32
  }, {
    "date" : "2009-09-30",
    "sales" : 119.01,
    "salesGrowthYoY" : 3.55,
    "grossProfitMargin" : 27.16,
    "grossProfit" : 32.32,
    "operatingProfitMargin" : 9.07,
    "operatingProfit" : 10.79,
    "netProfitMargin" : 5.53,
    "netProfit" : 6.58
  }, {
    "date" : "2009-12-31",
    "sales" : 201.46,
    "salesGrowthYoY" : 3.29,
    "grossProfitMargin" : 17.52,
    "grossProfit" : 35.30,
    "operatingProfitMargin" : 7.64,
    "operatingProfit" : 15.39,
    "netProfitMargin" : 5.77,
    "netProfit" : 11.62
  }, {
    "date" : "2010-03-31",
    "sales" : 64.21,
    "salesGrowthYoY" : -78.57,
    "grossProfitMargin" : 32.22,
    "grossProfit" : 20.69,
    "operatingProfitMargin" : 10.01,
    "operatingProfit" : 6.43,
    "netProfitMargin" : 4.52,
    "netProfit" : 2.90
  }, {
    "date" : "2010-06-30",
    "sales" : 81.53,
    "salesGrowthYoY" : -10.11,
    "grossProfitMargin" : 29.95,
    "grossProfit" : 24.42,
    "operatingProfitMargin" : 3.42,
    "operatingProfit" : 2.79,
    "netProfitMargin" : 0.64,
    "netProfit" : 0.52
  }, {
    "date" : "2010-09-30",
    "sales" : 116.63,
    "salesGrowthYoY" : -2.00,
    "grossProfitMargin" : 29.02,
    "grossProfit" : 33.85,
    "operatingProfitMargin" : 10.99,
    "operatingProfit" : 12.82,
    "netProfitMargin" : 6.80,
    "netProfit" : 7.93
  }, {
    "date" : "2010-12-31",
    "sales" : 248.19,
    "salesGrowthYoY" : 23.20,
    "grossProfitMargin" : 19.27,
    "grossProfit" : 47.83,
    "operatingProfitMargin" : 7.04,
    "operatingProfit" : 17.47,
    "netProfitMargin" : 5.41,
    "netProfit" : 13.43
  }, {
    "date" : "2011-03-31",
    "sales" : 158.94,
    "salesGrowthYoY" : 147.53,
    "grossProfitMargin" : 22.44,
    "grossProfit" : 35.67,
    "operatingProfitMargin" : 9.66,
    "operatingProfit" : 15.35,
    "netProfitMargin" : 7.00,
    "netProfit" : 11.13
  }, {
    "date" : "2011-06-30",
    "sales" : 116.10,
    "salesGrowthYoY" : 42.40,
    "grossProfitMargin" : 21.65,
    "grossProfit" : 25.14,
    "operatingProfitMargin" : 3.01,
    "operatingProfit" : 3.49,
    "netProfitMargin" : 1.15,
    "netProfit" : 1.34
  }, {
    "date" : "2011-09-30",
    "sales" : 226.43,
    "salesGrowthYoY" : 94.14,
    "grossProfitMargin" : 29.82,
    "grossProfit" : 67.52,
    "operatingProfitMargin" : 6.96,
    "operatingProfit" : 15.76,
    "netProfitMargin" : 4.70,
    "netProfit" : 10.64
  }, {
    "date" : "2011-12-31",
    "sales" : 248.85,
    "salesGrowthYoY" : 0.27,
    "grossProfitMargin" : 29.65,
    "grossProfit" : 73.78,
    "operatingProfitMargin" : 12.74,
    "operatingProfit" : 31.70,
    "netProfitMargin" : 7.63,
    "netProfit" : 18.99
  }, {
    "date" : "2012-03-31",
    "sales" : 118.05,
    "salesGrowthYoY" : -25.73,
    "grossProfitMargin" : 21.05,
    "grossProfit" : 24.85,
    "operatingProfitMargin" : 7.71,
    "operatingProfit" : 9.10,
    "netProfitMargin" : 8.66,
    "netProfit" : 10.22
  }, {
    "date" : "2012-06-30",
    "sales" : 112.34,
    "salesGrowthYoY" : -3.24,
    "grossProfitMargin" : 33.40,
    "grossProfit" : 37.52,
    "operatingProfitMargin" : -2.16,
    "operatingProfit" : -2.43,
    "netProfitMargin" : -4.30,
    "netProfit" : -4.83
  }, {
    "date" : "2012-09-30",
    "sales" : 187.14,
    "salesGrowthYoY" : -17.35,
    "grossProfitMargin" : 21.04,
    "grossProfit" : 39.37,
    "operatingProfitMargin" : 4.28,
    "operatingProfit" : 8.01,
    "netProfitMargin" : 8.58,
    "netProfit" : 16.06
  }, {
    "date" : "2012-12-31",
    "sales" : 256.05,
    "salesGrowthYoY" : 2.89,
    "grossProfitMargin" : 17.98,
    "grossProfit" : 46.04,
    "operatingProfitMargin" : 3.69,
    "operatingProfit" : 9.45,
    "netProfitMargin" : 0.90,
    "netProfit" : 2.30
  }, {
    "date" : "2013-03-31",
    "sales" : 163.48,
    "salesGrowthYoY" : 38.48,
    "grossProfitMargin" : 20.06,
    "grossProfit" : 32.79,
    "operatingProfitMargin" : 2.29,
    "operatingProfit" : 3.74,
    "netProfitMargin" : -0.09,
    "netProfit" : -0.15
  }, {
    "date" : "2013-06-30",
    "sales" : 153.64,
    "salesGrowthYoY" : 36.76,
    "grossProfitMargin" : 32.77,
    "grossProfit" : 50.35,
    "operatingProfitMargin" : 5.49,
    "operatingProfit" : 8.43,
    "netProfitMargin" : 3.43,
    "netProfit" : 5.27
  }, {
    "date" : "2013-09-30",
    "sales" : 259.05,
    "salesGrowthYoY" : 38.43,
    "grossProfitMargin" : 27.19,
    "grossProfit" : 70.44,
    "operatingProfitMargin" : 3.38,
    "operatingProfit" : 8.76,
    "netProfitMargin" : 1.83,
    "netProfit" : 4.74
  }, {
    "date" : "2013-12-31",
    "sales" : 363.23,
    "salesGrowthYoY" : 41.86,
    "grossProfitMargin" : 18.61,
    "grossProfit" : 67.60,
    "operatingProfitMargin" : 6.23,
    "operatingProfit" : 22.63,
    "netProfitMargin" : 4.21,
    "netProfit" : 15.29
  }, {
    "date" : "2014-03-31",
    "sales" : 206.38,
    "salesGrowthYoY" : 26.24,
    "grossProfitMargin" : 22.23,
    "grossProfit" : 45.88,
    "operatingProfitMargin" : 3.54,
    "operatingProfit" : 7.31,
    "netProfitMargin" : 0.87,
    "netProfit" : 1.80
  }, {
    "date" : "2014-06-30",
    "sales" : 196.06,
    "salesGrowthYoY" : 27.61,
    "grossProfitMargin" : 22.72,
    "grossProfit" : 44.54,
    "operatingProfitMargin" : 5.94,
    "operatingProfit" : 11.65,
    "netProfitMargin" : 2.48,
    "netProfit" : 4.86
  }, {
    "date" : "2014-09-30",
    "sales" : 245.06,
    "salesGrowthYoY" : -5.40,
    "grossProfitMargin" : 17.35,
    "grossProfit" : 42.52,
    "operatingProfitMargin" : 4.62,
    "operatingProfit" : 11.32,
    "netProfitMargin" : 2.63,
    "netProfit" : 6.45
  }, {
    "date" : "2014-12-31",
    "sales" : 421.14,
    "salesGrowthYoY" : 15.94,
    "grossProfitMargin" : 13.80,
    "grossProfit" : 58.12,
    "operatingProfitMargin" : 6.47,
    "operatingProfit" : 27.25,
    "netProfitMargin" : 4.78,
    "netProfit" : 20.13
  }, {
    "date" : "2015-03-31",
    "sales" : 198.12,
    "salesGrowthYoY" : -4.00,
    "grossProfitMargin" : 17.91,
    "grossProfit" : 35.48,
    "operatingProfitMargin" : 3.31,
    "operatingProfit" : 6.56,
    "netProfitMargin" : 1.52,
    "netProfit" : 3.01
  }, {
    "date" : "2015-06-30",
    "sales" : 212.46,
    "salesGrowthYoY" : 8.36,
    "grossProfitMargin" : 19.48,
    "grossProfit" : 41.39,
    "operatingProfitMargin" : 4.98,
    "operatingProfit" : 10.58,
    "netProfitMargin" : 2.49,
    "netProfit" : 5.29
  }, {
    "date" : "2015-09-30",
    "sales" : 316.82,
    "salesGrowthYoY" : 29.28,
    "grossProfitMargin" : 17.56,
    "grossProfit" : 55.63,
    "operatingProfitMargin" : 3.74,
    "operatingProfit" : 11.85,
    "netProfitMargin" : 2.53,
    "netProfit" : 8.02
  }, {
    "date" : "2015-12-31",
    "sales" : 367.39,
    "salesGrowthYoY" : -12.76,
    "grossProfitMargin" : 16.78,
    "grossProfit" : 61.65,
    "operatingProfitMargin" : 6.63,
    "operatingProfit" : 24.36,
    "netProfitMargin" : 4.75,
    "netProfit" : 17.45
  }, {
    "date" : "2016-03-31",
    "sales" : 246.24,
    "salesGrowthYoY" : 24.29,
    "grossProfitMargin" : 15.66,
    "grossProfit" : 38.56,
    "operatingProfitMargin" : 2.01,
    "operatingProfit" : 4.95,
    "netProfitMargin" : 1.11,
    "netProfit" : 2.73
  }, {
    "date" : "2016-06-30",
    "sales" : 253.95,
    "salesGrowthYoY" : 19.53,
    "grossProfitMargin" : 17.59,
    "grossProfit" : 44.67,
    "operatingProfitMargin" : 4.10,
    "operatingProfit" : 10.41,
    "netProfitMargin" : 2.52,
    "netProfit" : 6.40
  }, {
    "date" : "2016-09-30",
    "sales" : 265.07,
    "salesGrowthYoY" : -16.33,
    "grossProfitMargin" : 19.13,
    "grossProfit" : 50.71,
    "operatingProfitMargin" : 5.24,
    "operatingProfit" : 13.89,
    "netProfitMargin" : 2.95,
    "netProfit" : 7.82
  }, {
    "date" : "2016-12-31",
    "sales" : 352.24,
    "salesGrowthYoY" : -4.12,
    "grossProfitMargin" : 17.29,
    "grossProfit" : 60.90,
    "operatingProfitMargin" : 7.40,
    "operatingProfit" : 26.07,
    "netProfitMargin" : 4.78,
    "netProfit" : 16.84
  }, {
    "date" : "2017-03-31",
    "sales" : 229.16,
    "salesGrowthYoY" : -6.94,
    "grossProfitMargin" : 13.55,
    "grossProfit" : 31.05,
    "operatingProfitMargin" : 0.53,
    "operatingProfit" : 1.21,
    "netProfitMargin" : -0.64,
    "netProfit" : -1.47
  }, {
    "date" : "2017-06-30",
    "sales" : 169.37,
    "salesGrowthYoY" : -33.31,
    "grossProfitMargin" : 23.05,
    "grossProfit" : 39.04,
    "operatingProfitMargin" : 5.45,
    "operatingProfit" : 9.23,
    "netProfitMargin" : 2.99,
    "netProfit" : 5.06
  }, {
    "date" : "2017-09-30",
    "sales" : 271.72,
    "salesGrowthYoY" : 2.51,
    "grossProfitMargin" : 19.42,
    "grossProfit" : 52.77,
    "operatingProfitMargin" : 6.07,
    "operatingProfit" : 16.49,
    "netProfitMargin" : 3.54,
    "netProfit" : 9.62
  }, {
    "date" : "2017-12-31",
    "sales" : 329.52,
    "salesGrowthYoY" : -6.45,
    "grossProfitMargin" : 19.55,
    "grossProfit" : 64.42,
    "operatingProfitMargin" : 8.30,
    "operatingProfit" : 27.35,
    "netProfitMargin" : 4.99,
    "netProfit" : 16.44
  }, {
    "date" : "2018-03-31",
    "sales" : 251.10,
    "salesGrowthYoY" : 9.57,
    "grossProfitMargin" : 13.35,
    "grossProfit" : 33.52,
    "operatingProfitMargin" : 1.78,
    "operatingProfit" : 4.47,
    "netProfitMargin" : 1.82,
    "netProfit" : 4.57
  }, {
    "date" : "2018-06-30",
    "sales" : 239.08,
    "salesGrowthYoY" : 41.16,
    "grossProfitMargin" : 18.93,
    "grossProfit" : 45.26,
    "operatingProfitMargin" : 3.97,
    "operatingProfit" : 9.49,
    "netProfitMargin" : 2.00,
    "netProfit" : 4.78
  }, {
    "date" : "2018-09-30",
    "sales" : 336.20,
    "salesGrowthYoY" : 23.73,
    "grossProfitMargin" : 23.70,
    "grossProfit" : 79.68,
    "operatingProfitMargin" : 6.70,
    "operatingProfit" : 22.53,
    "netProfitMargin" : 3.92,
    "netProfit" : 13.18
  }, {
    "date" : "2018-12-31",
    "sales" : 414.54,
    "salesGrowthYoY" : 25.80,
    "grossProfitMargin" : 15.24,
    "grossProfit" : 63.18,
    "operatingProfitMargin" : 2.91,
    "operatingProfit" : 12.06,
    "netProfitMargin" : 1.27,
    "netProfit" : 5.26
  }, {
    "date" : "2019-03-31",
    "sales" : 288.39,
    "salesGrowthYoY" : 14.85,
    "grossProfitMargin" : 19.96,
    "grossProfit" : 57.56,
    "operatingProfitMargin" : 3.15,
    "operatingProfit" : 9.08,
    "netProfitMargin" : 1.32,
    "netProfit" : 3.81
  }, {
    "date" : "2019-06-30",
    "sales" : 234.65,
    "salesGrowthYoY" : -1.85,
    "grossProfitMargin" : 22.96,
    "grossProfit" : 53.88,
    "operatingProfitMargin" : 4.84,
    "operatingProfit" : 11.36,
    "netProfitMargin" : 1.99,
    "netProfit" : 4.67
  }, {
    "date" : "2019-09-30",
    "sales" : 358.09,
    "salesGrowthYoY" : 6.51,
    "grossProfitMargin" : 20.70,
    "grossProfit" : 74.12,
    "operatingProfitMargin" : 5.29,
    "operatingProfit" : 18.94,
    "netProfitMargin" : 2.72,
    "netProfit" : 9.74
  }, {
    "date" : "2019-12-31",
    "sales" : 444.71,
    "salesGrowthYoY" : 7.28,
    "grossProfitMargin" : 11.91,
    "grossProfit" : 52.96,
    "operatingProfitMargin" : 2.67,
    "operatingProfit" : 11.87,
    "netProfitMargin" : 1.22,
    "netProfit" : 5.43
  }, {
    "date" : "2020-03-31",
    "sales" : 223.21,
    "salesGrowthYoY" : -22.60,
    "grossProfitMargin" : 27.34,
    "grossProfit" : 61.03,
    "operatingProfitMargin" : 9.59,
    "operatingProfit" : 21.41,
    "netProfitMargin" : 6.53,
    "netProfit" : 14.58
  }, {
    "date" : "2020-06-30",
    "sales" : 83.34,
    "salesGrowthYoY" : -64.48,
    "grossProfitMargin" : 19.67,
    "grossProfit" : 16.39,
    "operatingProfitMargin" : -12.30,
    "operatingProfit" : -10.25,
    "netProfitMargin" : -10.55,
    "netProfit" : -8.79
  }, {
    "date" : "2020-09-30",
    "sales" : 300.92,
    "salesGrowthYoY" : -15.97,
    "grossProfitMargin" : 23.81,
    "grossProfit" : 71.65,
    "operatingProfitMargin" : 8.92,
    "operatingProfit" : 26.84,
    "netProfitMargin" : 5.02,
    "netProfit" : 15.11
  }, {
    "date" : "2020-12-31",
    "sales" : 434.96,
    "salesGrowthYoY" : -2.19,
    "grossProfitMargin" : 15.48,
    "grossProfit" : 67.33,
    "operatingProfitMargin" : 4.69,
    "operatingProfit" : 20.40,
    "netProfitMargin" : 2.24,
    "netProfit" : 9.74
  }, {
    "date" : "2021-03-31",
    "sales" : 283.31,
    "salesGrowthYoY" : 26.93,
    "grossProfitMargin" : 16.07,
    "grossProfit" : 45.53,
    "operatingProfitMargin" : 3.64,
    "operatingProfit" : 10.31,
    "netProfitMargin" : 1.81,
    "netProfit" : 5.13
  }, {
    "date" : "2021-06-30",
    "sales" : 302.72,
    "salesGrowthYoY" : 263.23,
    "grossProfitMargin" : 18.45,
    "grossProfit" : 55.85,
    "operatingProfitMargin" : 2.90,
    "operatingProfit" : 8.78,
    "netProfitMargin" : 4.06,
    "netProfit" : 12.29
  }, {
    "date" : "2021-09-30",
    "sales" : 395.26,
    "salesGrowthYoY" : 31.35,
    "grossProfitMargin" : 20.21,
    "grossProfit" : 79.88,
    "operatingProfitMargin" : 6.34,
    "operatingProfit" : 25.06,
    "netProfitMargin" : 3.03,
    "netProfit" : 11.98
  }, {
    "date" : "2021-12-31",
    "sales" : 483.36,
    "salesGrowthYoY" : 11.13,
    "grossProfitMargin" : 16.65,
    "grossProfit" : 80.48,
    "operatingProfitMargin" : 6.09,
    "operatingProfit" : 29.44,
    "netProfitMargin" : 2.78,
    "netProfit" : 13.44
  }, {
    "date" : "2022-03-31",
    "sales" : 335.94,
    "salesGrowthYoY" : 18.58,
    "grossProfitMargin" : 15.56,
    "grossProfit" : 52.27,
    "operatingProfitMargin" : 1.88,
    "operatingProfit" : 6.32,
    "netProfitMargin" : 0.79,
    "netProfit" : 2.65
  }, {
    "date" : "2022-06-30",
    "sales" : 276.91,
    "salesGrowthYoY" : -8.53,
    "grossProfitMargin" : 22.81,
    "grossProfit" : 63.16,
    "operatingProfitMargin" : 3.35,
    "operatingProfit" : 9.28,
    "netProfitMargin" : 0.83,
    "netProfit" : 2.30
  }, {
    "date" : "2022-09-30",
    "sales" : 334.33,
    "salesGrowthYoY" : -15.42,
    "grossProfitMargin" : 25.62,
    "grossProfit" : 85.66,
    "operatingProfitMargin" : 5.64,
    "operatingProfit" : 18.86,
    "netProfitMargin" : 2.60,
    "netProfit" : 8.69
  }, {
    "date" : "2022-12-31",
    "sales" : 437.81,
    "salesGrowthYoY" : -9.42,
    "grossProfitMargin" : 19.52,
    "grossProfit" : 85.46,
    "operatingProfitMargin" : 5.21,
    "operatingProfit" : 22.81,
    "netProfitMargin" : 2.64,
    "netProfit" : 11.56
  }, {
    "date" : "2023-03-31",
    "sales" : 305.76,
    "salesGrowthYoY" : -8.98,
    "grossProfitMargin" : 22.02,
    "grossProfit" : 67.33,
    "operatingProfitMargin" : 1.95,
    "operatingProfit" : 5.96,
    "netProfitMargin" : -0.81,
    "netProfit" : -2.48
  }, {
    "date" : "2023-06-30",
    "sales" : 295.31,
    "salesGrowthYoY" : 6.64,
    "grossProfitMargin" : 23.45,
    "grossProfit" : 69.25,
    "operatingProfitMargin" : 3.81,
    "operatingProfit" : 11.25,
    "netProfitMargin" : 0.73,
    "netProfit" : 2.16
  }, {
    "date" : "2023-09-30",
    "sales" : 321.80,
    "salesGrowthYoY" : -3.75,
    "grossProfitMargin" : 25.26,
    "grossProfit" : 81.29,
    "operatingProfitMargin" : 6.57,
    "operatingProfit" : 21.14,
    "netProfitMargin" : 2.94,
    "netProfit" : 9.46
  }, {
    "date" : "2023-12-31",
    "sales" : 428.29,
    "salesGrowthYoY" : -2.17,
    "grossProfitMargin" : 17.61,
    "grossProfit" : 75.42,
    "operatingProfitMargin" : 4.32,
    "operatingProfit" : 18.50,
    "netProfitMargin" : 1.32,
    "netProfit" : 5.65
  }, {
    "date" : "2024-03-31",
    "sales" : 345.58,
    "salesGrowthYoY" : 13.02,
    "grossProfitMargin" : 19.65,
    "grossProfit" : 67.91,
    "operatingProfitMargin" : 3.83,
    "operatingProfit" : 13.24,
    "netProfitMargin" : 0.99,
    "netProfit" : 3.42
  }, {
    "date" : "2024-06-30",
    "sales" : 299.62,
    "salesGrowthYoY" : 1.46,
    "grossProfitMargin" : 28.26,
    "grossProfit" : 84.67,
    "operatingProfitMargin" : 9.16,
    "operatingProfit" : 27.45,
    "netProfitMargin" : 4.61,
    "netProfit" : 13.81
  }, {
    "date" : "2024-09-30",
    "sales" : 324.66,
    "salesGrowthYoY" : 0.89,
    "grossProfitMargin" : 27.31,
    "grossProfit" : 88.66,
    "operatingProfitMargin" : 7.55,
    "operatingProfit" : 24.51,
    "netProfitMargin" : 3.08,
    "netProfit" : 10.00
  }, {
    "date" : "2024-12-31",
    "sales" : 494.42,
    "salesGrowthYoY" : 15.44,
    "grossProfitMargin" : 15.16,
    "grossProfit" : 74.95,
    "operatingProfitMargin" : 3.16,
    "operatingProfit" : 15.62,
    "netProfitMargin" : 0.68,
    "netProfit" : 3.36
  }, {
    "date" : "2025-03-31",
    "sales" : 348.94,
    "salesGrowthYoY" : 0.97,
    "grossProfitMargin" : 22.38,
    "grossProfit" : 78.09,
    "operatingProfitMargin" : 4.67,
    "operatingProfit" : 16.30,
    "netProfitMargin" : 2.61,
    "netProfit" : 9.11
  }, {
    "date" : "2025-06-30",
    "sales" : 278.23,
    "salesGrowthYoY" : -7.14,
    "grossProfitMargin" : 23.92,
    "grossProfit" : 66.55,
    "operatingProfitMargin" : 4.77,
    "operatingProfit" : 13.27,
    "netProfitMargin" : 2.18,
    "netProfit" : 6.07
  }, {
    "date" : "2025-09-30",
    "sales" : 262.87,
    "salesGrowthYoY" : -19.03,
    "grossProfitMargin" : 27.96,
    "grossProfit" : 73.50,
    "operatingProfitMargin" : 4.62,
    "operatingProfit" : 12.14,
    "netProfitMargin" : 0.46,
    "netProfit" : 1.21
  } ],
  "latestQuarterlyResult" : {
    "date" : "2025-09-30",
    "sales" : 262.87,
    "salesGrowthYoY" : -19.03,
    "grossProfitMargin" : 27.96,
    "grossProfit" : 73.50,
    "operatingProfitMargin" : 4.62,
    "operatingProfit" : 12.14,
    "netProfitMargin" : 0.46,
    "netProfit" : 1.21
  },
  "companyScore" : {
    "priceHigherThanDma50" : 0.00,
    "priceHigherThanDma100" : 0.00,
    "priceHigherThanDma200" : 0.00,
    "dma50HigherThanDma100" : 5.00,
    "dma50HigherThanDma200" : 5.00,
    "dma100HigherThanDma200" : 0.00,
    "pricePercentageAboveDma50" : 5.25,
    "pricePercentageAboveDma100" : 5.00,
    "pricePercentageAboveDma200" : 5.22,
    "weeklyVolumeHigherThanYearlyVolume" : 5.00,
    "salesGrowthPercentile" : 3.26,
    "operatingProfitMarginPercentile" : 13.51,
    "netProfitMarginPercentile" : 5.73,
    "totalTechnicalScore" : 30.48,
    "totalFundamentalScore" : 22.51,
    "totalScore" : 52.98
  }
}