{
  "metadata" : {
    "screenerCompanyId" : "2357",
    "companyCode" : "RHIM",
    "companyName" : "RHI Magnesita",
    "screenerCompanyLink" : "https://www.screener.in/company/RHIM/consolidated/",
    "screenerTechnicalHistoryLink" : "https://www.screener.in/api/company/2357/chart/?q=Price-DMA50-DMA200-Volume&days=365",
    "screenerQuarterlyResultsLink" : "https://www.screener.in/api/company/2357/chart/?q=GPM-OPM-NPM-Quarter+Sales&days=10000",
    "attributes" : {
      "companyCode" : "RHIM",
      "companyName" : "RHI Magnesita",
      "marketCap" : 9468.00,
      "peRatio" : 55.20,
      "description" : "RHI Magnestia India ltd earlier known as Orient Refractories Limited (ORL) is in the business of manufacturing and marketing special refractory products, systems and services to the steel industry in India and Globally. It is a market leader for special refractories in India and has many global customers for its international quality products.[1]"
    },
    "companyScore" : {
      "priceHigherThanDma50" : 5.00,
      "priceHigherThanDma100" : 5.00,
      "priceHigherThanDma200" : 0.00,
      "dma50HigherThanDma100" : 0.00,
      "dma50HigherThanDma200" : 0.00,
      "dma100HigherThanDma200" : 0.00,
      "pricePercentageAboveDma50" : 4.92,
      "pricePercentageAboveDma100" : 4.95,
      "pricePercentageAboveDma200" : 5.10,
      "weeklyVolumeHigherThanYearlyVolume" : 0.00,
      "salesGrowthPercentile" : 10.94,
      "operatingProfitMarginPercentile" : 5.62,
      "netProfitMarginPercentile" : 3.76,
      "totalTechnicalScore" : 24.97,
      "totalFundamentalScore" : 20.32,
      "totalScore" : 45.29
    }
  },
  "attributes" : {
    "companyCode" : "RHIM",
    "companyName" : "RHI Magnesita",
    "marketCap" : 9468.00,
    "peRatio" : 55.20,
    "description" : "RHI Magnestia India ltd earlier known as Orient Refractories Limited (ORL) is in the business of manufacturing and marketing special refractory products, systems and services to the steel industry in India and Globally. It is a market leader for special refractories in India and has many global customers for its international quality products.[1]"
  },
  "technicalHistory" : [ {
    "date" : "2025-02-24",
    "price" : 390.20,
    "dma50" : 470.35,
    "dma100" : null,
    "dma200" : 553.38,
    "volume" : 321123.00
  }, {
    "date" : "2025-02-25",
    "price" : 389.55,
    "dma50" : 467.18,
    "dma100" : null,
    "dma200" : 551.75,
    "volume" : 448336.00
  }, {
    "date" : "2025-02-27",
    "price" : 389.90,
    "dma50" : 464.15,
    "dma100" : null,
    "dma200" : 550.13,
    "volume" : 148588.00
  }, {
    "date" : "2025-02-28",
    "price" : 391.70,
    "dma50" : 461.31,
    "dma100" : null,
    "dma200" : 548.56,
    "volume" : 206968.00
  }, {
    "date" : "2025-03-03",
    "price" : 389.85,
    "dma50" : 458.51,
    "dma100" : null,
    "dma200" : 546.98,
    "volume" : 241683.00
  }, {
    "date" : "2025-03-04",
    "price" : 394.55,
    "dma50" : 456.00,
    "dma100" : null,
    "dma200" : 545.46,
    "volume" : 426085.00
  }, {
    "date" : "2025-03-05",
    "price" : 403.50,
    "dma50" : 453.94,
    "dma100" : null,
    "dma200" : 544.05,
    "volume" : 527333.00
  }, {
    "date" : "2025-03-06",
    "price" : 421.45,
    "dma50" : 452.67,
    "dma100" : null,
    "dma200" : 542.83,
    "volume" : 342746.00
  }, {
    "date" : "2025-03-07",
    "price" : 417.20,
    "dma50" : 451.27,
    "dma100" : null,
    "dma200" : 541.58,
    "volume" : 228020.00
  }, {
    "date" : "2025-03-10",
    "price" : 404.15,
    "dma50" : 449.43,
    "dma100" : null,
    "dma200" : 540.21,
    "volume" : 123708.00
  }, {
    "date" : "2025-03-11",
    "price" : 396.90,
    "dma50" : 447.37,
    "dma100" : null,
    "dma200" : 538.79,
    "volume" : 74692.00
  }, {
    "date" : "2025-03-12",
    "price" : 395.10,
    "dma50" : 445.32,
    "dma100" : null,
    "dma200" : 537.36,
    "volume" : 411299.00
  }, {
    "date" : "2025-03-13",
    "price" : 392.30,
    "dma50" : 443.24,
    "dma100" : null,
    "dma200" : 535.91,
    "volume" : 113170.00
  }, {
    "date" : "2025-03-17",
    "price" : 386.95,
    "dma50" : 441.03,
    "dma100" : null,
    "dma200" : 534.43,
    "volume" : 262014.00
  }, {
    "date" : "2025-03-18",
    "price" : 397.65,
    "dma50" : 439.33,
    "dma100" : null,
    "dma200" : 533.07,
    "volume" : 193820.00
  }, {
    "date" : "2025-03-19",
    "price" : 416.10,
    "dma50" : 438.42,
    "dma100" : null,
    "dma200" : 531.91,
    "volume" : 209551.00
  }, {
    "date" : "2025-03-20",
    "price" : 461.60,
    "dma50" : 439.33,
    "dma100" : null,
    "dma200" : 531.21,
    "volume" : 7894456.00
  }, {
    "date" : "2025-03-21",
    "price" : 470.25,
    "dma50" : 440.54,
    "dma100" : null,
    "dma200" : 530.60,
    "volume" : 863894.00
  }, {
    "date" : "2025-03-24",
    "price" : 469.70,
    "dma50" : 441.68,
    "dma100" : null,
    "dma200" : 529.99,
    "volume" : 382781.00
  }, {
    "date" : "2025-03-25",
    "price" : 465.90,
    "dma50" : 442.63,
    "dma100" : null,
    "dma200" : 529.36,
    "volume" : 317356.00
  }, {
    "date" : "2025-03-26",
    "price" : 465.15,
    "dma50" : 443.52,
    "dma100" : null,
    "dma200" : 528.72,
    "volume" : 184185.00
  }, {
    "date" : "2025-03-27",
    "price" : 514.70,
    "dma50" : 446.31,
    "dma100" : null,
    "dma200" : 528.58,
    "volume" : 23451709.00
  }, {
    "date" : "2025-03-28",
    "price" : 507.30,
    "dma50" : 448.70,
    "dma100" : null,
    "dma200" : 528.37,
    "volume" : 6992066.00
  }, {
    "date" : "2025-04-01",
    "price" : 533.65,
    "dma50" : 452.03,
    "dma100" : null,
    "dma200" : 528.42,
    "volume" : 4169145.00
  }, {
    "date" : "2025-04-02",
    "price" : 510.60,
    "dma50" : 454.33,
    "dma100" : null,
    "dma200" : 528.24,
    "volume" : 592500.00
  }, {
    "date" : "2025-04-03",
    "price" : 504.10,
    "dma50" : 456.28,
    "dma100" : null,
    "dma200" : 528.00,
    "volume" : 282895.00
  }, {
    "date" : "2025-04-04",
    "price" : 480.45,
    "dma50" : 457.23,
    "dma100" : null,
    "dma200" : 527.53,
    "volume" : 346432.00
  }, {
    "date" : "2025-04-07",
    "price" : 464.15,
    "dma50" : 457.50,
    "dma100" : null,
    "dma200" : 526.90,
    "volume" : 342883.00
  }, {
    "date" : "2025-04-08",
    "price" : 464.00,
    "dma50" : 457.75,
    "dma100" : null,
    "dma200" : 526.27,
    "volume" : 205704.00
  }, {
    "date" : "2025-04-09",
    "price" : 458.60,
    "dma50" : 457.79,
    "dma100" : null,
    "dma200" : 525.60,
    "volume" : 2449192.00
  }, {
    "date" : "2025-04-11",
    "price" : 468.15,
    "dma50" : 458.19,
    "dma100" : null,
    "dma200" : 525.03,
    "volume" : 355910.00
  }, {
    "date" : "2025-04-15",
    "price" : 489.05,
    "dma50" : 459.40,
    "dma100" : null,
    "dma200" : 524.67,
    "volume" : 375684.00
  }, {
    "date" : "2025-04-16",
    "price" : 486.20,
    "dma50" : 460.45,
    "dma100" : null,
    "dma200" : 524.29,
    "volume" : 193087.00
  }, {
    "date" : "2025-04-17",
    "price" : 474.50,
    "dma50" : 461.01,
    "dma100" : null,
    "dma200" : 523.79,
    "volume" : 207540.00
  }, {
    "date" : "2025-04-21",
    "price" : 479.45,
    "dma50" : 461.73,
    "dma100" : null,
    "dma200" : 523.35,
    "volume" : 162298.00
  }, {
    "date" : "2025-04-22",
    "price" : 476.40,
    "dma50" : 462.30,
    "dma100" : null,
    "dma200" : 522.88,
    "volume" : 182680.00
  }, {
    "date" : "2025-04-23",
    "price" : 467.35,
    "dma50" : 462.50,
    "dma100" : null,
    "dma200" : 522.33,
    "volume" : 269992.00
  }, {
    "date" : "2025-04-24",
    "price" : 462.70,
    "dma50" : 462.51,
    "dma100" : null,
    "dma200" : 521.74,
    "volume" : 212245.00
  }, {
    "date" : "2025-04-25",
    "price" : 444.00,
    "dma50" : 461.78,
    "dma100" : null,
    "dma200" : 520.96,
    "volume" : 257084.00
  }, {
    "date" : "2025-04-28",
    "price" : 449.25,
    "dma50" : 461.29,
    "dma100" : null,
    "dma200" : 520.25,
    "volume" : 310949.00
  }, {
    "date" : "2025-04-29",
    "price" : 443.75,
    "dma50" : 460.60,
    "dma100" : null,
    "dma200" : 519.49,
    "volume" : 128626.00
  }, {
    "date" : "2025-04-30",
    "price" : 441.20,
    "dma50" : 459.84,
    "dma100" : null,
    "dma200" : 518.71,
    "volume" : 1117853.00
  }, {
    "date" : "2025-05-02",
    "price" : 456.75,
    "dma50" : 459.72,
    "dma100" : null,
    "dma200" : 518.09,
    "volume" : 314049.00
  }, {
    "date" : "2025-05-05",
    "price" : 445.25,
    "dma50" : 459.15,
    "dma100" : null,
    "dma200" : 517.37,
    "volume" : 363444.00
  }, {
    "date" : "2025-05-06",
    "price" : 444.55,
    "dma50" : 458.58,
    "dma100" : null,
    "dma200" : 516.64,
    "volume" : 170164.00
  }, {
    "date" : "2025-05-07",
    "price" : 443.85,
    "dma50" : 458.00,
    "dma100" : null,
    "dma200" : 515.92,
    "volume" : 143316.00
  }, {
    "date" : "2025-05-08",
    "price" : 437.60,
    "dma50" : 457.20,
    "dma100" : null,
    "dma200" : 515.14,
    "volume" : 176528.00
  }, {
    "date" : "2025-05-09",
    "price" : 438.10,
    "dma50" : 456.45,
    "dma100" : null,
    "dma200" : 514.37,
    "volume" : 139031.00
  }, {
    "date" : "2025-05-12",
    "price" : 451.00,
    "dma50" : 456.24,
    "dma100" : null,
    "dma200" : 513.74,
    "volume" : 206584.00
  }, {
    "date" : "2025-05-13",
    "price" : 449.00,
    "dma50" : 455.96,
    "dma100" : null,
    "dma200" : 513.10,
    "volume" : 113989.00
  }, {
    "date" : "2025-05-14",
    "price" : 458.45,
    "dma50" : 456.05,
    "dma100" : null,
    "dma200" : 512.55,
    "volume" : 225694.00
  }, {
    "date" : "2025-05-15",
    "price" : 460.00,
    "dma50" : 456.21,
    "dma100" : null,
    "dma200" : 512.03,
    "volume" : 181406.00
  }, {
    "date" : "2025-05-16",
    "price" : 464.45,
    "dma50" : 456.53,
    "dma100" : null,
    "dma200" : 511.56,
    "volume" : 128671.00
  }, {
    "date" : "2025-05-19",
    "price" : 472.15,
    "dma50" : 457.14,
    "dma100" : null,
    "dma200" : 511.17,
    "volume" : 256516.00
  }, {
    "date" : "2025-05-20",
    "price" : 464.20,
    "dma50" : 457.42,
    "dma100" : null,
    "dma200" : 510.70,
    "volume" : 194374.00
  }, {
    "date" : "2025-05-21",
    "price" : 461.90,
    "dma50" : 457.60,
    "dma100" : null,
    "dma200" : 510.21,
    "volume" : 81141.00
  }, {
    "date" : "2025-05-22",
    "price" : 471.55,
    "dma50" : 458.14,
    "dma100" : null,
    "dma200" : 509.83,
    "volume" : 104334.00
  }, {
    "date" : "2025-05-23",
    "price" : 462.75,
    "dma50" : 458.33,
    "dma100" : null,
    "dma200" : 509.36,
    "volume" : 137904.00
  }, {
    "date" : "2025-05-26",
    "price" : 467.30,
    "dma50" : 458.68,
    "dma100" : null,
    "dma200" : 508.94,
    "volume" : 73691.00
  }, {
    "date" : "2025-05-27",
    "price" : 464.45,
    "dma50" : 458.90,
    "dma100" : null,
    "dma200" : 508.50,
    "volume" : 72358.00
  }, {
    "date" : "2025-05-28",
    "price" : 468.10,
    "dma50" : 459.26,
    "dma100" : null,
    "dma200" : 508.10,
    "volume" : 116977.00
  }, {
    "date" : "2025-05-29",
    "price" : 458.85,
    "dma50" : 459.25,
    "dma100" : null,
    "dma200" : 507.61,
    "volume" : 327518.00
  }, {
    "date" : "2025-05-30",
    "price" : 461.00,
    "dma50" : 459.32,
    "dma100" : null,
    "dma200" : 507.14,
    "volume" : 126898.00
  }, {
    "date" : "2025-06-02",
    "price" : 443.60,
    "dma50" : 458.70,
    "dma100" : null,
    "dma200" : 506.51,
    "volume" : 271057.00
  }, {
    "date" : "2025-06-03",
    "price" : 441.35,
    "dma50" : 458.02,
    "dma100" : null,
    "dma200" : 505.86,
    "volume" : 113637.00
  }, {
    "date" : "2025-06-04",
    "price" : 440.15,
    "dma50" : 457.32,
    "dma100" : null,
    "dma200" : 505.21,
    "volume" : 145554.00
  }, {
    "date" : "2025-06-05",
    "price" : 451.90,
    "dma50" : 457.11,
    "dma100" : null,
    "dma200" : 504.68,
    "volume" : 436510.00
  }, {
    "date" : "2025-06-06",
    "price" : 451.10,
    "dma50" : 456.87,
    "dma100" : null,
    "dma200" : 504.15,
    "volume" : 388505.00
  }, {
    "date" : "2025-06-09",
    "price" : 448.35,
    "dma50" : 456.54,
    "dma100" : null,
    "dma200" : 503.59,
    "volume" : 121638.00
  }, {
    "date" : "2025-06-10",
    "price" : 454.20,
    "dma50" : 456.45,
    "dma100" : null,
    "dma200" : 503.10,
    "volume" : 129008.00
  }, {
    "date" : "2025-06-11",
    "price" : 461.25,
    "dma50" : 456.63,
    "dma100" : null,
    "dma200" : 502.68,
    "volume" : 163236.00
  }, {
    "date" : "2025-06-12",
    "price" : 486.55,
    "dma50" : 457.81,
    "dma100" : null,
    "dma200" : 502.52,
    "volume" : 11347543.00
  }, {
    "date" : "2025-06-13",
    "price" : 503.15,
    "dma50" : 459.58,
    "dma100" : null,
    "dma200" : 502.53,
    "volume" : 3689752.00
  }, {
    "date" : "2025-06-16",
    "price" : 518.60,
    "dma50" : 461.90,
    "dma100" : null,
    "dma200" : 502.69,
    "volume" : 4644191.00
  }, {
    "date" : "2025-06-17",
    "price" : 512.95,
    "dma50" : 463.90,
    "dma100" : null,
    "dma200" : 502.79,
    "volume" : 1094655.00
  }, {
    "date" : "2025-06-18",
    "price" : 504.75,
    "dma50" : 465.50,
    "dma100" : null,
    "dma200" : 502.81,
    "volume" : 487525.00
  }, {
    "date" : "2025-06-19",
    "price" : 488.55,
    "dma50" : 466.41,
    "dma100" : null,
    "dma200" : 502.67,
    "volume" : 641686.00
  }, {
    "date" : "2025-06-20",
    "price" : 488.40,
    "dma50" : 467.27,
    "dma100" : null,
    "dma200" : 502.53,
    "volume" : 363663.00
  }, {
    "date" : "2025-06-23",
    "price" : 491.60,
    "dma50" : 468.22,
    "dma100" : null,
    "dma200" : 502.42,
    "volume" : 259596.00
  }, {
    "date" : "2025-06-24",
    "price" : 483.65,
    "dma50" : 468.83,
    "dma100" : null,
    "dma200" : 502.23,
    "volume" : 266979.00
  }, {
    "date" : "2025-06-25",
    "price" : 482.55,
    "dma50" : 469.37,
    "dma100" : null,
    "dma200" : 502.03,
    "volume" : 228843.00
  }, {
    "date" : "2025-06-26",
    "price" : 477.90,
    "dma50" : 469.70,
    "dma100" : null,
    "dma200" : 501.79,
    "volume" : 208386.00
  }, {
    "date" : "2025-06-27",
    "price" : 482.95,
    "dma50" : 470.22,
    "dma100" : null,
    "dma200" : 501.61,
    "volume" : 376679.00
  }, {
    "date" : "2025-06-30",
    "price" : 476.00,
    "dma50" : 470.45,
    "dma100" : null,
    "dma200" : 501.35,
    "volume" : 297111.00
  }, {
    "date" : "2025-07-01",
    "price" : 463.55,
    "dma50" : 470.18,
    "dma100" : null,
    "dma200" : 500.98,
    "volume" : 373372.00
  }, {
    "date" : "2025-07-02",
    "price" : 466.05,
    "dma50" : 470.02,
    "dma100" : null,
    "dma200" : 500.63,
    "volume" : 470897.00
  }, {
    "date" : "2025-07-03",
    "price" : 483.10,
    "dma50" : 470.53,
    "dma100" : null,
    "dma200" : 500.45,
    "volume" : 637976.00
  }, {
    "date" : "2025-07-04",
    "price" : 477.90,
    "dma50" : 470.82,
    "dma100" : null,
    "dma200" : 500.23,
    "volume" : 242961.00
  }, {
    "date" : "2025-07-07",
    "price" : 469.65,
    "dma50" : 470.77,
    "dma100" : null,
    "dma200" : 499.92,
    "volume" : 255180.00
  }, {
    "date" : "2025-07-08",
    "price" : 465.70,
    "dma50" : 470.57,
    "dma100" : null,
    "dma200" : 499.58,
    "volume" : 171981.00
  }, {
    "date" : "2025-07-09",
    "price" : 479.90,
    "dma50" : 470.94,
    "dma100" : null,
    "dma200" : 499.39,
    "volume" : 748674.00
  }, {
    "date" : "2025-07-10",
    "price" : 483.55,
    "dma50" : 471.43,
    "dma100" : null,
    "dma200" : 499.23,
    "volume" : 234293.00
  }, {
    "date" : "2025-07-11",
    "price" : 477.75,
    "dma50" : 471.68,
    "dma100" : null,
    "dma200" : 499.02,
    "volume" : 173688.00
  }, {
    "date" : "2025-07-14",
    "price" : 475.50,
    "dma50" : 471.83,
    "dma100" : null,
    "dma200" : 498.78,
    "volume" : 89139.00
  }, {
    "date" : "2025-07-15",
    "price" : 479.05,
    "dma50" : 472.11,
    "dma100" : null,
    "dma200" : 498.59,
    "volume" : 146156.00
  }, {
    "date" : "2025-07-16",
    "price" : 481.90,
    "dma50" : 472.50,
    "dma100" : null,
    "dma200" : 498.42,
    "volume" : 142526.00
  }, {
    "date" : "2025-07-17",
    "price" : 478.45,
    "dma50" : 472.73,
    "dma100" : null,
    "dma200" : 498.22,
    "volume" : 117945.00
  }, {
    "date" : "2025-07-18",
    "price" : 482.85,
    "dma50" : 473.13,
    "dma100" : null,
    "dma200" : 498.07,
    "volume" : 153849.00
  }, {
    "date" : "2025-07-21",
    "price" : 482.50,
    "dma50" : 473.50,
    "dma100" : null,
    "dma200" : 497.91,
    "volume" : 166715.00
  }, {
    "date" : "2025-07-22",
    "price" : 514.80,
    "dma50" : 475.12,
    "dma100" : null,
    "dma200" : 498.08,
    "volume" : 11350430.00
  }, {
    "date" : "2025-07-23",
    "price" : 524.00,
    "dma50" : 477.03,
    "dma100" : 461.16,
    "dma200" : 498.34,
    "volume" : 2442820.00
  }, {
    "date" : "2025-07-24",
    "price" : 507.25,
    "dma50" : 478.22,
    "dma100" : 462.34,
    "dma200" : 498.43,
    "volume" : 568617.00
  }, {
    "date" : "2025-07-25",
    "price" : 494.45,
    "dma50" : 478.85,
    "dma100" : 463.38,
    "dma200" : 498.39,
    "volume" : 223587.00
  }, {
    "date" : "2025-07-28",
    "price" : 500.15,
    "dma50" : 479.69,
    "dma100" : 464.47,
    "dma200" : 498.41,
    "volume" : 685196.00
  }, {
    "date" : "2025-07-29",
    "price" : 495.15,
    "dma50" : 480.30,
    "dma100" : 465.52,
    "dma200" : 498.37,
    "volume" : 284404.00
  }, {
    "date" : "2025-07-30",
    "price" : 493.65,
    "dma50" : 480.82,
    "dma100" : 466.51,
    "dma200" : 498.33,
    "volume" : 284403.00
  }, {
    "date" : "2025-07-31",
    "price" : 501.00,
    "dma50" : 481.61,
    "dma100" : 467.49,
    "dma200" : 498.35,
    "volume" : 584156.00
  }, {
    "date" : "2025-08-01",
    "price" : 513.95,
    "dma50" : 482.88,
    "dma100" : 468.41,
    "dma200" : 498.51,
    "volume" : 3772015.00
  }, {
    "date" : "2025-08-04",
    "price" : 523.20,
    "dma50" : 484.46,
    "dma100" : 469.47,
    "dma200" : 498.75,
    "volume" : 1439643.00
  }, {
    "date" : "2025-08-05",
    "price" : 526.80,
    "dma50" : 486.12,
    "dma100" : 470.70,
    "dma200" : 499.03,
    "volume" : 636202.00
  }, {
    "date" : "2025-08-06",
    "price" : 502.75,
    "dma50" : 486.77,
    "dma100" : 471.76,
    "dma200" : 499.07,
    "volume" : 540698.00
  }, {
    "date" : "2025-08-07",
    "price" : 500.45,
    "dma50" : 487.31,
    "dma100" : 472.81,
    "dma200" : 499.08,
    "volume" : 426970.00
  }, {
    "date" : "2025-08-08",
    "price" : 499.30,
    "dma50" : 487.78,
    "dma100" : 473.88,
    "dma200" : 499.09,
    "volume" : 621916.00
  }, {
    "date" : "2025-08-11",
    "price" : 490.30,
    "dma50" : 487.88,
    "dma100" : 474.91,
    "dma200" : 499.00,
    "volume" : 604658.00
  }, {
    "date" : "2025-08-12",
    "price" : 489.50,
    "dma50" : 487.94,
    "dma100" : 475.83,
    "dma200" : 498.90,
    "volume" : 872658.00
  }, {
    "date" : "2025-08-13",
    "price" : 492.75,
    "dma50" : 488.13,
    "dma100" : 476.60,
    "dma200" : 498.84,
    "volume" : 383332.00
  }, {
    "date" : "2025-08-14",
    "price" : 487.90,
    "dma50" : 488.12,
    "dma100" : 476.86,
    "dma200" : 498.73,
    "volume" : 390549.00
  }, {
    "date" : "2025-08-18",
    "price" : 490.45,
    "dma50" : 488.21,
    "dma100" : 477.06,
    "dma200" : 498.65,
    "volume" : 174362.00
  }, {
    "date" : "2025-08-19",
    "price" : 506.45,
    "dma50" : 488.93,
    "dma100" : 477.43,
    "dma200" : 498.73,
    "volume" : 296909.00
  }, {
    "date" : "2025-08-20",
    "price" : 497.35,
    "dma50" : 489.26,
    "dma100" : 477.74,
    "dma200" : 498.72,
    "volume" : 309445.00
  }, {
    "date" : "2025-08-21",
    "price" : 499.50,
    "dma50" : 489.66,
    "dma100" : 478.09,
    "dma200" : 498.72,
    "volume" : 284799.00
  }, {
    "date" : "2025-08-22",
    "price" : 486.35,
    "dma50" : 489.53,
    "dma100" : 477.80,
    "dma200" : 498.60,
    "volume" : 406410.00
  }, {
    "date" : "2025-08-25",
    "price" : 484.60,
    "dma50" : 489.34,
    "dma100" : 477.58,
    "dma200" : 498.46,
    "volume" : 139470.00
  }, {
    "date" : "2025-08-26",
    "price" : 472.25,
    "dma50" : 488.67,
    "dma100" : 476.96,
    "dma200" : 498.20,
    "volume" : 160502.00
  }, {
    "date" : "2025-08-28",
    "price" : 473.90,
    "dma50" : 488.09,
    "dma100" : 476.60,
    "dma200" : 497.96,
    "volume" : 153678.00
  }, {
    "date" : "2025-08-29",
    "price" : 474.00,
    "dma50" : 487.53,
    "dma100" : 476.30,
    "dma200" : 497.72,
    "volume" : 97533.00
  }, {
    "date" : "2025-09-01",
    "price" : 478.70,
    "dma50" : 487.19,
    "dma100" : 476.28,
    "dma200" : 497.53,
    "volume" : 111358.00
  }, {
    "date" : "2025-09-02",
    "price" : 479.55,
    "dma50" : 486.89,
    "dma100" : 476.43,
    "dma200" : 497.35,
    "volume" : 107658.00
  }, {
    "date" : "2025-09-03",
    "price" : 478.40,
    "dma50" : 486.56,
    "dma100" : 476.58,
    "dma200" : 497.16,
    "volume" : 141116.00
  }, {
    "date" : "2025-09-04",
    "price" : 471.55,
    "dma50" : 485.97,
    "dma100" : 476.71,
    "dma200" : 496.91,
    "volume" : 107580.00
  }, {
    "date" : "2025-09-05",
    "price" : 474.55,
    "dma50" : 485.52,
    "dma100" : 476.77,
    "dma200" : 496.69,
    "volume" : 107958.00
  }, {
    "date" : "2025-09-08",
    "price" : 468.75,
    "dma50" : 484.86,
    "dma100" : 476.57,
    "dma200" : 496.41,
    "volume" : 85889.00
  }, {
    "date" : "2025-09-09",
    "price" : 468.75,
    "dma50" : 484.23,
    "dma100" : 476.39,
    "dma200" : 496.13,
    "volume" : 118092.00
  }, {
    "date" : "2025-09-10",
    "price" : 475.15,
    "dma50" : 483.87,
    "dma100" : 476.40,
    "dma200" : 495.92,
    "volume" : 172982.00
  }, {
    "date" : "2025-09-11",
    "price" : 479.20,
    "dma50" : 483.69,
    "dma100" : 476.40,
    "dma200" : 495.76,
    "volume" : 201478.00
  }, {
    "date" : "2025-09-12",
    "price" : 478.05,
    "dma50" : 483.47,
    "dma100" : 476.41,
    "dma200" : 495.58,
    "volume" : 151712.00
  }, {
    "date" : "2025-09-15",
    "price" : 474.00,
    "dma50" : 483.10,
    "dma100" : 476.48,
    "dma200" : 495.37,
    "volume" : 114881.00
  }, {
    "date" : "2025-09-16",
    "price" : 479.45,
    "dma50" : 482.96,
    "dma100" : 476.65,
    "dma200" : 495.21,
    "volume" : 106311.00
  }, {
    "date" : "2025-09-17",
    "price" : 483.90,
    "dma50" : 482.99,
    "dma100" : 477.05,
    "dma200" : 495.10,
    "volume" : 219267.00
  }, {
    "date" : "2025-09-18",
    "price" : 482.10,
    "dma50" : 482.96,
    "dma100" : 477.37,
    "dma200" : 494.97,
    "volume" : 164212.00
  }, {
    "date" : "2025-09-19",
    "price" : 483.85,
    "dma50" : 482.99,
    "dma100" : 477.78,
    "dma200" : 494.86,
    "volume" : 137777.00
  }, {
    "date" : "2025-09-22",
    "price" : 476.10,
    "dma50" : 482.72,
    "dma100" : 478.12,
    "dma200" : 494.67,
    "volume" : 111634.00
  }, {
    "date" : "2025-09-23",
    "price" : 472.05,
    "dma50" : 482.30,
    "dma100" : 478.28,
    "dma200" : 494.44,
    "volume" : 122604.00
  }, {
    "date" : "2025-09-24",
    "price" : 461.50,
    "dma50" : 481.49,
    "dma100" : 478.44,
    "dma200" : 494.12,
    "volume" : 143071.00
  }, {
    "date" : "2025-09-25",
    "price" : 451.45,
    "dma50" : 480.31,
    "dma100" : 478.51,
    "dma200" : 493.69,
    "volume" : 202053.00
  }, {
    "date" : "2025-09-26",
    "price" : 443.35,
    "dma50" : 478.86,
    "dma100" : 478.50,
    "dma200" : 493.19,
    "volume" : 125459.00
  }, {
    "date" : "2025-09-29",
    "price" : 442.30,
    "dma50" : 477.43,
    "dma100" : 478.55,
    "dma200" : 492.68,
    "volume" : 88538.00
  }, {
    "date" : "2025-09-30",
    "price" : 440.90,
    "dma50" : 475.99,
    "dma100" : 478.58,
    "dma200" : 492.17,
    "volume" : 187070.00
  }, {
    "date" : "2025-10-01",
    "price" : 446.25,
    "dma50" : 474.83,
    "dma100" : 478.53,
    "dma200" : 491.71,
    "volume" : 184716.00
  }, {
    "date" : "2025-10-03",
    "price" : 442.50,
    "dma50" : 473.56,
    "dma100" : 478.47,
    "dma200" : 491.22,
    "volume" : 171853.00
  }, {
    "date" : "2025-10-06",
    "price" : 440.05,
    "dma50" : 472.25,
    "dma100" : 478.28,
    "dma200" : 490.71,
    "volume" : 154625.00
  }, {
    "date" : "2025-10-07",
    "price" : 487.80,
    "dma50" : 472.86,
    "dma100" : 478.56,
    "dma200" : 490.68,
    "volume" : 40870919.00
  }, {
    "date" : "2025-10-08",
    "price" : 458.30,
    "dma50" : 472.28,
    "dma100" : 478.50,
    "dma200" : 490.36,
    "volume" : 4675156.00
  }, {
    "date" : "2025-10-09",
    "price" : 451.00,
    "dma50" : 471.45,
    "dma100" : 478.29,
    "dma200" : 489.97,
    "volume" : 1249459.00
  }, {
    "date" : "2025-10-10",
    "price" : 447.75,
    "dma50" : 470.52,
    "dma100" : 478.12,
    "dma200" : 489.55,
    "volume" : 627906.00
  }, {
    "date" : "2025-10-13",
    "price" : 443.05,
    "dma50" : 469.44,
    "dma100" : 477.93,
    "dma200" : 489.09,
    "volume" : 497732.00
  }, {
    "date" : "2025-10-14",
    "price" : 452.45,
    "dma50" : 468.78,
    "dma100" : 477.74,
    "dma200" : 488.72,
    "volume" : 863729.00
  }, {
    "date" : "2025-10-15",
    "price" : 449.30,
    "dma50" : 468.01,
    "dma100" : 477.61,
    "dma200" : 488.33,
    "volume" : 364578.00
  }, {
    "date" : "2025-10-16",
    "price" : 452.10,
    "dma50" : 467.39,
    "dma100" : 477.46,
    "dma200" : 487.97,
    "volume" : 240793.00
  }, {
    "date" : "2025-10-17",
    "price" : 448.10,
    "dma50" : 466.63,
    "dma100" : 477.29,
    "dma200" : 487.57,
    "volume" : 281165.00
  }, {
    "date" : "2025-10-20",
    "price" : 452.75,
    "dma50" : 466.09,
    "dma100" : 477.14,
    "dma200" : 487.23,
    "volume" : 224565.00
  }, {
    "date" : "2025-10-21",
    "price" : 452.20,
    "dma50" : 465.54,
    "dma100" : 477.07,
    "dma200" : 486.88,
    "volume" : 65646.00
  }, {
    "date" : "2025-10-23",
    "price" : 450.25,
    "dma50" : 464.94,
    "dma100" : 476.97,
    "dma200" : 486.51,
    "volume" : 173257.00
  }, {
    "date" : "2025-10-24",
    "price" : 449.25,
    "dma50" : 464.33,
    "dma100" : 477.02,
    "dma200" : 486.14,
    "volume" : 117139.00
  }, {
    "date" : "2025-10-27",
    "price" : 449.10,
    "dma50" : 463.73,
    "dma100" : 477.10,
    "dma200" : 485.78,
    "volume" : 89017.00
  }, {
    "date" : "2025-10-28",
    "price" : 447.40,
    "dma50" : 463.09,
    "dma100" : 477.17,
    "dma200" : 485.39,
    "volume" : 96570.00
  }, {
    "date" : "2025-10-29",
    "price" : 463.75,
    "dma50" : 463.12,
    "dma100" : 477.29,
    "dma200" : 485.18,
    "volume" : 862257.00
  }, {
    "date" : "2025-10-30",
    "price" : 472.25,
    "dma50" : 463.47,
    "dma100" : 477.50,
    "dma200" : 485.05,
    "volume" : 356374.00
  }, {
    "date" : "2025-10-31",
    "price" : 476.80,
    "dma50" : 464.00,
    "dma100" : 477.79,
    "dma200" : 484.97,
    "volume" : 348906.00
  }, {
    "date" : "2025-11-03",
    "price" : 480.60,
    "dma50" : 464.65,
    "dma100" : 478.05,
    "dma200" : 484.92,
    "volume" : 351100.00
  }, {
    "date" : "2025-11-04",
    "price" : 476.65,
    "dma50" : 465.12,
    "dma100" : 478.20,
    "dma200" : 484.84,
    "volume" : 175015.00
  }, {
    "date" : "2025-11-06",
    "price" : 470.00,
    "dma50" : 465.31,
    "dma100" : 478.04,
    "dma200" : 484.69,
    "volume" : 193694.00
  }, {
    "date" : "2025-11-07",
    "price" : 471.15,
    "dma50" : 465.54,
    "dma100" : 477.72,
    "dma200" : 484.56,
    "volume" : 119828.00
  }, {
    "date" : "2025-11-10",
    "price" : 458.90,
    "dma50" : 465.28,
    "dma100" : 477.12,
    "dma200" : 484.30,
    "volume" : 317916.00
  }, {
    "date" : "2025-11-11",
    "price" : 465.20,
    "dma50" : 465.28,
    "dma100" : 476.64,
    "dma200" : 484.11,
    "volume" : 293195.00
  }, {
    "date" : "2025-11-12",
    "price" : 480.20,
    "dma50" : 465.86,
    "dma100" : 476.40,
    "dma200" : 484.07,
    "volume" : 451345.00
  }, {
    "date" : "2025-11-13",
    "price" : 492.05,
    "dma50" : 466.89,
    "dma100" : 476.43,
    "dma200" : 484.15,
    "volume" : 766447.00
  }, {
    "date" : "2025-11-14",
    "price" : 485.85,
    "dma50" : 467.63,
    "dma100" : 476.41,
    "dma200" : 484.17,
    "volume" : 187971.00
  }, {
    "date" : "2025-11-17",
    "price" : 491.85,
    "dma50" : 468.58,
    "dma100" : 476.41,
    "dma200" : 484.25,
    "volume" : 205965.00
  }, {
    "date" : "2025-11-18",
    "price" : 482.55,
    "dma50" : 469.13,
    "dma100" : 476.40,
    "dma200" : 484.23,
    "volume" : 127200.00
  }, {
    "date" : "2025-11-19",
    "price" : 481.05,
    "dma50" : 469.60,
    "dma100" : 476.39,
    "dma200" : 484.20,
    "volume" : 114185.00
  }, {
    "date" : "2025-11-20",
    "price" : 472.20,
    "dma50" : 469.70,
    "dma100" : 476.33,
    "dma200" : 484.08,
    "volume" : 121802.00
  }, {
    "date" : "2025-11-21",
    "price" : 462.65,
    "dma50" : 469.42,
    "dma100" : 476.13,
    "dma200" : 483.87,
    "volume" : 136165.00
  }, {
    "date" : "2025-11-24",
    "price" : 452.45,
    "dma50" : 468.76,
    "dma100" : 475.89,
    "dma200" : 483.55,
    "volume" : 152338.00
  }, {
    "date" : "2025-11-25",
    "price" : 461.15,
    "dma50" : 468.46,
    "dma100" : 475.87,
    "dma200" : 483.33,
    "volume" : 124551.00
  }, {
    "date" : "2025-11-26",
    "price" : 474.45,
    "dma50" : 468.69,
    "dma100" : 475.95,
    "dma200" : 483.24,
    "volume" : 168270.00
  }, {
    "date" : "2025-11-27",
    "price" : 466.00,
    "dma50" : 468.59,
    "dma100" : 475.78,
    "dma200" : 483.07,
    "volume" : 77906.00
  }, {
    "date" : "2025-11-28",
    "price" : 464.30,
    "dma50" : 468.42,
    "dma100" : 475.64,
    "dma200" : 482.88,
    "volume" : 41149.00
  }, {
    "date" : "2025-12-01",
    "price" : 464.15,
    "dma50" : 468.25,
    "dma100" : 475.59,
    "dma200" : 482.70,
    "volume" : 54286.00
  }, {
    "date" : "2025-12-02",
    "price" : 465.75,
    "dma50" : 468.15,
    "dma100" : 475.59,
    "dma200" : 482.53,
    "volume" : 87682.00
  }, {
    "date" : "2025-12-03",
    "price" : 458.15,
    "dma50" : 467.76,
    "dma100" : 475.37,
    "dma200" : 482.29,
    "volume" : 87646.00
  }, {
    "date" : "2025-12-04",
    "price" : 452.60,
    "dma50" : 467.17,
    "dma100" : 475.06,
    "dma200" : 481.99,
    "volume" : 61622.00
  }, {
    "date" : "2025-12-05",
    "price" : 446.65,
    "dma50" : 466.36,
    "dma100" : 474.75,
    "dma200" : 481.64,
    "volume" : 229289.00
  }, {
    "date" : "2025-12-08",
    "price" : 444.00,
    "dma50" : 465.49,
    "dma100" : 474.44,
    "dma200" : 481.26,
    "volume" : 138995.00
  }, {
    "date" : "2025-12-09",
    "price" : 448.00,
    "dma50" : 464.80,
    "dma100" : 474.12,
    "dma200" : 480.93,
    "volume" : 110596.00
  }, {
    "date" : "2025-12-10",
    "price" : 439.45,
    "dma50" : 463.81,
    "dma100" : 473.70,
    "dma200" : 480.52,
    "volume" : 81996.00
  }, {
    "date" : "2025-12-11",
    "price" : 439.90,
    "dma50" : 462.87,
    "dma100" : 473.31,
    "dma200" : 480.12,
    "volume" : 77653.00
  }, {
    "date" : "2025-12-12",
    "price" : 442.30,
    "dma50" : 462.06,
    "dma100" : 472.91,
    "dma200" : 479.74,
    "volume" : 90232.00
  }, {
    "date" : "2025-12-15",
    "price" : 445.55,
    "dma50" : 461.41,
    "dma100" : 472.54,
    "dma200" : 479.40,
    "volume" : 92071.00
  }, {
    "date" : "2025-12-16",
    "price" : 438.70,
    "dma50" : 460.52,
    "dma100" : 471.78,
    "dma200" : 479.00,
    "volume" : 122614.00
  }, {
    "date" : "2025-12-17",
    "price" : 441.00,
    "dma50" : 459.76,
    "dma100" : 470.95,
    "dma200" : 478.62,
    "volume" : 119024.00
  }, {
    "date" : "2025-12-18",
    "price" : 437.00,
    "dma50" : 458.87,
    "dma100" : 470.25,
    "dma200" : 478.20,
    "volume" : 44888.00
  }, {
    "date" : "2025-12-19",
    "price" : 456.75,
    "dma50" : 458.78,
    "dma100" : 469.87,
    "dma200" : 477.99,
    "volume" : 402976.00
  }, {
    "date" : "2025-12-22",
    "price" : 450.55,
    "dma50" : 458.46,
    "dma100" : 469.37,
    "dma200" : 477.72,
    "volume" : 110593.00
  }, {
    "date" : "2025-12-23",
    "price" : 451.55,
    "dma50" : 458.19,
    "dma100" : 468.94,
    "dma200" : 477.46,
    "volume" : 111254.00
  }, {
    "date" : "2025-12-24",
    "price" : 447.25,
    "dma50" : 457.76,
    "dma100" : 468.47,
    "dma200" : 477.16,
    "volume" : 94335.00
  }, {
    "date" : "2025-12-26",
    "price" : 449.65,
    "dma50" : 457.44,
    "dma100" : 467.96,
    "dma200" : 476.88,
    "volume" : 91280.00
  }, {
    "date" : "2025-12-29",
    "price" : 449.30,
    "dma50" : 457.12,
    "dma100" : 467.31,
    "dma200" : 476.61,
    "volume" : 78909.00
  }, {
    "date" : "2025-12-30",
    "price" : 444.00,
    "dma50" : 456.61,
    "dma100" : 466.52,
    "dma200" : 476.28,
    "volume" : 58658.00
  }, {
    "date" : "2025-12-31",
    "price" : 459.05,
    "dma50" : 456.70,
    "dma100" : 465.84,
    "dma200" : 476.11,
    "volume" : 229793.00
  }, {
    "date" : "2026-01-01",
    "price" : 454.55,
    "dma50" : 456.62,
    "dma100" : 465.36,
    "dma200" : 475.90,
    "volume" : 50564.00
  }, {
    "date" : "2026-01-02",
    "price" : 455.30,
    "dma50" : 456.57,
    "dma100" : 464.91,
    "dma200" : 475.69,
    "volume" : 53180.00
  }, {
    "date" : "2026-01-05",
    "price" : 474.25,
    "dma50" : 457.26,
    "dma100" : 464.66,
    "dma200" : 475.68,
    "volume" : 336121.00
  }, {
    "date" : "2026-01-06",
    "price" : 481.95,
    "dma50" : 458.23,
    "dma100" : 464.58,
    "dma200" : 475.74,
    "volume" : 294701.00
  }, {
    "date" : "2026-01-07",
    "price" : 480.55,
    "dma50" : 459.10,
    "dma100" : 464.49,
    "dma200" : 475.79,
    "volume" : 419713.00
  }, {
    "date" : "2026-01-08",
    "price" : 463.20,
    "dma50" : 459.26,
    "dma100" : 464.19,
    "dma200" : 475.66,
    "volume" : 124060.00
  }, {
    "date" : "2026-01-09",
    "price" : 451.40,
    "dma50" : 458.96,
    "dma100" : 463.83,
    "dma200" : 475.42,
    "volume" : 113607.00
  }, {
    "date" : "2026-01-12",
    "price" : 445.30,
    "dma50" : 458.42,
    "dma100" : 463.37,
    "dma200" : 475.12,
    "volume" : 105825.00
  }, {
    "date" : "2026-01-13",
    "price" : 447.60,
    "dma50" : 458.00,
    "dma100" : 462.79,
    "dma200" : 474.85,
    "volume" : 83103.00
  }, {
    "date" : "2026-01-14",
    "price" : 460.15,
    "dma50" : 458.08,
    "dma100" : 462.41,
    "dma200" : 474.70,
    "volume" : 243099.00
  }, {
    "date" : "2026-01-16",
    "price" : 455.00,
    "dma50" : 457.96,
    "dma100" : 461.97,
    "dma200" : 474.51,
    "volume" : 71198.00
  }, {
    "date" : "2026-01-19",
    "price" : 445.75,
    "dma50" : 457.48,
    "dma100" : 461.56,
    "dma200" : 474.22,
    "volume" : 68134.00
  }, {
    "date" : "2026-01-20",
    "price" : 433.60,
    "dma50" : 456.54,
    "dma100" : 461.05,
    "dma200" : 473.82,
    "volume" : 160063.00
  }, {
    "date" : "2026-01-21",
    "price" : 417.75,
    "dma50" : 455.02,
    "dma100" : 460.51,
    "dma200" : 473.26,
    "volume" : 222611.00
  }, {
    "date" : "2026-01-22",
    "price" : 432.60,
    "dma50" : 454.14,
    "dma100" : 460.10,
    "dma200" : 472.85,
    "volume" : 216123.00
  }, {
    "date" : "2026-01-23",
    "price" : 418.75,
    "dma50" : 452.76,
    "dma100" : 459.54,
    "dma200" : 472.31,
    "volume" : 206301.00
  }, {
    "date" : "2026-01-27",
    "price" : 410.40,
    "dma50" : 451.10,
    "dma100" : 458.86,
    "dma200" : 471.70,
    "volume" : 216092.00
  }, {
    "date" : "2026-01-28",
    "price" : 423.55,
    "dma50" : 450.01,
    "dma100" : 458.30,
    "dma200" : 471.22,
    "volume" : 216596.00
  }, {
    "date" : "2026-01-29",
    "price" : 412.00,
    "dma50" : 448.52,
    "dma100" : 457.64,
    "dma200" : 470.63,
    "volume" : 184567.00
  }, {
    "date" : "2026-01-30",
    "price" : 445.10,
    "dma50" : 448.39,
    "dma100" : 457.37,
    "dma200" : 470.38,
    "volume" : 1977090.00
  }, {
    "date" : "2026-02-01",
    "price" : 432.95,
    "dma50" : 447.78,
    "dma100" : 456.96,
    "dma200" : 470.00,
    "volume" : 93753.00
  }, {
    "date" : "2026-02-02",
    "price" : 425.30,
    "dma50" : 446.90,
    "dma100" : 456.52,
    "dma200" : 469.56,
    "volume" : 69296.00
  }, {
    "date" : "2026-02-03",
    "price" : 434.45,
    "dma50" : 446.41,
    "dma100" : 456.18,
    "dma200" : 469.21,
    "volume" : 224848.00
  }, {
    "date" : "2026-02-04",
    "price" : 445.35,
    "dma50" : 446.37,
    "dma100" : 455.88,
    "dma200" : 468.97,
    "volume" : 194802.00
  }, {
    "date" : "2026-02-05",
    "price" : 439.70,
    "dma50" : 446.11,
    "dma100" : 455.48,
    "dma200" : 468.68,
    "volume" : 82651.00
  }, {
    "date" : "2026-02-06",
    "price" : 435.10,
    "dma50" : 445.68,
    "dma100" : 455.06,
    "dma200" : 468.35,
    "volume" : 63682.00
  }, {
    "date" : "2026-02-09",
    "price" : 451.30,
    "dma50" : 445.90,
    "dma100" : 454.83,
    "dma200" : 468.18,
    "volume" : 144901.00
  }, {
    "date" : "2026-02-10",
    "price" : 469.00,
    "dma50" : 446.81,
    "dma100" : 454.72,
    "dma200" : 468.19,
    "volume" : 339052.00
  }, {
    "date" : "2026-02-11",
    "price" : 460.45,
    "dma50" : 447.34,
    "dma100" : 454.49,
    "dma200" : 468.11,
    "volume" : 105947.00
  }, {
    "date" : "2026-02-12",
    "price" : 457.10,
    "dma50" : 447.72,
    "dma100" : 454.24,
    "dma200" : 468.00,
    "volume" : 64289.00
  }, {
    "date" : "2026-02-13",
    "price" : 436.65,
    "dma50" : 447.29,
    "dma100" : 453.77,
    "dma200" : 467.69,
    "volume" : 115949.00
  }, {
    "date" : "2026-02-16",
    "price" : 462.25,
    "dma50" : 447.88,
    "dma100" : 453.63,
    "dma200" : 467.63,
    "volume" : 1681540.00
  }, {
    "date" : "2026-02-17",
    "price" : 473.00,
    "dma50" : 448.86,
    "dma100" : 453.64,
    "dma200" : 467.69,
    "volume" : 719624.00
  }, {
    "date" : "2026-02-18",
    "price" : 483.65,
    "dma50" : 450.23,
    "dma100" : 453.86,
    "dma200" : 467.85,
    "volume" : 365491.00
  }, {
    "date" : "2026-02-19",
    "price" : 464.50,
    "dma50" : 450.79,
    "dma100" : 453.99,
    "dma200" : 467.81,
    "volume" : 123023.00
  }, {
    "date" : "2026-02-20",
    "price" : 458.50,
    "dma50" : 451.09,
    "dma100" : 454.14,
    "dma200" : 467.72,
    "volume" : 411003.00
  } ],
  "latestTechnicalAttributes" : {
    "date" : "2026-02-20",
    "price" : 458.50,
    "dma50" : 451.09,
    "dma100" : 454.14,
    "dma200" : 467.72,
    "volume" : 411003.00
  },
  "quarterlyResults" : [ {
    "date" : "2011-12-31",
    "sales" : 77.54,
    "salesGrowthYoY" : null,
    "grossProfitMargin" : 39.28,
    "grossProfit" : 30.46,
    "operatingProfitMargin" : 18.17,
    "operatingProfit" : 14.09,
    "netProfitMargin" : 10.67,
    "netProfit" : 8.27
  }, {
    "date" : "2012-03-31",
    "sales" : 81.30,
    "salesGrowthYoY" : null,
    "grossProfitMargin" : 45.25,
    "grossProfit" : 36.79,
    "operatingProfitMargin" : 17.91,
    "operatingProfit" : 14.56,
    "netProfitMargin" : 11.25,
    "netProfit" : 9.15
  }, {
    "date" : "2012-06-30",
    "sales" : 91.18,
    "salesGrowthYoY" : null,
    "grossProfitMargin" : 43.87,
    "grossProfit" : 40.00,
    "operatingProfitMargin" : 17.08,
    "operatingProfit" : 15.57,
    "netProfitMargin" : 10.99,
    "netProfit" : 10.02
  }, {
    "date" : "2012-09-30",
    "sales" : 91.17,
    "salesGrowthYoY" : null,
    "grossProfitMargin" : 44.01,
    "grossProfit" : 40.12,
    "operatingProfitMargin" : 18.64,
    "operatingProfit" : 16.99,
    "netProfitMargin" : 11.54,
    "netProfit" : 10.52
  }, {
    "date" : "2012-12-31",
    "sales" : 88.42,
    "salesGrowthYoY" : 14.03,
    "grossProfitMargin" : 45.74,
    "grossProfit" : 40.44,
    "operatingProfitMargin" : 18.23,
    "operatingProfit" : 16.12,
    "netProfitMargin" : 11.74,
    "netProfit" : 10.38
  }, {
    "date" : "2013-03-31",
    "sales" : 89.82,
    "salesGrowthYoY" : 10.48,
    "grossProfitMargin" : 46.43,
    "grossProfit" : 41.70,
    "operatingProfitMargin" : 19.56,
    "operatingProfit" : 17.57,
    "netProfitMargin" : 12.60,
    "netProfit" : 11.32
  }, {
    "date" : "2013-06-30",
    "sales" : 95.41,
    "salesGrowthYoY" : 4.64,
    "grossProfitMargin" : 44.78,
    "grossProfit" : 42.72,
    "operatingProfitMargin" : 18.67,
    "operatingProfit" : 17.81,
    "netProfitMargin" : 12.86,
    "netProfit" : 12.27
  }, {
    "date" : "2013-09-30",
    "sales" : 97.15,
    "salesGrowthYoY" : 6.56,
    "grossProfitMargin" : 47.32,
    "grossProfit" : 45.97,
    "operatingProfitMargin" : 20.27,
    "operatingProfit" : 19.69,
    "netProfitMargin" : 13.75,
    "netProfit" : 13.36
  }, {
    "date" : "2013-12-31",
    "sales" : 105.78,
    "salesGrowthYoY" : 19.63,
    "grossProfitMargin" : 48.75,
    "grossProfit" : 51.57,
    "operatingProfitMargin" : 20.32,
    "operatingProfit" : 21.49,
    "netProfitMargin" : 13.25,
    "netProfit" : 14.02
  }, {
    "date" : "2014-03-31",
    "sales" : 105.16,
    "salesGrowthYoY" : 17.08,
    "grossProfitMargin" : 46.49,
    "grossProfit" : 48.89,
    "operatingProfitMargin" : 19.21,
    "operatingProfit" : 20.20,
    "netProfitMargin" : 12.54,
    "netProfit" : 13.19
  }, {
    "date" : "2014-06-30",
    "sales" : 108.27,
    "salesGrowthYoY" : 13.48,
    "grossProfitMargin" : 44.73,
    "grossProfit" : 48.43,
    "operatingProfitMargin" : 18.40,
    "operatingProfit" : 19.92,
    "netProfitMargin" : 11.92,
    "netProfit" : 12.91
  }, {
    "date" : "2014-09-30",
    "sales" : 117.76,
    "salesGrowthYoY" : 21.21,
    "grossProfitMargin" : 43.18,
    "grossProfit" : 50.85,
    "operatingProfitMargin" : 16.67,
    "operatingProfit" : 19.63,
    "netProfitMargin" : 11.78,
    "netProfit" : 13.87
  }, {
    "date" : "2014-12-31",
    "sales" : 116.93,
    "salesGrowthYoY" : 10.54,
    "grossProfitMargin" : 45.85,
    "grossProfit" : 53.61,
    "operatingProfitMargin" : 17.35,
    "operatingProfit" : 20.29,
    "netProfitMargin" : 11.25,
    "netProfit" : 13.15
  }, {
    "date" : "2015-03-31",
    "sales" : 108.39,
    "salesGrowthYoY" : 3.07,
    "grossProfitMargin" : 44.46,
    "grossProfit" : 48.19,
    "operatingProfitMargin" : 18.53,
    "operatingProfit" : 20.08,
    "netProfitMargin" : 11.90,
    "netProfit" : 12.90
  }, {
    "date" : "2015-06-30",
    "sales" : 110.12,
    "salesGrowthYoY" : 1.71,
    "grossProfitMargin" : 44.12,
    "grossProfit" : 48.58,
    "operatingProfitMargin" : 16.19,
    "operatingProfit" : 17.83,
    "netProfitMargin" : 10.86,
    "netProfit" : 11.96
  }, {
    "date" : "2015-09-30",
    "sales" : 110.92,
    "salesGrowthYoY" : -5.81,
    "grossProfitMargin" : 45.14,
    "grossProfit" : 50.07,
    "operatingProfitMargin" : 17.48,
    "operatingProfit" : 19.39,
    "netProfitMargin" : 11.39,
    "netProfit" : 12.63
  }, {
    "date" : "2015-12-31",
    "sales" : 115.06,
    "salesGrowthYoY" : -1.60,
    "grossProfitMargin" : 45.98,
    "grossProfit" : 52.90,
    "operatingProfitMargin" : 19.58,
    "operatingProfit" : 22.53,
    "netProfitMargin" : 12.97,
    "netProfit" : 14.92
  }, {
    "date" : "2016-03-31",
    "sales" : 122.78,
    "salesGrowthYoY" : 13.28,
    "grossProfitMargin" : 43.49,
    "grossProfit" : 53.40,
    "operatingProfitMargin" : 20.72,
    "operatingProfit" : 25.44,
    "netProfitMargin" : 13.28,
    "netProfit" : 16.31
  }, {
    "date" : "2016-06-30",
    "sales" : 131.89,
    "salesGrowthYoY" : 19.77,
    "grossProfitMargin" : 43.29,
    "grossProfit" : 57.10,
    "operatingProfitMargin" : 19.93,
    "operatingProfit" : 26.29,
    "netProfitMargin" : 13.23,
    "netProfit" : 17.45
  }, {
    "date" : "2016-09-30",
    "sales" : 132.23,
    "salesGrowthYoY" : 19.21,
    "grossProfitMargin" : 45.13,
    "grossProfit" : 59.68,
    "operatingProfitMargin" : 19.04,
    "operatingProfit" : 25.18,
    "netProfitMargin" : 12.78,
    "netProfit" : 16.90
  }, {
    "date" : "2016-12-31",
    "sales" : 128.08,
    "salesGrowthYoY" : 11.32,
    "grossProfitMargin" : 45.06,
    "grossProfit" : 57.71,
    "operatingProfitMargin" : 19.91,
    "operatingProfit" : 25.50,
    "netProfitMargin" : 13.11,
    "netProfit" : 16.79
  }, {
    "date" : "2017-03-31",
    "sales" : 126.75,
    "salesGrowthYoY" : 3.23,
    "grossProfitMargin" : 42.50,
    "grossProfit" : 53.87,
    "operatingProfitMargin" : 20.81,
    "operatingProfit" : 26.38,
    "netProfitMargin" : 14.02,
    "netProfit" : 17.77
  }, {
    "date" : "2017-06-30",
    "sales" : 141.70,
    "salesGrowthYoY" : 7.44,
    "grossProfitMargin" : 43.08,
    "grossProfit" : 61.04,
    "operatingProfitMargin" : 16.82,
    "operatingProfit" : 23.83,
    "netProfitMargin" : 11.50,
    "netProfit" : 16.30
  }, {
    "date" : "2017-09-30",
    "sales" : 148.41,
    "salesGrowthYoY" : 12.24,
    "grossProfitMargin" : 43.97,
    "grossProfit" : 65.26,
    "operatingProfitMargin" : 19.69,
    "operatingProfit" : 29.22,
    "netProfitMargin" : 13.54,
    "netProfit" : 20.09
  }, {
    "date" : "2017-12-31",
    "sales" : 157.83,
    "salesGrowthYoY" : 23.23,
    "grossProfitMargin" : 46.07,
    "grossProfit" : 72.71,
    "operatingProfitMargin" : 20.97,
    "operatingProfit" : 33.10,
    "netProfitMargin" : 13.93,
    "netProfit" : 21.99
  }, {
    "date" : "2018-03-31",
    "sales" : 180.49,
    "salesGrowthYoY" : 42.40,
    "grossProfitMargin" : 45.63,
    "grossProfit" : 82.36,
    "operatingProfitMargin" : 22.66,
    "operatingProfit" : 40.90,
    "netProfitMargin" : 15.21,
    "netProfit" : 27.45
  }, {
    "date" : "2018-06-30",
    "sales" : 174.09,
    "salesGrowthYoY" : 22.86,
    "grossProfitMargin" : 41.07,
    "grossProfit" : 71.50,
    "operatingProfitMargin" : 16.39,
    "operatingProfit" : 28.53,
    "netProfitMargin" : 12.59,
    "netProfit" : 21.92
  }, {
    "date" : "2018-09-30",
    "sales" : 186.70,
    "salesGrowthYoY" : 25.80,
    "grossProfitMargin" : 41.11,
    "grossProfit" : 76.75,
    "operatingProfitMargin" : 16.80,
    "operatingProfit" : 31.37,
    "netProfitMargin" : 11.98,
    "netProfit" : 22.37
  }, {
    "date" : "2018-12-31",
    "sales" : 199.78,
    "salesGrowthYoY" : 26.58,
    "grossProfitMargin" : 39.97,
    "grossProfit" : 79.85,
    "operatingProfitMargin" : 16.83,
    "operatingProfit" : 33.62,
    "netProfitMargin" : 10.30,
    "netProfit" : 20.58
  }, {
    "date" : "2019-03-31",
    "sales" : 187.38,
    "salesGrowthYoY" : 3.82,
    "grossProfitMargin" : 40.14,
    "grossProfit" : 75.21,
    "operatingProfitMargin" : 18.38,
    "operatingProfit" : 34.44,
    "netProfitMargin" : 13.34,
    "netProfit" : 25.00
  }, {
    "date" : "2019-06-30",
    "sales" : 188.38,
    "salesGrowthYoY" : 8.21,
    "grossProfitMargin" : 41.18,
    "grossProfit" : 77.57,
    "operatingProfitMargin" : 18.47,
    "operatingProfit" : 34.79,
    "netProfitMargin" : 11.81,
    "netProfit" : 22.25
  }, {
    "date" : "2019-09-30",
    "sales" : 178.84,
    "salesGrowthYoY" : -4.21,
    "grossProfitMargin" : 40.67,
    "grossProfit" : 72.73,
    "operatingProfitMargin" : 17.48,
    "operatingProfit" : 31.26,
    "netProfitMargin" : 14.55,
    "netProfit" : 26.02
  }, {
    "date" : "2019-12-31",
    "sales" : 167.31,
    "salesGrowthYoY" : -16.25,
    "grossProfitMargin" : 39.77,
    "grossProfit" : 66.54,
    "operatingProfitMargin" : 16.56,
    "operatingProfit" : 27.71,
    "netProfitMargin" : 11.73,
    "netProfit" : 19.63
  }, {
    "date" : "2020-03-31",
    "sales" : 339.58,
    "salesGrowthYoY" : 81.23,
    "grossProfitMargin" : 40.00,
    "grossProfit" : 135.83,
    "operatingProfitMargin" : 16.27,
    "operatingProfit" : 55.25,
    "netProfitMargin" : 9.69,
    "netProfit" : 32.91
  }, {
    "date" : "2020-06-30",
    "sales" : 231.24,
    "salesGrowthYoY" : 22.75,
    "grossProfitMargin" : 38.49,
    "grossProfit" : 89.00,
    "operatingProfitMargin" : 12.26,
    "operatingProfit" : 28.35,
    "netProfitMargin" : 7.60,
    "netProfit" : 17.57
  }, {
    "date" : "2020-09-30",
    "sales" : 346.31,
    "salesGrowthYoY" : 93.64,
    "grossProfitMargin" : 35.33,
    "grossProfit" : 122.35,
    "operatingProfitMargin" : 14.15,
    "operatingProfit" : 49.00,
    "netProfitMargin" : 9.32,
    "netProfit" : 32.28
  }, {
    "date" : "2020-12-31",
    "sales" : 382.57,
    "salesGrowthYoY" : 128.66,
    "grossProfitMargin" : 38.03,
    "grossProfit" : 145.49,
    "operatingProfitMargin" : 17.16,
    "operatingProfit" : 65.65,
    "netProfitMargin" : 11.42,
    "netProfit" : 43.69
  }, {
    "date" : "2021-03-31",
    "sales" : 406.29,
    "salesGrowthYoY" : 19.64,
    "grossProfitMargin" : 38.46,
    "grossProfit" : 156.26,
    "operatingProfitMargin" : 15.94,
    "operatingProfit" : 64.76,
    "netProfitMargin" : 10.44,
    "netProfit" : 42.42
  }, {
    "date" : "2021-06-30",
    "sales" : 428.32,
    "salesGrowthYoY" : 85.23,
    "grossProfitMargin" : 37.53,
    "grossProfit" : 160.75,
    "operatingProfitMargin" : 17.29,
    "operatingProfit" : 74.06,
    "netProfitMargin" : 11.63,
    "netProfit" : 49.81
  }, {
    "date" : "2021-09-30",
    "sales" : 431.39,
    "salesGrowthYoY" : 24.57,
    "grossProfitMargin" : 36.99,
    "grossProfit" : 159.57,
    "operatingProfitMargin" : 15.12,
    "operatingProfit" : 65.23,
    "netProfitMargin" : 9.93,
    "netProfit" : 42.84
  }, {
    "date" : "2021-12-31",
    "sales" : 542.46,
    "salesGrowthYoY" : 41.79,
    "grossProfitMargin" : 41.35,
    "grossProfit" : 224.31,
    "operatingProfitMargin" : 19.56,
    "operatingProfit" : 106.11,
    "netProfitMargin" : 14.00,
    "netProfit" : 75.94
  }, {
    "date" : "2022-03-31",
    "sales" : 590.09,
    "salesGrowthYoY" : 45.24,
    "grossProfitMargin" : 43.51,
    "grossProfit" : 256.75,
    "operatingProfitMargin" : 23.50,
    "operatingProfit" : 138.67,
    "netProfitMargin" : 16.83,
    "netProfit" : 99.31
  }, {
    "date" : "2022-06-30",
    "sales" : 600.55,
    "salesGrowthYoY" : 40.21,
    "grossProfitMargin" : 39.67,
    "grossProfit" : 238.24,
    "operatingProfitMargin" : 19.17,
    "operatingProfit" : 115.13,
    "netProfitMargin" : 13.64,
    "netProfit" : 81.92
  }, {
    "date" : "2022-09-30",
    "sales" : 599.14,
    "salesGrowthYoY" : 38.89,
    "grossProfitMargin" : 37.97,
    "grossProfit" : 227.49,
    "operatingProfitMargin" : 16.65,
    "operatingProfit" : 99.76,
    "netProfitMargin" : 11.93,
    "netProfit" : 71.48
  }, {
    "date" : "2022-12-31",
    "sales" : 643.88,
    "salesGrowthYoY" : 18.70,
    "grossProfitMargin" : 33.97,
    "grossProfit" : 218.73,
    "operatingProfitMargin" : 14.28,
    "operatingProfit" : 91.95,
    "netProfitMargin" : 9.08,
    "netProfit" : 58.46
  }, {
    "date" : "2023-03-31",
    "sales" : 640.28,
    "salesGrowthYoY" : 8.51,
    "grossProfitMargin" : 34.58,
    "grossProfit" : 221.41,
    "operatingProfitMargin" : 8.41,
    "operatingProfit" : 53.85,
    "netProfitMargin" : 2.09,
    "netProfit" : 13.38
  }, {
    "date" : "2023-06-30",
    "sales" : 677.18,
    "salesGrowthYoY" : 12.76,
    "grossProfitMargin" : 38.48,
    "grossProfit" : 260.58,
    "operatingProfitMargin" : 14.94,
    "operatingProfit" : 101.17,
    "netProfitMargin" : 8.82,
    "netProfit" : 59.73
  }, {
    "date" : "2023-09-30",
    "sales" : 718.27,
    "salesGrowthYoY" : 19.88,
    "grossProfitMargin" : 36.04,
    "grossProfit" : 258.86,
    "operatingProfitMargin" : 14.20,
    "operatingProfit" : 101.99,
    "netProfitMargin" : 8.85,
    "netProfit" : 63.57
  }, {
    "date" : "2023-12-31",
    "sales" : 692.41,
    "salesGrowthYoY" : 7.54,
    "grossProfitMargin" : 37.53,
    "grossProfit" : 259.86,
    "operatingProfitMargin" : 12.94,
    "operatingProfit" : 89.60,
    "netProfitMargin" : 7.42,
    "netProfit" : 51.38
  }, {
    "date" : "2024-03-31",
    "sales" : 736.23,
    "salesGrowthYoY" : 14.99,
    "grossProfitMargin" : 40.19,
    "grossProfit" : 295.89,
    "operatingProfitMargin" : 17.35,
    "operatingProfit" : 127.74,
    "netProfitMargin" : 6.92,
    "netProfit" : 50.95
  }, {
    "date" : "2024-06-30",
    "sales" : 701.15,
    "salesGrowthYoY" : 3.54,
    "grossProfitMargin" : 42.23,
    "grossProfit" : 296.10,
    "operatingProfitMargin" : 18.23,
    "operatingProfit" : 127.82,
    "netProfitMargin" : 11.64,
    "netProfit" : 81.61
  }, {
    "date" : "2024-09-30",
    "sales" : 660.94,
    "salesGrowthYoY" : -7.98,
    "grossProfitMargin" : 37.28,
    "grossProfit" : 246.40,
    "operatingProfitMargin" : 13.09,
    "operatingProfit" : 86.52,
    "netProfitMargin" : 7.38,
    "netProfit" : 48.78
  }, {
    "date" : "2024-12-31",
    "sales" : 774.31,
    "salesGrowthYoY" : 11.83,
    "grossProfitMargin" : 34.71,
    "grossProfit" : 268.76,
    "operatingProfitMargin" : 12.46,
    "operatingProfit" : 96.48,
    "netProfitMargin" : 7.25,
    "netProfit" : 56.14
  }, {
    "date" : "2025-03-31",
    "sales" : 755.45,
    "salesGrowthYoY" : 2.61,
    "grossProfitMargin" : 35.78,
    "grossProfit" : 270.30,
    "operatingProfitMargin" : 9.61,
    "operatingProfit" : 72.60,
    "netProfitMargin" : 4.82,
    "netProfit" : 36.41
  }, {
    "date" : "2025-06-30",
    "sales" : 805.27,
    "salesGrowthYoY" : 14.85,
    "grossProfitMargin" : 32.88,
    "grossProfit" : 264.77,
    "operatingProfitMargin" : 10.19,
    "operatingProfit" : 82.06,
    "netProfitMargin" : 5.78,
    "netProfit" : 46.54
  }, {
    "date" : "2025-09-30",
    "sales" : 862.13,
    "salesGrowthYoY" : 30.44,
    "grossProfitMargin" : 31.18,
    "grossProfit" : 268.81,
    "operatingProfitMargin" : 8.98,
    "operatingProfit" : 77.42,
    "netProfitMargin" : 4.79,
    "netProfit" : 41.30
  }, {
    "date" : "2025-12-31",
    "sales" : 903.48,
    "salesGrowthYoY" : 16.68,
    "grossProfitMargin" : 34.87,
    "grossProfit" : 315.04,
    "operatingProfitMargin" : 12.65,
    "operatingProfit" : 114.29,
    "netProfitMargin" : 7.63,
    "netProfit" : 68.94
  } ],
  "latestQuarterlyResult" : {
    "date" : "2025-12-31",
    "sales" : 903.48,
    "salesGrowthYoY" : 16.68,
    "grossProfitMargin" : 34.87,
    "grossProfit" : 315.04,
    "operatingProfitMargin" : 12.65,
    "operatingProfit" : 114.29,
    "netProfitMargin" : 7.63,
    "netProfit" : 68.94
  },
  "companyScore" : {
    "priceHigherThanDma50" : 5.00,
    "priceHigherThanDma100" : 5.00,
    "priceHigherThanDma200" : 0.00,
    "dma50HigherThanDma100" : 0.00,
    "dma50HigherThanDma200" : 0.00,
    "dma100HigherThanDma200" : 0.00,
    "pricePercentageAboveDma50" : 4.92,
    "pricePercentageAboveDma100" : 4.95,
    "pricePercentageAboveDma200" : 5.10,
    "weeklyVolumeHigherThanYearlyVolume" : 0.00,
    "salesGrowthPercentile" : 10.94,
    "operatingProfitMarginPercentile" : 5.62,
    "netProfitMarginPercentile" : 3.76,
    "totalTechnicalScore" : 24.97,
    "totalFundamentalScore" : 20.32,
    "totalScore" : 45.29
  }
}