{
  "metadata" : {
    "screenerCompanyId" : "2754",
    "companyCode" : "RICOAUTO",
    "companyName" : "Rico Auto Inds",
    "screenerCompanyLink" : "https://www.screener.in/company/RICOAUTO/consolidated/",
    "screenerTechnicalHistoryLink" : "https://www.screener.in/api/company/2754/chart/?q=Price-DMA50-DMA200-Volume&days=365",
    "screenerQuarterlyResultsLink" : "https://www.screener.in/api/company/2754/chart/?q=GPM-OPM-NPM-Quarter+Sales&days=10000",
    "attributes" : {
      "companyCode" : "RICOAUTO",
      "companyName" : "Rico Auto Inds",
      "marketCap" : 1784.00,
      "peRatio" : 40.70,
      "description" : "Incorporated in 1983, Rico Auto Industries Ltd is in the business of manufacturing and sale of auto components for two and four wheeler vehicles. [1]"
    },
    "companyScore" : {
      "priceHigherThanDma50" : 5.00,
      "priceHigherThanDma100" : 5.00,
      "priceHigherThanDma200" : 5.00,
      "dma50HigherThanDma100" : 5.00,
      "dma50HigherThanDma200" : 5.00,
      "dma100HigherThanDma200" : 5.00,
      "pricePercentageAboveDma50" : 4.25,
      "pricePercentageAboveDma100" : 3.54,
      "pricePercentageAboveDma200" : 3.15,
      "weeklyVolumeHigherThanYearlyVolume" : 5.00,
      "salesGrowthPercentile" : 12.41,
      "operatingProfitMarginPercentile" : 15.63,
      "netProfitMarginPercentile" : 7.30,
      "totalTechnicalScore" : 45.94,
      "totalFundamentalScore" : 35.34,
      "totalScore" : 81.28
    }
  },
  "attributes" : {
    "companyCode" : "RICOAUTO",
    "companyName" : "Rico Auto Inds",
    "marketCap" : 1784.00,
    "peRatio" : 40.70,
    "description" : "Incorporated in 1983, Rico Auto Industries Ltd is in the business of manufacturing and sale of auto components for two and four wheeler vehicles. [1]"
  },
  "technicalHistory" : [ {
    "date" : "2025-01-06",
    "price" : 89.92,
    "dma50" : 92.88,
    "dma100" : null,
    "dma200" : 105.85,
    "volume" : 1750485.00
  }, {
    "date" : "2025-01-07",
    "price" : 90.80,
    "dma50" : 92.80,
    "dma100" : null,
    "dma200" : 105.70,
    "volume" : 972099.00
  }, {
    "date" : "2025-01-08",
    "price" : 93.50,
    "dma50" : 92.82,
    "dma100" : null,
    "dma200" : 105.58,
    "volume" : 869142.00
  }, {
    "date" : "2025-01-09",
    "price" : 89.79,
    "dma50" : 92.71,
    "dma100" : null,
    "dma200" : 105.42,
    "volume" : 371929.00
  }, {
    "date" : "2025-01-10",
    "price" : 86.23,
    "dma50" : 92.45,
    "dma100" : null,
    "dma200" : 105.23,
    "volume" : 663524.00
  }, {
    "date" : "2025-01-13",
    "price" : 84.42,
    "dma50" : 92.14,
    "dma100" : null,
    "dma200" : 105.03,
    "volume" : 653632.00
  }, {
    "date" : "2025-01-14",
    "price" : 87.17,
    "dma50" : 91.94,
    "dma100" : null,
    "dma200" : 104.85,
    "volume" : 639039.00
  }, {
    "date" : "2025-01-15",
    "price" : 86.44,
    "dma50" : 91.73,
    "dma100" : null,
    "dma200" : 104.66,
    "volume" : 295355.00
  }, {
    "date" : "2025-01-16",
    "price" : 87.17,
    "dma50" : 91.55,
    "dma100" : null,
    "dma200" : 104.49,
    "volume" : 318124.00
  }, {
    "date" : "2025-01-17",
    "price" : 91.23,
    "dma50" : 91.54,
    "dma100" : null,
    "dma200" : 104.36,
    "volume" : 1621958.00
  }, {
    "date" : "2025-01-20",
    "price" : 91.25,
    "dma50" : 91.52,
    "dma100" : null,
    "dma200" : 104.23,
    "volume" : 438235.00
  }, {
    "date" : "2025-01-21",
    "price" : 88.69,
    "dma50" : 91.41,
    "dma100" : null,
    "dma200" : 104.07,
    "volume" : 412713.00
  }, {
    "date" : "2025-01-22",
    "price" : 87.95,
    "dma50" : 91.28,
    "dma100" : null,
    "dma200" : 103.91,
    "volume" : 267185.00
  }, {
    "date" : "2025-01-23",
    "price" : 88.38,
    "dma50" : 91.16,
    "dma100" : null,
    "dma200" : 103.76,
    "volume" : 408878.00
  }, {
    "date" : "2025-01-24",
    "price" : 87.45,
    "dma50" : 91.02,
    "dma100" : null,
    "dma200" : 103.60,
    "volume" : 371255.00
  }, {
    "date" : "2025-01-27",
    "price" : 83.78,
    "dma50" : 90.73,
    "dma100" : null,
    "dma200" : 103.40,
    "volume" : 501189.00
  }, {
    "date" : "2025-01-28",
    "price" : 82.28,
    "dma50" : 90.40,
    "dma100" : null,
    "dma200" : 103.19,
    "volume" : 621178.00
  }, {
    "date" : "2025-01-29",
    "price" : 86.67,
    "dma50" : 90.26,
    "dma100" : null,
    "dma200" : 103.02,
    "volume" : 500674.00
  }, {
    "date" : "2025-01-30",
    "price" : 85.05,
    "dma50" : 90.05,
    "dma100" : null,
    "dma200" : 102.85,
    "volume" : 351264.00
  }, {
    "date" : "2025-01-31",
    "price" : 86.55,
    "dma50" : 89.91,
    "dma100" : null,
    "dma200" : 102.68,
    "volume" : 262679.00
  }, {
    "date" : "2025-02-01",
    "price" : 86.39,
    "dma50" : 89.78,
    "dma100" : null,
    "dma200" : 102.52,
    "volume" : 297212.00
  }, {
    "date" : "2025-02-03",
    "price" : 83.18,
    "dma50" : 89.52,
    "dma100" : null,
    "dma200" : 102.33,
    "volume" : 253178.00
  }, {
    "date" : "2025-02-04",
    "price" : 86.26,
    "dma50" : 89.39,
    "dma100" : null,
    "dma200" : 102.17,
    "volume" : 325251.00
  }, {
    "date" : "2025-02-05",
    "price" : 86.39,
    "dma50" : 89.27,
    "dma100" : null,
    "dma200" : 102.01,
    "volume" : 201095.00
  }, {
    "date" : "2025-02-06",
    "price" : 86.00,
    "dma50" : 89.14,
    "dma100" : null,
    "dma200" : 101.85,
    "volume" : 168844.00
  }, {
    "date" : "2025-02-07",
    "price" : 84.29,
    "dma50" : 88.95,
    "dma100" : null,
    "dma200" : 101.68,
    "volume" : 254616.00
  }, {
    "date" : "2025-02-10",
    "price" : 80.52,
    "dma50" : 88.62,
    "dma100" : null,
    "dma200" : 101.47,
    "volume" : 454918.00
  }, {
    "date" : "2025-02-11",
    "price" : 76.01,
    "dma50" : 88.13,
    "dma100" : null,
    "dma200" : 101.21,
    "volume" : 492403.00
  }, {
    "date" : "2025-02-12",
    "price" : 77.18,
    "dma50" : 87.70,
    "dma100" : null,
    "dma200" : 100.97,
    "volume" : 739854.00
  }, {
    "date" : "2025-02-13",
    "price" : 74.01,
    "dma50" : 87.16,
    "dma100" : null,
    "dma200" : 100.71,
    "volume" : 508093.00
  }, {
    "date" : "2025-02-14",
    "price" : 68.86,
    "dma50" : 86.44,
    "dma100" : null,
    "dma200" : 100.39,
    "volume" : 997117.00
  }, {
    "date" : "2025-02-17",
    "price" : 68.84,
    "dma50" : 85.75,
    "dma100" : null,
    "dma200" : 100.08,
    "volume" : 812503.00
  }, {
    "date" : "2025-02-18",
    "price" : 66.05,
    "dma50" : 84.98,
    "dma100" : null,
    "dma200" : 99.74,
    "volume" : 470801.00
  }, {
    "date" : "2025-02-19",
    "price" : 72.52,
    "dma50" : 84.49,
    "dma100" : null,
    "dma200" : 99.47,
    "volume" : 933536.00
  }, {
    "date" : "2025-02-20",
    "price" : 72.38,
    "dma50" : 84.02,
    "dma100" : null,
    "dma200" : 99.20,
    "volume" : 321551.00
  }, {
    "date" : "2025-02-21",
    "price" : 70.54,
    "dma50" : 83.49,
    "dma100" : null,
    "dma200" : 98.91,
    "volume" : 602795.00
  }, {
    "date" : "2025-02-24",
    "price" : 68.61,
    "dma50" : 82.91,
    "dma100" : null,
    "dma200" : 98.61,
    "volume" : 397643.00
  }, {
    "date" : "2025-02-25",
    "price" : 68.66,
    "dma50" : 82.35,
    "dma100" : null,
    "dma200" : 98.31,
    "volume" : 373688.00
  }, {
    "date" : "2025-02-27",
    "price" : 66.39,
    "dma50" : 81.72,
    "dma100" : null,
    "dma200" : 97.99,
    "volume" : 366573.00
  }, {
    "date" : "2025-02-28",
    "price" : 63.38,
    "dma50" : 81.00,
    "dma100" : null,
    "dma200" : 97.65,
    "volume" : 538696.00
  }, {
    "date" : "2025-03-03",
    "price" : 60.73,
    "dma50" : 80.21,
    "dma100" : null,
    "dma200" : 97.28,
    "volume" : 725061.00
  }, {
    "date" : "2025-03-04",
    "price" : 61.07,
    "dma50" : 79.46,
    "dma100" : null,
    "dma200" : 96.92,
    "volume" : 569910.00
  }, {
    "date" : "2025-03-05",
    "price" : 64.64,
    "dma50" : 78.88,
    "dma100" : null,
    "dma200" : 96.60,
    "volume" : 512851.00
  }, {
    "date" : "2025-03-06",
    "price" : 66.22,
    "dma50" : 78.38,
    "dma100" : null,
    "dma200" : 96.30,
    "volume" : 549875.00
  }, {
    "date" : "2025-03-07",
    "price" : 66.92,
    "dma50" : 77.93,
    "dma100" : null,
    "dma200" : 96.01,
    "volume" : 643955.00
  }, {
    "date" : "2025-03-10",
    "price" : 63.14,
    "dma50" : 77.35,
    "dma100" : null,
    "dma200" : 95.68,
    "volume" : 519430.00
  }, {
    "date" : "2025-03-11",
    "price" : 61.92,
    "dma50" : 76.74,
    "dma100" : null,
    "dma200" : 95.34,
    "volume" : 536095.00
  }, {
    "date" : "2025-03-12",
    "price" : 62.31,
    "dma50" : 76.18,
    "dma100" : null,
    "dma200" : 95.01,
    "volume" : 560226.00
  }, {
    "date" : "2025-03-13",
    "price" : 61.47,
    "dma50" : 75.60,
    "dma100" : null,
    "dma200" : 94.68,
    "volume" : 382157.00
  }, {
    "date" : "2025-03-17",
    "price" : 60.03,
    "dma50" : 74.99,
    "dma100" : null,
    "dma200" : 94.34,
    "volume" : 578275.00
  }, {
    "date" : "2025-03-18",
    "price" : 63.03,
    "dma50" : 74.52,
    "dma100" : null,
    "dma200" : 94.02,
    "volume" : 704938.00
  }, {
    "date" : "2025-03-19",
    "price" : 64.63,
    "dma50" : 74.13,
    "dma100" : null,
    "dma200" : 93.73,
    "volume" : 624288.00
  }, {
    "date" : "2025-03-20",
    "price" : 65.83,
    "dma50" : 73.81,
    "dma100" : null,
    "dma200" : 93.45,
    "volume" : 787254.00
  }, {
    "date" : "2025-03-21",
    "price" : 65.74,
    "dma50" : 73.49,
    "dma100" : null,
    "dma200" : 93.18,
    "volume" : 724131.00
  }, {
    "date" : "2025-03-24",
    "price" : 66.08,
    "dma50" : 73.20,
    "dma100" : null,
    "dma200" : 92.91,
    "volume" : 880125.00
  }, {
    "date" : "2025-03-25",
    "price" : 63.45,
    "dma50" : 72.82,
    "dma100" : null,
    "dma200" : 92.62,
    "volume" : 722810.00
  }, {
    "date" : "2025-03-26",
    "price" : 60.98,
    "dma50" : 72.35,
    "dma100" : null,
    "dma200" : 92.30,
    "volume" : 935125.00
  }, {
    "date" : "2025-03-27",
    "price" : 60.64,
    "dma50" : 71.90,
    "dma100" : null,
    "dma200" : 91.99,
    "volume" : 1473231.00
  }, {
    "date" : "2025-03-28",
    "price" : 60.37,
    "dma50" : 71.44,
    "dma100" : null,
    "dma200" : 91.67,
    "volume" : 964625.00
  }, {
    "date" : "2025-04-01",
    "price" : 62.48,
    "dma50" : 71.09,
    "dma100" : null,
    "dma200" : 91.38,
    "volume" : 604611.00
  }, {
    "date" : "2025-04-02",
    "price" : 64.20,
    "dma50" : 70.82,
    "dma100" : null,
    "dma200" : 91.11,
    "volume" : 1068503.00
  }, {
    "date" : "2025-04-03",
    "price" : 64.26,
    "dma50" : 70.56,
    "dma100" : null,
    "dma200" : 90.84,
    "volume" : 425253.00
  }, {
    "date" : "2025-04-04",
    "price" : 61.07,
    "dma50" : 70.19,
    "dma100" : null,
    "dma200" : 90.55,
    "volume" : 596821.00
  }, {
    "date" : "2025-04-07",
    "price" : 57.26,
    "dma50" : 69.68,
    "dma100" : null,
    "dma200" : 90.22,
    "volume" : 1048131.00
  }, {
    "date" : "2025-04-08",
    "price" : 59.13,
    "dma50" : 69.27,
    "dma100" : null,
    "dma200" : 89.91,
    "volume" : 568048.00
  }, {
    "date" : "2025-04-09",
    "price" : 58.07,
    "dma50" : 68.83,
    "dma100" : null,
    "dma200" : 89.59,
    "volume" : 284131.00
  }, {
    "date" : "2025-04-11",
    "price" : 60.30,
    "dma50" : 68.50,
    "dma100" : null,
    "dma200" : 89.30,
    "volume" : 309336.00
  }, {
    "date" : "2025-04-15",
    "price" : 62.96,
    "dma50" : 68.28,
    "dma100" : null,
    "dma200" : 89.04,
    "volume" : 361441.00
  }, {
    "date" : "2025-04-16",
    "price" : 63.49,
    "dma50" : 68.09,
    "dma100" : null,
    "dma200" : 88.78,
    "volume" : 305835.00
  }, {
    "date" : "2025-04-17",
    "price" : 65.41,
    "dma50" : 67.99,
    "dma100" : null,
    "dma200" : 88.55,
    "volume" : 577357.00
  }, {
    "date" : "2025-04-21",
    "price" : 67.05,
    "dma50" : 67.95,
    "dma100" : null,
    "dma200" : 88.34,
    "volume" : 412102.00
  }, {
    "date" : "2025-04-22",
    "price" : 67.68,
    "dma50" : 67.94,
    "dma100" : null,
    "dma200" : 88.13,
    "volume" : 480158.00
  }, {
    "date" : "2025-04-23",
    "price" : 67.59,
    "dma50" : 67.93,
    "dma100" : null,
    "dma200" : 87.93,
    "volume" : 644482.00
  }, {
    "date" : "2025-04-24",
    "price" : 67.28,
    "dma50" : 67.90,
    "dma100" : null,
    "dma200" : 87.72,
    "volume" : 406817.00
  }, {
    "date" : "2025-04-25",
    "price" : 64.24,
    "dma50" : 67.76,
    "dma100" : null,
    "dma200" : 87.49,
    "volume" : 626034.00
  }, {
    "date" : "2025-04-28",
    "price" : 65.21,
    "dma50" : 67.66,
    "dma100" : null,
    "dma200" : 87.27,
    "volume" : 309497.00
  }, {
    "date" : "2025-04-29",
    "price" : 65.22,
    "dma50" : 67.56,
    "dma100" : null,
    "dma200" : 87.05,
    "volume" : 321227.00
  }, {
    "date" : "2025-04-30",
    "price" : 63.54,
    "dma50" : 67.40,
    "dma100" : null,
    "dma200" : 86.81,
    "volume" : 281282.00
  }, {
    "date" : "2025-05-02",
    "price" : 63.22,
    "dma50" : 67.24,
    "dma100" : null,
    "dma200" : 86.58,
    "volume" : 224982.00
  }, {
    "date" : "2025-05-05",
    "price" : 64.58,
    "dma50" : 67.14,
    "dma100" : null,
    "dma200" : 86.36,
    "volume" : 229958.00
  }, {
    "date" : "2025-05-06",
    "price" : 61.42,
    "dma50" : 66.91,
    "dma100" : null,
    "dma200" : 86.11,
    "volume" : 291341.00
  }, {
    "date" : "2025-05-07",
    "price" : 62.65,
    "dma50" : 66.74,
    "dma100" : null,
    "dma200" : 85.88,
    "volume" : 290201.00
  }, {
    "date" : "2025-05-08",
    "price" : 61.74,
    "dma50" : 66.55,
    "dma100" : null,
    "dma200" : 85.64,
    "volume" : 228328.00
  }, {
    "date" : "2025-05-09",
    "price" : 60.66,
    "dma50" : 66.32,
    "dma100" : null,
    "dma200" : 85.39,
    "volume" : 250477.00
  }, {
    "date" : "2025-05-12",
    "price" : 65.02,
    "dma50" : 66.27,
    "dma100" : null,
    "dma200" : 85.19,
    "volume" : 410119.00
  }, {
    "date" : "2025-05-13",
    "price" : 66.58,
    "dma50" : 66.28,
    "dma100" : null,
    "dma200" : 85.00,
    "volume" : 313420.00
  }, {
    "date" : "2025-05-14",
    "price" : 67.77,
    "dma50" : 66.34,
    "dma100" : null,
    "dma200" : 84.83,
    "volume" : 343674.00
  }, {
    "date" : "2025-05-15",
    "price" : 68.81,
    "dma50" : 66.43,
    "dma100" : null,
    "dma200" : 84.67,
    "volume" : 363578.00
  }, {
    "date" : "2025-05-16",
    "price" : 71.23,
    "dma50" : 66.62,
    "dma100" : null,
    "dma200" : 84.54,
    "volume" : 1111010.00
  }, {
    "date" : "2025-05-19",
    "price" : 72.89,
    "dma50" : 66.87,
    "dma100" : null,
    "dma200" : 84.42,
    "volume" : 812971.00
  }, {
    "date" : "2025-05-20",
    "price" : 71.67,
    "dma50" : 67.06,
    "dma100" : null,
    "dma200" : 84.29,
    "volume" : 428728.00
  }, {
    "date" : "2025-05-21",
    "price" : 72.15,
    "dma50" : 67.26,
    "dma100" : null,
    "dma200" : 84.17,
    "volume" : 258802.00
  }, {
    "date" : "2025-05-22",
    "price" : 71.28,
    "dma50" : 67.41,
    "dma100" : null,
    "dma200" : 84.04,
    "volume" : 272651.00
  }, {
    "date" : "2025-05-23",
    "price" : 71.11,
    "dma50" : 67.56,
    "dma100" : null,
    "dma200" : 83.92,
    "volume" : 212554.00
  }, {
    "date" : "2025-05-26",
    "price" : 71.44,
    "dma50" : 67.71,
    "dma100" : null,
    "dma200" : 83.79,
    "volume" : 243191.00
  }, {
    "date" : "2025-05-27",
    "price" : 70.25,
    "dma50" : 67.81,
    "dma100" : null,
    "dma200" : 83.66,
    "volume" : 435787.00
  }, {
    "date" : "2025-05-28",
    "price" : 78.28,
    "dma50" : 68.22,
    "dma100" : null,
    "dma200" : 83.60,
    "volume" : 3580185.00
  }, {
    "date" : "2025-05-29",
    "price" : 77.03,
    "dma50" : 68.57,
    "dma100" : null,
    "dma200" : 83.54,
    "volume" : 1529827.00
  }, {
    "date" : "2025-05-30",
    "price" : 75.17,
    "dma50" : 68.83,
    "dma100" : null,
    "dma200" : 83.45,
    "volume" : 639271.00
  }, {
    "date" : "2025-06-02",
    "price" : 75.71,
    "dma50" : 69.10,
    "dma100" : null,
    "dma200" : 83.38,
    "volume" : 1048648.00
  }, {
    "date" : "2025-06-03",
    "price" : 77.47,
    "dma50" : 69.42,
    "dma100" : 71.75,
    "dma200" : 83.32,
    "volume" : 915527.00
  }, {
    "date" : "2025-06-04",
    "price" : 81.91,
    "dma50" : 69.91,
    "dma100" : 71.66,
    "dma200" : 83.30,
    "volume" : 2439396.00
  }, {
    "date" : "2025-06-05",
    "price" : 82.63,
    "dma50" : 70.41,
    "dma100" : 71.55,
    "dma200" : 83.30,
    "volume" : 2117053.00
  }, {
    "date" : "2025-06-06",
    "price" : 81.98,
    "dma50" : 70.87,
    "dma100" : 71.47,
    "dma200" : 83.28,
    "volume" : 804101.00
  }, {
    "date" : "2025-06-09",
    "price" : 84.20,
    "dma50" : 71.39,
    "dma100" : 71.45,
    "dma200" : 83.29,
    "volume" : 1054766.00
  }, {
    "date" : "2025-06-10",
    "price" : 82.80,
    "dma50" : 71.84,
    "dma100" : 71.44,
    "dma200" : 83.29,
    "volume" : 482291.00
  }, {
    "date" : "2025-06-11",
    "price" : 83.66,
    "dma50" : 72.30,
    "dma100" : 71.40,
    "dma200" : 83.29,
    "volume" : 486768.00
  }, {
    "date" : "2025-06-12",
    "price" : 79.64,
    "dma50" : 72.59,
    "dma100" : 71.33,
    "dma200" : 83.26,
    "volume" : 676361.00
  }, {
    "date" : "2025-06-13",
    "price" : 79.06,
    "dma50" : 72.84,
    "dma100" : 71.25,
    "dma200" : 83.21,
    "volume" : 577400.00
  }, {
    "date" : "2025-06-16",
    "price" : 78.53,
    "dma50" : 73.06,
    "dma100" : 71.13,
    "dma200" : 83.17,
    "volume" : 447831.00
  }, {
    "date" : "2025-06-17",
    "price" : 76.58,
    "dma50" : 73.20,
    "dma100" : 70.98,
    "dma200" : 83.10,
    "volume" : 275611.00
  }, {
    "date" : "2025-06-18",
    "price" : 76.38,
    "dma50" : 73.33,
    "dma100" : 70.86,
    "dma200" : 83.04,
    "volume" : 283390.00
  }, {
    "date" : "2025-06-19",
    "price" : 72.88,
    "dma50" : 73.31,
    "dma100" : 70.71,
    "dma200" : 82.93,
    "volume" : 678328.00
  }, {
    "date" : "2025-06-20",
    "price" : 73.70,
    "dma50" : 73.32,
    "dma100" : 70.56,
    "dma200" : 82.84,
    "volume" : 302469.00
  }, {
    "date" : "2025-06-23",
    "price" : 73.90,
    "dma50" : 73.35,
    "dma100" : 70.42,
    "dma200" : 82.75,
    "volume" : 282670.00
  }, {
    "date" : "2025-06-24",
    "price" : 74.56,
    "dma50" : 73.39,
    "dma100" : 70.33,
    "dma200" : 82.67,
    "volume" : 336635.00
  }, {
    "date" : "2025-06-25",
    "price" : 76.96,
    "dma50" : 73.53,
    "dma100" : 70.28,
    "dma200" : 82.61,
    "volume" : 398777.00
  }, {
    "date" : "2025-06-26",
    "price" : 75.86,
    "dma50" : 73.63,
    "dma100" : 70.17,
    "dma200" : 82.55,
    "volume" : 368095.00
  }, {
    "date" : "2025-06-27",
    "price" : 75.87,
    "dma50" : 73.71,
    "dma100" : 70.08,
    "dma200" : 82.48,
    "volume" : 414092.00
  }, {
    "date" : "2025-06-30",
    "price" : 75.81,
    "dma50" : 73.80,
    "dma100" : 69.97,
    "dma200" : 82.41,
    "volume" : 205238.00
  }, {
    "date" : "2025-07-01",
    "price" : 75.17,
    "dma50" : 73.85,
    "dma100" : 69.86,
    "dma200" : 82.34,
    "volume" : 381542.00
  }, {
    "date" : "2025-07-02",
    "price" : 74.22,
    "dma50" : 73.86,
    "dma100" : 69.77,
    "dma200" : 82.26,
    "volume" : 487744.00
  }, {
    "date" : "2025-07-03",
    "price" : 76.03,
    "dma50" : 73.95,
    "dma100" : 69.67,
    "dma200" : 82.20,
    "volume" : 1320541.00
  }, {
    "date" : "2025-07-04",
    "price" : 76.47,
    "dma50" : 74.05,
    "dma100" : 69.57,
    "dma200" : 82.14,
    "volume" : 380173.00
  }, {
    "date" : "2025-07-07",
    "price" : 75.39,
    "dma50" : 74.10,
    "dma100" : 69.46,
    "dma200" : 82.08,
    "volume" : 289826.00
  }, {
    "date" : "2025-07-08",
    "price" : 75.10,
    "dma50" : 74.14,
    "dma100" : 69.37,
    "dma200" : 82.01,
    "volume" : 182797.00
  }, {
    "date" : "2025-07-09",
    "price" : 77.87,
    "dma50" : 74.29,
    "dma100" : 69.34,
    "dma200" : 81.97,
    "volume" : 946826.00
  }, {
    "date" : "2025-07-10",
    "price" : 78.49,
    "dma50" : 74.45,
    "dma100" : 69.37,
    "dma200" : 81.93,
    "volume" : 379106.00
  }, {
    "date" : "2025-07-11",
    "price" : 77.95,
    "dma50" : 74.59,
    "dma100" : 69.38,
    "dma200" : 81.89,
    "volume" : 465662.00
  }, {
    "date" : "2025-07-14",
    "price" : 76.45,
    "dma50" : 74.66,
    "dma100" : 69.40,
    "dma200" : 81.84,
    "volume" : 257720.00
  }, {
    "date" : "2025-07-15",
    "price" : 76.49,
    "dma50" : 74.73,
    "dma100" : 69.48,
    "dma200" : 81.78,
    "volume" : 215795.00
  }, {
    "date" : "2025-07-16",
    "price" : 77.17,
    "dma50" : 74.83,
    "dma100" : 69.56,
    "dma200" : 81.74,
    "volume" : 302235.00
  }, {
    "date" : "2025-07-17",
    "price" : 76.46,
    "dma50" : 74.89,
    "dma100" : 69.66,
    "dma200" : 81.69,
    "volume" : 202872.00
  }, {
    "date" : "2025-07-18",
    "price" : 75.50,
    "dma50" : 74.92,
    "dma100" : 69.69,
    "dma200" : 81.62,
    "volume" : 362726.00
  }, {
    "date" : "2025-07-21",
    "price" : 74.76,
    "dma50" : 74.91,
    "dma100" : 69.72,
    "dma200" : 81.56,
    "volume" : 206645.00
  }, {
    "date" : "2025-07-22",
    "price" : 75.03,
    "dma50" : 74.92,
    "dma100" : 69.76,
    "dma200" : 81.49,
    "volume" : 140197.00
  }, {
    "date" : "2025-07-23",
    "price" : 74.46,
    "dma50" : 74.90,
    "dma100" : 69.82,
    "dma200" : 81.42,
    "volume" : 166474.00
  }, {
    "date" : "2025-07-24",
    "price" : 73.60,
    "dma50" : 74.85,
    "dma100" : 69.87,
    "dma200" : 81.34,
    "volume" : 186044.00
  }, {
    "date" : "2025-07-25",
    "price" : 71.07,
    "dma50" : 74.70,
    "dma100" : 69.92,
    "dma200" : 81.24,
    "volume" : 289723.00
  }, {
    "date" : "2025-07-28",
    "price" : 70.58,
    "dma50" : 74.54,
    "dma100" : 69.99,
    "dma200" : 81.13,
    "volume" : 273620.00
  }, {
    "date" : "2025-07-29",
    "price" : 72.65,
    "dma50" : 74.46,
    "dma100" : 70.11,
    "dma200" : 81.05,
    "volume" : 343262.00
  }, {
    "date" : "2025-07-30",
    "price" : 73.20,
    "dma50" : 74.41,
    "dma100" : 70.23,
    "dma200" : 80.97,
    "volume" : 211780.00
  }, {
    "date" : "2025-07-31",
    "price" : 71.24,
    "dma50" : 74.29,
    "dma100" : 70.30,
    "dma200" : 80.88,
    "volume" : 213070.00
  }, {
    "date" : "2025-08-01",
    "price" : 69.29,
    "dma50" : 74.09,
    "dma100" : 70.33,
    "dma200" : 80.76,
    "volume" : 357730.00
  }, {
    "date" : "2025-08-04",
    "price" : 70.40,
    "dma50" : 73.95,
    "dma100" : 70.36,
    "dma200" : 80.66,
    "volume" : 302944.00
  }, {
    "date" : "2025-08-05",
    "price" : 70.33,
    "dma50" : 73.81,
    "dma100" : 70.43,
    "dma200" : 80.55,
    "volume" : 194180.00
  }, {
    "date" : "2025-08-06",
    "price" : 68.55,
    "dma50" : 73.60,
    "dma100" : 70.50,
    "dma200" : 80.43,
    "volume" : 123573.00
  }, {
    "date" : "2025-08-07",
    "price" : 68.27,
    "dma50" : 73.39,
    "dma100" : 70.56,
    "dma200" : 80.31,
    "volume" : 214738.00
  }, {
    "date" : "2025-08-08",
    "price" : 67.45,
    "dma50" : 73.16,
    "dma100" : 70.62,
    "dma200" : 80.19,
    "volume" : 117988.00
  }, {
    "date" : "2025-08-11",
    "price" : 68.03,
    "dma50" : 72.96,
    "dma100" : 70.70,
    "dma200" : 80.06,
    "volume" : 186807.00
  }, {
    "date" : "2025-08-12",
    "price" : 75.81,
    "dma50" : 73.07,
    "dma100" : 70.83,
    "dma200" : 80.02,
    "volume" : 3396800.00
  }, {
    "date" : "2025-08-13",
    "price" : 79.86,
    "dma50" : 73.34,
    "dma100" : 70.98,
    "dma200" : 80.02,
    "volume" : 4339532.00
  }, {
    "date" : "2025-08-14",
    "price" : 91.76,
    "dma50" : 74.06,
    "dma100" : 71.24,
    "dma200" : 80.14,
    "volume" : 49918965.00
  }, {
    "date" : "2025-08-18",
    "price" : 98.65,
    "dma50" : 75.02,
    "dma100" : 71.57,
    "dma200" : 80.32,
    "volume" : 93356648.00
  }, {
    "date" : "2025-08-19",
    "price" : 95.98,
    "dma50" : 75.84,
    "dma100" : 71.87,
    "dma200" : 80.48,
    "volume" : 46180585.00
  }, {
    "date" : "2025-08-20",
    "price" : 96.64,
    "dma50" : 76.66,
    "dma100" : 72.20,
    "dma200" : 80.64,
    "volume" : 18085136.00
  }, {
    "date" : "2025-08-21",
    "price" : 94.56,
    "dma50" : 77.36,
    "dma100" : 72.53,
    "dma200" : 80.78,
    "volume" : 4104756.00
  }, {
    "date" : "2025-08-22",
    "price" : 92.28,
    "dma50" : 77.95,
    "dma100" : 72.85,
    "dma200" : 80.89,
    "volume" : 2687755.00
  }, {
    "date" : "2025-08-25",
    "price" : 93.93,
    "dma50" : 78.57,
    "dma100" : 73.19,
    "dma200" : 81.02,
    "volume" : 3932287.00
  }, {
    "date" : "2025-08-26",
    "price" : 88.14,
    "dma50" : 78.95,
    "dma100" : 73.44,
    "dma200" : 81.09,
    "volume" : 2648085.00
  }, {
    "date" : "2025-08-28",
    "price" : 90.43,
    "dma50" : 79.40,
    "dma100" : 73.71,
    "dma200" : 81.18,
    "volume" : 4229144.00
  }, {
    "date" : "2025-08-29",
    "price" : 89.55,
    "dma50" : 79.80,
    "dma100" : 73.96,
    "dma200" : 81.27,
    "volume" : 2253143.00
  }, {
    "date" : "2025-09-01",
    "price" : 96.21,
    "dma50" : 80.44,
    "dma100" : 74.31,
    "dma200" : 81.42,
    "volume" : 6187059.00
  }, {
    "date" : "2025-09-02",
    "price" : 98.65,
    "dma50" : 81.15,
    "dma100" : 74.72,
    "dma200" : 81.59,
    "volume" : 3302947.00
  }, {
    "date" : "2025-09-03",
    "price" : 99.73,
    "dma50" : 81.88,
    "dma100" : 75.13,
    "dma200" : 81.77,
    "volume" : 4348454.00
  }, {
    "date" : "2025-09-04",
    "price" : 100.18,
    "dma50" : 82.60,
    "dma100" : 75.55,
    "dma200" : 81.95,
    "volume" : 2617963.00
  }, {
    "date" : "2025-09-05",
    "price" : 101.79,
    "dma50" : 83.35,
    "dma100" : 75.97,
    "dma200" : 82.15,
    "volume" : 3533882.00
  }, {
    "date" : "2025-09-08",
    "price" : 102.27,
    "dma50" : 84.09,
    "dma100" : 76.36,
    "dma200" : 82.35,
    "volume" : 2251602.00
  }, {
    "date" : "2025-09-09",
    "price" : 102.91,
    "dma50" : 84.83,
    "dma100" : 76.75,
    "dma200" : 82.55,
    "volume" : 2136400.00
  }, {
    "date" : "2025-09-10",
    "price" : 101.74,
    "dma50" : 85.50,
    "dma100" : 77.12,
    "dma200" : 82.74,
    "volume" : 1654795.00
  }, {
    "date" : "2025-09-11",
    "price" : 101.14,
    "dma50" : 86.11,
    "dma100" : 77.46,
    "dma200" : 82.93,
    "volume" : 2126163.00
  }, {
    "date" : "2025-09-12",
    "price" : 102.57,
    "dma50" : 86.75,
    "dma100" : 77.81,
    "dma200" : 83.12,
    "volume" : 1670976.00
  }, {
    "date" : "2025-09-15",
    "price" : 106.27,
    "dma50" : 87.52,
    "dma100" : 78.19,
    "dma200" : 83.35,
    "volume" : 4613108.00
  }, {
    "date" : "2025-09-16",
    "price" : 107.33,
    "dma50" : 88.30,
    "dma100" : 78.59,
    "dma200" : 83.59,
    "volume" : 2298053.00
  }, {
    "date" : "2025-09-17",
    "price" : 106.14,
    "dma50" : 89.00,
    "dma100" : 79.01,
    "dma200" : 83.82,
    "volume" : 4539577.00
  }, {
    "date" : "2025-09-18",
    "price" : 105.30,
    "dma50" : 89.64,
    "dma100" : 79.41,
    "dma200" : 84.03,
    "volume" : 1594859.00
  }, {
    "date" : "2025-09-19",
    "price" : 104.44,
    "dma50" : 90.22,
    "dma100" : 79.81,
    "dma200" : 84.23,
    "volume" : 1157582.00
  }, {
    "date" : "2025-09-22",
    "price" : 104.43,
    "dma50" : 90.77,
    "dma100" : 80.21,
    "dma200" : 84.43,
    "volume" : 2214134.00
  }, {
    "date" : "2025-09-23",
    "price" : 103.57,
    "dma50" : 91.28,
    "dma100" : 80.62,
    "dma200" : 84.62,
    "volume" : 1327992.00
  }, {
    "date" : "2025-09-24",
    "price" : 101.48,
    "dma50" : 91.68,
    "dma100" : 80.99,
    "dma200" : 84.79,
    "volume" : 1594035.00
  }, {
    "date" : "2025-09-25",
    "price" : 97.03,
    "dma50" : 91.89,
    "dma100" : 81.34,
    "dma200" : 84.91,
    "volume" : 1929971.00
  }, {
    "date" : "2025-09-26",
    "price" : 93.26,
    "dma50" : 91.94,
    "dma100" : 81.65,
    "dma200" : 85.00,
    "volume" : 1579606.00
  }, {
    "date" : "2025-09-29",
    "price" : 93.96,
    "dma50" : 92.02,
    "dma100" : 81.97,
    "dma200" : 85.09,
    "volume" : 1224352.00
  }, {
    "date" : "2025-09-30",
    "price" : 92.29,
    "dma50" : 92.03,
    "dma100" : 82.29,
    "dma200" : 85.16,
    "volume" : 890147.00
  }, {
    "date" : "2025-10-01",
    "price" : 93.80,
    "dma50" : 92.10,
    "dma100" : 82.57,
    "dma200" : 85.24,
    "volume" : 764962.00
  }, {
    "date" : "2025-10-03",
    "price" : 93.46,
    "dma50" : 92.15,
    "dma100" : 82.84,
    "dma200" : 85.33,
    "volume" : 997405.00
  }, {
    "date" : "2025-10-06",
    "price" : 89.69,
    "dma50" : 92.06,
    "dma100" : 83.06,
    "dma200" : 85.37,
    "volume" : 1075495.00
  }, {
    "date" : "2025-10-07",
    "price" : 89.44,
    "dma50" : 91.95,
    "dma100" : 83.27,
    "dma200" : 85.41,
    "volume" : 876571.00
  }, {
    "date" : "2025-10-08",
    "price" : 90.30,
    "dma50" : 91.89,
    "dma100" : 83.46,
    "dma200" : 85.46,
    "volume" : 1208947.00
  }, {
    "date" : "2025-10-09",
    "price" : 89.75,
    "dma50" : 91.80,
    "dma100" : 83.63,
    "dma200" : 85.50,
    "volume" : 569986.00
  }, {
    "date" : "2025-10-10",
    "price" : 90.00,
    "dma50" : 91.73,
    "dma100" : 83.81,
    "dma200" : 85.55,
    "volume" : 482686.00
  }, {
    "date" : "2025-10-13",
    "price" : 88.78,
    "dma50" : 91.62,
    "dma100" : 83.98,
    "dma200" : 85.58,
    "volume" : 779793.00
  }, {
    "date" : "2025-10-14",
    "price" : 86.21,
    "dma50" : 91.41,
    "dma100" : 84.13,
    "dma200" : 85.58,
    "volume" : 568727.00
  }, {
    "date" : "2025-10-15",
    "price" : 87.85,
    "dma50" : 91.27,
    "dma100" : 84.29,
    "dma200" : 85.61,
    "volume" : 393995.00
  }, {
    "date" : "2025-10-16",
    "price" : 87.73,
    "dma50" : 91.13,
    "dma100" : 84.46,
    "dma200" : 85.63,
    "volume" : 382869.00
  }, {
    "date" : "2025-10-17",
    "price" : 85.33,
    "dma50" : 90.90,
    "dma100" : 84.61,
    "dma200" : 85.63,
    "volume" : 389074.00
  }, {
    "date" : "2025-10-20",
    "price" : 86.58,
    "dma50" : 90.73,
    "dma100" : 84.69,
    "dma200" : 85.63,
    "volume" : 652311.00
  }, {
    "date" : "2025-10-21",
    "price" : 89.42,
    "dma50" : 90.68,
    "dma100" : 84.82,
    "dma200" : 85.67,
    "volume" : 370351.00
  }, {
    "date" : "2025-10-23",
    "price" : 87.43,
    "dma50" : 90.55,
    "dma100" : 84.94,
    "dma200" : 85.69,
    "volume" : 623705.00
  }, {
    "date" : "2025-10-24",
    "price" : 86.00,
    "dma50" : 90.37,
    "dma100" : 85.04,
    "dma200" : 85.69,
    "volume" : 358264.00
  }, {
    "date" : "2025-10-27",
    "price" : 86.19,
    "dma50" : 90.21,
    "dma100" : 85.13,
    "dma200" : 85.70,
    "volume" : 283867.00
  }, {
    "date" : "2025-10-28",
    "price" : 84.97,
    "dma50" : 90.00,
    "dma100" : 85.16,
    "dma200" : 85.69,
    "volume" : 283736.00
  }, {
    "date" : "2025-10-29",
    "price" : 85.92,
    "dma50" : 89.84,
    "dma100" : 85.19,
    "dma200" : 85.69,
    "volume" : 397443.00
  }, {
    "date" : "2025-10-30",
    "price" : 84.65,
    "dma50" : 89.64,
    "dma100" : 85.22,
    "dma200" : 85.68,
    "volume" : 280471.00
  }, {
    "date" : "2025-10-31",
    "price" : 83.39,
    "dma50" : 89.40,
    "dma100" : 85.21,
    "dma200" : 85.66,
    "volume" : 361347.00
  }, {
    "date" : "2025-11-03",
    "price" : 84.33,
    "dma50" : 89.20,
    "dma100" : 85.23,
    "dma200" : 85.65,
    "volume" : 294082.00
  }, {
    "date" : "2025-11-04",
    "price" : 82.65,
    "dma50" : 88.94,
    "dma100" : 85.22,
    "dma200" : 85.62,
    "volume" : 301449.00
  }, {
    "date" : "2025-11-06",
    "price" : 80.36,
    "dma50" : 88.60,
    "dma100" : 85.22,
    "dma200" : 85.56,
    "volume" : 461276.00
  }, {
    "date" : "2025-11-07",
    "price" : 80.62,
    "dma50" : 88.29,
    "dma100" : 85.24,
    "dma200" : 85.52,
    "volume" : 412054.00
  }, {
    "date" : "2025-11-10",
    "price" : 85.92,
    "dma50" : 88.20,
    "dma100" : 85.31,
    "dma200" : 85.52,
    "volume" : 1598805.00
  }, {
    "date" : "2025-11-11",
    "price" : 86.10,
    "dma50" : 88.12,
    "dma100" : 85.41,
    "dma200" : 85.52,
    "volume" : 644495.00
  }, {
    "date" : "2025-11-12",
    "price" : 93.06,
    "dma50" : 88.31,
    "dma100" : 85.57,
    "dma200" : 85.60,
    "volume" : 3781469.00
  }, {
    "date" : "2025-11-13",
    "price" : 98.21,
    "dma50" : 88.70,
    "dma100" : 85.83,
    "dma200" : 85.73,
    "volume" : 6440400.00
  }, {
    "date" : "2025-11-14",
    "price" : 98.81,
    "dma50" : 89.09,
    "dma100" : 86.08,
    "dma200" : 85.86,
    "volume" : 1368685.00
  }, {
    "date" : "2025-11-17",
    "price" : 110.60,
    "dma50" : 89.94,
    "dma100" : 86.45,
    "dma200" : 86.10,
    "volume" : 40696016.00
  }, {
    "date" : "2025-11-18",
    "price" : 112.67,
    "dma50" : 90.83,
    "dma100" : 86.83,
    "dma200" : 86.37,
    "volume" : 18939630.00
  }, {
    "date" : "2025-11-19",
    "price" : 116.14,
    "dma50" : 91.82,
    "dma100" : 87.22,
    "dma200" : 86.66,
    "volume" : 10694062.00
  }, {
    "date" : "2025-11-20",
    "price" : 112.73,
    "dma50" : 92.64,
    "dma100" : 87.59,
    "dma200" : 86.92,
    "volume" : 5758427.00
  }, {
    "date" : "2025-11-21",
    "price" : 108.06,
    "dma50" : 93.25,
    "dma100" : 87.91,
    "dma200" : 87.13,
    "volume" : 1628778.00
  }, {
    "date" : "2025-11-24",
    "price" : 105.38,
    "dma50" : 93.72,
    "dma100" : 88.20,
    "dma200" : 87.31,
    "volume" : 1698769.00
  }, {
    "date" : "2025-11-25",
    "price" : 103.68,
    "dma50" : 94.11,
    "dma100" : 88.49,
    "dma200" : 87.48,
    "volume" : 845566.00
  }, {
    "date" : "2025-11-26",
    "price" : 105.80,
    "dma50" : 94.57,
    "dma100" : 88.81,
    "dma200" : 87.66,
    "volume" : 1416573.00
  }, {
    "date" : "2025-11-27",
    "price" : 106.50,
    "dma50" : 95.04,
    "dma100" : 89.11,
    "dma200" : 87.85,
    "volume" : 952236.00
  }, {
    "date" : "2025-11-28",
    "price" : 120.88,
    "dma50" : 96.05,
    "dma100" : 89.55,
    "dma200" : 88.18,
    "volume" : 84871223.00
  }, {
    "date" : "2025-12-01",
    "price" : 123.13,
    "dma50" : 97.11,
    "dma100" : 90.03,
    "dma200" : 88.52,
    "volume" : 64414803.00
  }, {
    "date" : "2025-12-02",
    "price" : 122.95,
    "dma50" : 98.13,
    "dma100" : 90.51,
    "dma200" : 88.87,
    "volume" : 19186704.00
  }, {
    "date" : "2025-12-03",
    "price" : 121.40,
    "dma50" : 99.04,
    "dma100" : 90.95,
    "dma200" : 89.19,
    "volume" : 6802487.00
  }, {
    "date" : "2025-12-04",
    "price" : 115.31,
    "dma50" : 99.68,
    "dma100" : 91.31,
    "dma200" : 89.45,
    "volume" : 7753018.00
  }, {
    "date" : "2025-12-05",
    "price" : 110.87,
    "dma50" : 100.12,
    "dma100" : 91.64,
    "dma200" : 89.66,
    "volume" : 7010582.00
  }, {
    "date" : "2025-12-08",
    "price" : 104.71,
    "dma50" : 100.30,
    "dma100" : 91.93,
    "dma200" : 89.81,
    "volume" : 5654709.00
  }, {
    "date" : "2025-12-09",
    "price" : 103.67,
    "dma50" : 100.43,
    "dma100" : 92.20,
    "dma200" : 89.95,
    "volume" : 5595737.00
  }, {
    "date" : "2025-12-10",
    "price" : 100.99,
    "dma50" : 100.45,
    "dma100" : 92.44,
    "dma200" : 90.06,
    "volume" : 2548661.00
  }, {
    "date" : "2025-12-11",
    "price" : 116.70,
    "dma50" : 101.09,
    "dma100" : 92.84,
    "dma200" : 90.32,
    "volume" : 54944036.00
  }, {
    "date" : "2025-12-12",
    "price" : 118.54,
    "dma50" : 101.77,
    "dma100" : 93.27,
    "dma200" : 90.61,
    "volume" : 41139434.00
  }, {
    "date" : "2025-12-15",
    "price" : 119.53,
    "dma50" : 102.47,
    "dma100" : 93.72,
    "dma200" : 90.89,
    "volume" : 8712552.00
  }, {
    "date" : "2025-12-16",
    "price" : 122.76,
    "dma50" : 103.26,
    "dma100" : 94.19,
    "dma200" : 91.21,
    "volume" : 13240501.00
  }, {
    "date" : "2025-12-17",
    "price" : 117.38,
    "dma50" : 103.82,
    "dma100" : 94.62,
    "dma200" : 91.47,
    "volume" : 7148809.00
  }, {
    "date" : "2025-12-18",
    "price" : 123.55,
    "dma50" : 104.59,
    "dma100" : 95.12,
    "dma200" : 91.79,
    "volume" : 38511412.00
  }, {
    "date" : "2025-12-19",
    "price" : 122.56,
    "dma50" : 105.30,
    "dma100" : 95.64,
    "dma200" : 92.10,
    "volume" : 7614404.00
  }, {
    "date" : "2025-12-22",
    "price" : 128.06,
    "dma50" : 106.19,
    "dma100" : 96.21,
    "dma200" : 92.45,
    "volume" : 9746742.00
  }, {
    "date" : "2025-12-23",
    "price" : 127.29,
    "dma50" : 107.02,
    "dma100" : 96.76,
    "dma200" : 92.80,
    "volume" : 4201261.00
  }, {
    "date" : "2025-12-24",
    "price" : 124.99,
    "dma50" : 107.72,
    "dma100" : 97.28,
    "dma200" : 93.12,
    "volume" : 3399449.00
  }, {
    "date" : "2025-12-26",
    "price" : 136.96,
    "dma50" : 108.87,
    "dma100" : 97.93,
    "dma200" : 93.56,
    "volume" : 44822294.00
  }, {
    "date" : "2025-12-29",
    "price" : 133.36,
    "dma50" : 109.83,
    "dma100" : 98.57,
    "dma200" : 93.95,
    "volume" : 6083048.00
  }, {
    "date" : "2025-12-30",
    "price" : 130.81,
    "dma50" : 110.65,
    "dma100" : 99.18,
    "dma200" : 94.32,
    "volume" : 5573964.00
  }, {
    "date" : "2025-12-31",
    "price" : 136.20,
    "dma50" : 111.65,
    "dma100" : 99.84,
    "dma200" : 94.74,
    "volume" : 8315600.00
  }, {
    "date" : "2026-01-01",
    "price" : 138.05,
    "dma50" : 112.69,
    "dma100" : 100.53,
    "dma200" : 95.17,
    "volume" : 6110880.00
  }, {
    "date" : "2026-01-02",
    "price" : 135.38,
    "dma50" : 113.58,
    "dma100" : 101.20,
    "dma200" : 95.57,
    "volume" : 7148052.00
  }, {
    "date" : "2026-01-05",
    "price" : 131.50,
    "dma50" : 114.28,
    "dma100" : 101.84,
    "dma200" : 95.93,
    "volume" : 3734031.00
  } ],
  "latestTechnicalAttributes" : {
    "date" : "2026-01-05",
    "price" : 131.50,
    "dma50" : 114.28,
    "dma100" : 101.84,
    "dma200" : 95.93,
    "volume" : 3734031.00
  },
  "quarterlyResults" : [ {
    "date" : "2005-03-31",
    "sales" : 168.08,
    "salesGrowthYoY" : null,
    "grossProfitMargin" : 36.79,
    "grossProfit" : 61.84,
    "operatingProfitMargin" : 13.17,
    "operatingProfit" : 22.14,
    "netProfitMargin" : 7.38,
    "netProfit" : 12.40
  }, {
    "date" : "2005-06-30",
    "sales" : 163.17,
    "salesGrowthYoY" : null,
    "grossProfitMargin" : 35.94,
    "grossProfit" : 58.64,
    "operatingProfitMargin" : 12.56,
    "operatingProfit" : 20.49,
    "netProfitMargin" : 5.73,
    "netProfit" : 9.35
  }, {
    "date" : "2005-09-30",
    "sales" : 163.09,
    "salesGrowthYoY" : null,
    "grossProfitMargin" : 36.52,
    "grossProfit" : 59.56,
    "operatingProfitMargin" : 11.11,
    "operatingProfit" : 18.12,
    "netProfitMargin" : 6.68,
    "netProfit" : 10.89
  }, {
    "date" : "2005-12-31",
    "sales" : 169.42,
    "salesGrowthYoY" : null,
    "grossProfitMargin" : 36.06,
    "grossProfit" : 61.09,
    "operatingProfitMargin" : 11.46,
    "operatingProfit" : 19.42,
    "netProfitMargin" : 4.07,
    "netProfit" : 6.90
  }, {
    "date" : "2006-03-31",
    "sales" : 172.51,
    "salesGrowthYoY" : 2.64,
    "grossProfitMargin" : 41.53,
    "grossProfit" : 71.64,
    "operatingProfitMargin" : 13.28,
    "operatingProfit" : 22.91,
    "netProfitMargin" : 4.65,
    "netProfit" : 8.02
  }, {
    "date" : "2006-06-30",
    "sales" : 187.31,
    "salesGrowthYoY" : 14.79,
    "grossProfitMargin" : 35.39,
    "grossProfit" : 66.29,
    "operatingProfitMargin" : 11.80,
    "operatingProfit" : 22.10,
    "netProfitMargin" : 3.82,
    "netProfit" : 7.16
  }, {
    "date" : "2006-09-30",
    "sales" : 186.02,
    "salesGrowthYoY" : 14.06,
    "grossProfitMargin" : 36.51,
    "grossProfit" : 67.92,
    "operatingProfitMargin" : 10.05,
    "operatingProfit" : 18.70,
    "netProfitMargin" : 5.54,
    "netProfit" : 10.31
  }, {
    "date" : "2006-12-31",
    "sales" : 196.68,
    "salesGrowthYoY" : 16.09,
    "grossProfitMargin" : 35.57,
    "grossProfit" : 69.96,
    "operatingProfitMargin" : 11.02,
    "operatingProfit" : 21.67,
    "netProfitMargin" : 2.05,
    "netProfit" : 4.03
  }, {
    "date" : "2007-03-31",
    "sales" : 200.39,
    "salesGrowthYoY" : 16.16,
    "grossProfitMargin" : 39.40,
    "grossProfit" : 78.95,
    "operatingProfitMargin" : 11.11,
    "operatingProfit" : 22.26,
    "netProfitMargin" : 2.71,
    "netProfit" : 5.43
  }, {
    "date" : "2007-06-30",
    "sales" : 180.08,
    "salesGrowthYoY" : -3.86,
    "grossProfitMargin" : 39.02,
    "grossProfit" : 70.27,
    "operatingProfitMargin" : 12.14,
    "operatingProfit" : 21.86,
    "netProfitMargin" : 1.47,
    "netProfit" : 2.65
  }, {
    "date" : "2007-09-30",
    "sales" : 166.77,
    "salesGrowthYoY" : -10.35,
    "grossProfitMargin" : 41.11,
    "grossProfit" : 68.56,
    "operatingProfitMargin" : 11.19,
    "operatingProfit" : 18.66,
    "netProfitMargin" : 7.29,
    "netProfit" : 12.16
  }, {
    "date" : "2007-12-31",
    "sales" : 175.81,
    "salesGrowthYoY" : -10.61,
    "grossProfitMargin" : 42.56,
    "grossProfit" : 74.82,
    "operatingProfitMargin" : 12.45,
    "operatingProfit" : 21.89,
    "netProfitMargin" : 1.43,
    "netProfit" : 2.51
  }, {
    "date" : "2008-03-31",
    "sales" : 186.05,
    "salesGrowthYoY" : -7.16,
    "grossProfitMargin" : 42.05,
    "grossProfit" : 78.23,
    "operatingProfitMargin" : 6.48,
    "operatingProfit" : 12.06,
    "netProfitMargin" : -1.73,
    "netProfit" : -3.22
  }, {
    "date" : "2008-06-30",
    "sales" : 193.32,
    "salesGrowthYoY" : 7.35,
    "grossProfitMargin" : 41.28,
    "grossProfit" : 79.80,
    "operatingProfitMargin" : 10.55,
    "operatingProfit" : 20.40,
    "netProfitMargin" : 0.37,
    "netProfit" : 0.72
  }, {
    "date" : "2008-09-30",
    "sales" : 221.66,
    "salesGrowthYoY" : 32.91,
    "grossProfitMargin" : 41.42,
    "grossProfit" : 91.81,
    "operatingProfitMargin" : 10.54,
    "operatingProfit" : 23.36,
    "netProfitMargin" : 4.22,
    "netProfit" : 9.35
  }, {
    "date" : "2008-12-31",
    "sales" : 162.17,
    "salesGrowthYoY" : -7.76,
    "grossProfitMargin" : 39.08,
    "grossProfit" : 63.38,
    "operatingProfitMargin" : 8.78,
    "operatingProfit" : 14.24,
    "netProfitMargin" : -0.07,
    "netProfit" : -0.11
  }, {
    "date" : "2009-03-31",
    "sales" : 166.11,
    "salesGrowthYoY" : -10.72,
    "grossProfitMargin" : 43.10,
    "grossProfit" : 71.59,
    "operatingProfitMargin" : 10.81,
    "operatingProfit" : 17.96,
    "netProfitMargin" : -0.61,
    "netProfit" : -1.01
  }, {
    "date" : "2009-06-30",
    "sales" : 180.84,
    "salesGrowthYoY" : -6.46,
    "grossProfitMargin" : 35.33,
    "grossProfit" : 63.89,
    "operatingProfitMargin" : 11.86,
    "operatingProfit" : 21.45,
    "netProfitMargin" : 1.48,
    "netProfit" : 2.68
  }, {
    "date" : "2009-09-30",
    "sales" : 194.81,
    "salesGrowthYoY" : -12.11,
    "grossProfitMargin" : 32.84,
    "grossProfit" : 63.98,
    "operatingProfitMargin" : 10.39,
    "operatingProfit" : 20.24,
    "netProfitMargin" : 2.90,
    "netProfit" : 5.65
  }, {
    "date" : "2009-12-31",
    "sales" : 170.03,
    "salesGrowthYoY" : 4.85,
    "grossProfitMargin" : 32.89,
    "grossProfit" : 55.92,
    "operatingProfitMargin" : 5.67,
    "operatingProfit" : 9.64,
    "netProfitMargin" : -2.90,
    "netProfit" : -4.93
  }, {
    "date" : "2010-03-31",
    "sales" : 223.46,
    "salesGrowthYoY" : 34.53,
    "grossProfitMargin" : 35.08,
    "grossProfit" : 78.39,
    "operatingProfitMargin" : 9.27,
    "operatingProfit" : 20.71,
    "netProfitMargin" : 1.20,
    "netProfit" : 2.68
  }, {
    "date" : "2010-06-30",
    "sales" : 228.29,
    "salesGrowthYoY" : 26.24,
    "grossProfitMargin" : 34.37,
    "grossProfit" : 78.46,
    "operatingProfitMargin" : 9.18,
    "operatingProfit" : 20.96,
    "netProfitMargin" : 0.40,
    "netProfit" : 0.91
  }, {
    "date" : "2010-09-30",
    "sales" : 231.20,
    "salesGrowthYoY" : 18.68,
    "grossProfitMargin" : 32.73,
    "grossProfit" : 75.67,
    "operatingProfitMargin" : 9.67,
    "operatingProfit" : 22.36,
    "netProfitMargin" : 1.85,
    "netProfit" : 4.28
  }, {
    "date" : "2010-12-31",
    "sales" : 261.01,
    "salesGrowthYoY" : 53.51,
    "grossProfitMargin" : 32.22,
    "grossProfit" : 84.10,
    "operatingProfitMargin" : 9.05,
    "operatingProfit" : 23.62,
    "netProfitMargin" : 0.02,
    "netProfit" : 0.05
  }, {
    "date" : "2011-03-31",
    "sales" : 264.48,
    "salesGrowthYoY" : 18.36,
    "grossProfitMargin" : 35.91,
    "grossProfit" : 94.97,
    "operatingProfitMargin" : 10.49,
    "operatingProfit" : 27.74,
    "netProfitMargin" : 2.57,
    "netProfit" : 6.80
  }, {
    "date" : "2011-06-30",
    "sales" : 264.80,
    "salesGrowthYoY" : 15.99,
    "grossProfitMargin" : 32.59,
    "grossProfit" : 86.30,
    "operatingProfitMargin" : 9.93,
    "operatingProfit" : 26.29,
    "netProfitMargin" : 0.78,
    "netProfit" : 2.07
  }, {
    "date" : "2011-09-30",
    "sales" : 274.78,
    "salesGrowthYoY" : 18.85,
    "grossProfitMargin" : 32.13,
    "grossProfit" : 88.29,
    "operatingProfitMargin" : 9.72,
    "operatingProfit" : 26.71,
    "netProfitMargin" : 1.27,
    "netProfit" : 3.49
  }, {
    "date" : "2011-12-31",
    "sales" : 278.03,
    "salesGrowthYoY" : 6.52,
    "grossProfitMargin" : 32.97,
    "grossProfit" : 91.67,
    "operatingProfitMargin" : 9.60,
    "operatingProfit" : 26.69,
    "netProfitMargin" : 0.69,
    "netProfit" : 1.92
  }, {
    "date" : "2012-03-31",
    "sales" : 295.00,
    "salesGrowthYoY" : 11.54,
    "grossProfitMargin" : 34.20,
    "grossProfit" : 100.89,
    "operatingProfitMargin" : 10.51,
    "operatingProfit" : 31.00,
    "netProfitMargin" : -1.76,
    "netProfit" : -5.19
  }, {
    "date" : "2012-06-30",
    "sales" : 282.06,
    "salesGrowthYoY" : 6.52,
    "grossProfitMargin" : 31.27,
    "grossProfit" : 88.20,
    "operatingProfitMargin" : 11.13,
    "operatingProfit" : 31.39,
    "netProfitMargin" : 1.54,
    "netProfit" : 4.34
  }, {
    "date" : "2012-09-30",
    "sales" : 240.28,
    "salesGrowthYoY" : -12.56,
    "grossProfitMargin" : 30.19,
    "grossProfit" : 72.54,
    "operatingProfitMargin" : 4.48,
    "operatingProfit" : 10.76,
    "netProfitMargin" : -0.89,
    "netProfit" : -2.14
  }, {
    "date" : "2012-12-31",
    "sales" : 257.65,
    "salesGrowthYoY" : -7.33,
    "grossProfitMargin" : 32.79,
    "grossProfit" : 84.48,
    "operatingProfitMargin" : 9.81,
    "operatingProfit" : 25.28,
    "netProfitMargin" : -0.27,
    "netProfit" : -0.70
  }, {
    "date" : "2013-03-31",
    "sales" : 267.04,
    "salesGrowthYoY" : -9.48,
    "grossProfitMargin" : 28.13,
    "grossProfit" : 75.12,
    "operatingProfitMargin" : 11.05,
    "operatingProfit" : 29.51,
    "netProfitMargin" : 3.24,
    "netProfit" : 8.65
  }, {
    "date" : "2013-06-30",
    "sales" : 259.84,
    "salesGrowthYoY" : -7.88,
    "grossProfitMargin" : 33.70,
    "grossProfit" : 87.57,
    "operatingProfitMargin" : 9.63,
    "operatingProfit" : 25.02,
    "netProfitMargin" : -1.09,
    "netProfit" : -2.83
  }, {
    "date" : "2013-09-30",
    "sales" : 237.01,
    "salesGrowthYoY" : -1.36,
    "grossProfitMargin" : 35.98,
    "grossProfit" : 85.28,
    "operatingProfitMargin" : 10.13,
    "operatingProfit" : 24.01,
    "netProfitMargin" : 0.14,
    "netProfit" : 0.33
  }, {
    "date" : "2013-12-31",
    "sales" : 226.33,
    "salesGrowthYoY" : -12.16,
    "grossProfitMargin" : 37.19,
    "grossProfit" : 84.17,
    "operatingProfitMargin" : 13.18,
    "operatingProfit" : 29.83,
    "netProfitMargin" : 1.74,
    "netProfit" : 3.94
  }, {
    "date" : "2014-03-31",
    "sales" : 207.21,
    "salesGrowthYoY" : -22.40,
    "grossProfitMargin" : 40.55,
    "grossProfit" : 84.02,
    "operatingProfitMargin" : 12.17,
    "operatingProfit" : 25.22,
    "netProfitMargin" : 0.93,
    "netProfit" : 1.93
  }, {
    "date" : "2014-06-30",
    "sales" : 208.55,
    "salesGrowthYoY" : -19.74,
    "grossProfitMargin" : 38.24,
    "grossProfit" : 79.75,
    "operatingProfitMargin" : 11.44,
    "operatingProfit" : 23.86,
    "netProfitMargin" : -1.98,
    "netProfit" : -4.13
  }, {
    "date" : "2014-09-30",
    "sales" : 222.86,
    "salesGrowthYoY" : -5.97,
    "grossProfitMargin" : 37.70,
    "grossProfit" : 84.02,
    "operatingProfitMargin" : 8.63,
    "operatingProfit" : 19.23,
    "netProfitMargin" : -0.44,
    "netProfit" : -0.98
  }, {
    "date" : "2014-12-31",
    "sales" : 209.40,
    "salesGrowthYoY" : -7.48,
    "grossProfitMargin" : 37.76,
    "grossProfit" : 79.07,
    "operatingProfitMargin" : 6.35,
    "operatingProfit" : 13.30,
    "netProfitMargin" : -5.61,
    "netProfit" : -11.75
  }, {
    "date" : "2015-03-31",
    "sales" : 204.90,
    "salesGrowthYoY" : -1.11,
    "grossProfitMargin" : 35.25,
    "grossProfit" : 72.23,
    "operatingProfitMargin" : 2.26,
    "operatingProfit" : 4.63,
    "netProfitMargin" : -0.15,
    "netProfit" : -0.31
  }, {
    "date" : "2015-06-30",
    "sales" : 216.38,
    "salesGrowthYoY" : 3.75,
    "grossProfitMargin" : 28.64,
    "grossProfit" : 61.97,
    "operatingProfitMargin" : 8.23,
    "operatingProfit" : 17.81,
    "netProfitMargin" : 2.62,
    "netProfit" : 5.67
  }, {
    "date" : "2015-09-30",
    "sales" : 223.80,
    "salesGrowthYoY" : 0.42,
    "grossProfitMargin" : 30.09,
    "grossProfit" : 67.34,
    "operatingProfitMargin" : 9.54,
    "operatingProfit" : 21.35,
    "netProfitMargin" : 3.90,
    "netProfit" : 8.73
  }, {
    "date" : "2015-12-31",
    "sales" : 229.51,
    "salesGrowthYoY" : 9.60,
    "grossProfitMargin" : 31.66,
    "grossProfit" : 72.66,
    "operatingProfitMargin" : 9.06,
    "operatingProfit" : 20.79,
    "netProfitMargin" : 4.01,
    "netProfit" : 9.20
  }, {
    "date" : "2016-03-31",
    "sales" : 239.68,
    "salesGrowthYoY" : 16.97,
    "grossProfitMargin" : 33.87,
    "grossProfit" : 81.18,
    "operatingProfitMargin" : 6.35,
    "operatingProfit" : 15.22,
    "netProfitMargin" : 2.38,
    "netProfit" : 5.70
  }, {
    "date" : "2016-06-30",
    "sales" : 247.30,
    "salesGrowthYoY" : 14.29,
    "grossProfitMargin" : 35.13,
    "grossProfit" : 86.88,
    "operatingProfitMargin" : 10.95,
    "operatingProfit" : 27.08,
    "netProfitMargin" : 6.18,
    "netProfit" : 15.28
  }, {
    "date" : "2016-09-30",
    "sales" : 251.44,
    "salesGrowthYoY" : 12.35,
    "grossProfitMargin" : 34.29,
    "grossProfit" : 86.22,
    "operatingProfitMargin" : 11.32,
    "operatingProfit" : 28.46,
    "netProfitMargin" : 6.12,
    "netProfit" : 15.39
  }, {
    "date" : "2016-12-31",
    "sales" : 219.28,
    "salesGrowthYoY" : -4.46,
    "grossProfitMargin" : 34.02,
    "grossProfit" : 74.60,
    "operatingProfitMargin" : 8.95,
    "operatingProfit" : 19.63,
    "netProfitMargin" : 4.20,
    "netProfit" : 9.21
  }, {
    "date" : "2017-03-31",
    "sales" : 236.43,
    "salesGrowthYoY" : -1.36,
    "grossProfitMargin" : 34.04,
    "grossProfit" : 80.48,
    "operatingProfitMargin" : 6.99,
    "operatingProfit" : 16.53,
    "netProfitMargin" : 3.53,
    "netProfit" : 8.35
  }, {
    "date" : "2017-06-30",
    "sales" : 245.41,
    "salesGrowthYoY" : -0.76,
    "grossProfitMargin" : 34.89,
    "grossProfit" : 85.62,
    "operatingProfitMargin" : 8.83,
    "operatingProfit" : 21.67,
    "netProfitMargin" : 4.74,
    "netProfit" : 11.63
  }, {
    "date" : "2017-09-30",
    "sales" : 270.68,
    "salesGrowthYoY" : 7.65,
    "grossProfitMargin" : 34.08,
    "grossProfit" : 92.25,
    "operatingProfitMargin" : 10.11,
    "operatingProfit" : 27.37,
    "netProfitMargin" : 5.08,
    "netProfit" : 13.75
  }, {
    "date" : "2017-12-31",
    "sales" : 263.26,
    "salesGrowthYoY" : 20.06,
    "grossProfitMargin" : 33.99,
    "grossProfit" : 89.48,
    "operatingProfitMargin" : 9.48,
    "operatingProfit" : 24.96,
    "netProfitMargin" : 5.34,
    "netProfit" : 14.06
  }, {
    "date" : "2018-03-31",
    "sales" : 296.40,
    "salesGrowthYoY" : 25.36,
    "grossProfitMargin" : 33.76,
    "grossProfit" : 100.06,
    "operatingProfitMargin" : 9.77,
    "operatingProfit" : 28.96,
    "netProfitMargin" : 5.19,
    "netProfit" : 15.38
  }, {
    "date" : "2018-06-30",
    "sales" : 306.58,
    "salesGrowthYoY" : 24.93,
    "grossProfitMargin" : 34.25,
    "grossProfit" : 105.00,
    "operatingProfitMargin" : 10.80,
    "operatingProfit" : 33.11,
    "netProfitMargin" : 5.57,
    "netProfit" : 17.08
  }, {
    "date" : "2018-09-30",
    "sales" : 316.07,
    "salesGrowthYoY" : 16.77,
    "grossProfitMargin" : 33.83,
    "grossProfit" : 106.93,
    "operatingProfitMargin" : 10.80,
    "operatingProfit" : 34.14,
    "netProfitMargin" : 5.26,
    "netProfit" : 16.63
  }, {
    "date" : "2018-12-31",
    "sales" : 290.45,
    "salesGrowthYoY" : 10.33,
    "grossProfitMargin" : 33.53,
    "grossProfit" : 97.39,
    "operatingProfitMargin" : 9.39,
    "operatingProfit" : 27.27,
    "netProfitMargin" : 5.42,
    "netProfit" : 15.74
  }, {
    "date" : "2019-03-31",
    "sales" : 282.75,
    "salesGrowthYoY" : -4.61,
    "grossProfitMargin" : 33.73,
    "grossProfit" : 95.37,
    "operatingProfitMargin" : 6.84,
    "operatingProfit" : 19.34,
    "netProfitMargin" : 2.12,
    "netProfit" : 5.99
  }, {
    "date" : "2019-06-30",
    "sales" : 304.71,
    "salesGrowthYoY" : -0.61,
    "grossProfitMargin" : 32.93,
    "grossProfit" : 100.34,
    "operatingProfitMargin" : 6.72,
    "operatingProfit" : 20.48,
    "netProfitMargin" : 2.10,
    "netProfit" : 6.40
  }, {
    "date" : "2019-09-30",
    "sales" : 310.28,
    "salesGrowthYoY" : -1.83,
    "grossProfitMargin" : 36.32,
    "grossProfit" : 112.69,
    "operatingProfitMargin" : 6.97,
    "operatingProfit" : 21.63,
    "netProfitMargin" : 2.61,
    "netProfit" : 8.10
  }, {
    "date" : "2019-12-31",
    "sales" : 296.33,
    "salesGrowthYoY" : 2.02,
    "grossProfitMargin" : 37.50,
    "grossProfit" : 111.12,
    "operatingProfitMargin" : 6.91,
    "operatingProfit" : 20.48,
    "netProfitMargin" : 2.63,
    "netProfit" : 7.79
  }, {
    "date" : "2020-03-31",
    "sales" : 281.41,
    "salesGrowthYoY" : -0.47,
    "grossProfitMargin" : 37.58,
    "grossProfit" : 105.75,
    "operatingProfitMargin" : 3.50,
    "operatingProfit" : 9.85,
    "netProfitMargin" : -0.20,
    "netProfit" : -0.56
  }, {
    "date" : "2020-06-30",
    "sales" : 127.69,
    "salesGrowthYoY" : -58.09,
    "grossProfitMargin" : 39.87,
    "grossProfit" : 50.91,
    "operatingProfitMargin" : -4.21,
    "operatingProfit" : -5.38,
    "netProfitMargin" : -11.39,
    "netProfit" : -14.54
  }, {
    "date" : "2020-09-30",
    "sales" : 342.55,
    "salesGrowthYoY" : 10.40,
    "grossProfitMargin" : 36.97,
    "grossProfit" : 126.64,
    "operatingProfitMargin" : 3.12,
    "operatingProfit" : 10.69,
    "netProfitMargin" : -0.55,
    "netProfit" : -1.88
  }, {
    "date" : "2020-12-31",
    "sales" : 388.36,
    "salesGrowthYoY" : 31.06,
    "grossProfitMargin" : 37.44,
    "grossProfit" : 145.40,
    "operatingProfitMargin" : 7.80,
    "operatingProfit" : 30.29,
    "netProfitMargin" : 0.99,
    "netProfit" : 3.84
  }, {
    "date" : "2021-03-31",
    "sales" : 417.76,
    "salesGrowthYoY" : 48.45,
    "grossProfitMargin" : 33.57,
    "grossProfit" : 140.24,
    "operatingProfitMargin" : 7.36,
    "operatingProfit" : 30.75,
    "netProfitMargin" : 2.52,
    "netProfit" : 10.53
  }, {
    "date" : "2021-06-30",
    "sales" : 338.97,
    "salesGrowthYoY" : 165.46,
    "grossProfitMargin" : 39.48,
    "grossProfit" : 133.83,
    "operatingProfitMargin" : 6.82,
    "operatingProfit" : 23.12,
    "netProfitMargin" : 0.56,
    "netProfit" : 1.90
  }, {
    "date" : "2021-09-30",
    "sales" : 412.07,
    "salesGrowthYoY" : 20.29,
    "grossProfitMargin" : 36.76,
    "grossProfit" : 151.48,
    "operatingProfitMargin" : 8.17,
    "operatingProfit" : 33.67,
    "netProfitMargin" : 2.24,
    "netProfit" : 9.23
  }, {
    "date" : "2021-12-31",
    "sales" : 411.41,
    "salesGrowthYoY" : 5.94,
    "grossProfitMargin" : 35.30,
    "grossProfit" : 145.23,
    "operatingProfitMargin" : 8.59,
    "operatingProfit" : 35.34,
    "netProfitMargin" : 1.59,
    "netProfit" : 6.54
  }, {
    "date" : "2022-03-31",
    "sales" : 444.65,
    "salesGrowthYoY" : 6.44,
    "grossProfitMargin" : 41.72,
    "grossProfit" : 185.51,
    "operatingProfitMargin" : 8.54,
    "operatingProfit" : 37.97,
    "netProfitMargin" : 2.06,
    "netProfit" : 9.16
  }, {
    "date" : "2022-06-30",
    "sales" : 469.14,
    "salesGrowthYoY" : 38.40,
    "grossProfitMargin" : 40.55,
    "grossProfit" : 190.24,
    "operatingProfitMargin" : 8.31,
    "operatingProfit" : 38.99,
    "netProfitMargin" : 1.76,
    "netProfit" : 8.26
  }, {
    "date" : "2022-09-30",
    "sales" : 497.79,
    "salesGrowthYoY" : 20.80,
    "grossProfitMargin" : 35.46,
    "grossProfit" : 176.52,
    "operatingProfitMargin" : 8.69,
    "operatingProfit" : 43.26,
    "netProfitMargin" : 2.65,
    "netProfit" : 13.19
  }, {
    "date" : "2022-12-31",
    "sales" : 453.55,
    "salesGrowthYoY" : 10.24,
    "grossProfitMargin" : 44.97,
    "grossProfit" : 203.96,
    "operatingProfitMargin" : 9.65,
    "operatingProfit" : 43.77,
    "netProfitMargin" : 1.42,
    "netProfit" : 6.44
  }, {
    "date" : "2023-03-31",
    "sales" : 457.49,
    "salesGrowthYoY" : 2.89,
    "grossProfitMargin" : 43.80,
    "grossProfit" : 200.38,
    "operatingProfitMargin" : 11.26,
    "operatingProfit" : 51.51,
    "netProfitMargin" : 3.85,
    "netProfit" : 17.61
  }, {
    "date" : "2023-06-30",
    "sales" : 426.28,
    "salesGrowthYoY" : -9.14,
    "grossProfitMargin" : 43.93,
    "grossProfit" : 187.26,
    "operatingProfitMargin" : 8.62,
    "operatingProfit" : 36.75,
    "netProfitMargin" : 1.52,
    "netProfit" : 6.48
  }, {
    "date" : "2023-09-30",
    "sales" : 432.57,
    "salesGrowthYoY" : -13.10,
    "grossProfitMargin" : 45.68,
    "grossProfit" : 197.60,
    "operatingProfitMargin" : 10.75,
    "operatingProfit" : 46.50,
    "netProfitMargin" : 2.00,
    "netProfit" : 8.65
  }, {
    "date" : "2023-12-31",
    "sales" : 390.81,
    "salesGrowthYoY" : -13.83,
    "grossProfitMargin" : 45.99,
    "grossProfit" : 179.73,
    "operatingProfitMargin" : 10.15,
    "operatingProfit" : 39.67,
    "netProfitMargin" : 1.51,
    "netProfit" : 5.90
  }, {
    "date" : "2024-03-31",
    "sales" : 403.40,
    "salesGrowthYoY" : -11.82,
    "grossProfitMargin" : 45.41,
    "grossProfit" : 183.18,
    "operatingProfitMargin" : 9.96,
    "operatingProfit" : 40.18,
    "netProfitMargin" : 2.85,
    "netProfit" : 11.50
  }, {
    "date" : "2024-06-30",
    "sales" : 392.07,
    "salesGrowthYoY" : -8.03,
    "grossProfitMargin" : 43.02,
    "grossProfit" : 168.67,
    "operatingProfitMargin" : 7.43,
    "operatingProfit" : 29.13,
    "netProfitMargin" : 0.91,
    "netProfit" : 3.57
  }, {
    "date" : "2024-09-30",
    "sales" : 427.44,
    "salesGrowthYoY" : -1.19,
    "grossProfitMargin" : 41.47,
    "grossProfit" : 177.26,
    "operatingProfitMargin" : 7.88,
    "operatingProfit" : 33.68,
    "netProfitMargin" : 1.65,
    "netProfit" : 7.05
  }, {
    "date" : "2024-12-31",
    "sales" : 372.44,
    "salesGrowthYoY" : -4.70,
    "grossProfitMargin" : 43.09,
    "grossProfit" : 160.48,
    "operatingProfitMargin" : 8.43,
    "operatingProfit" : 31.40,
    "netProfitMargin" : 1.15,
    "netProfit" : 4.28
  }, {
    "date" : "2025-03-31",
    "sales" : 415.07,
    "salesGrowthYoY" : 2.89,
    "grossProfitMargin" : 43.27,
    "grossProfit" : 179.60,
    "operatingProfitMargin" : 8.74,
    "operatingProfit" : 36.28,
    "netProfitMargin" : 2.12,
    "netProfit" : 8.80
  }, {
    "date" : "2025-06-30",
    "sales" : 387.88,
    "salesGrowthYoY" : -1.07,
    "grossProfitMargin" : 44.83,
    "grossProfit" : 173.89,
    "operatingProfitMargin" : 8.92,
    "operatingProfit" : 34.60,
    "netProfitMargin" : 1.27,
    "netProfit" : 4.93
  }, {
    "date" : "2025-09-30",
    "sales" : 461.60,
    "salesGrowthYoY" : 7.99,
    "grossProfitMargin" : 42.10,
    "grossProfit" : 194.33,
    "operatingProfitMargin" : 9.46,
    "operatingProfit" : 43.67,
    "netProfitMargin" : 2.32,
    "netProfit" : 10.71
  } ],
  "latestQuarterlyResult" : {
    "date" : "2025-09-30",
    "sales" : 461.60,
    "salesGrowthYoY" : 7.99,
    "grossProfitMargin" : 42.10,
    "grossProfit" : 194.33,
    "operatingProfitMargin" : 9.46,
    "operatingProfit" : 43.67,
    "netProfitMargin" : 2.32,
    "netProfit" : 10.71
  },
  "companyScore" : {
    "priceHigherThanDma50" : 5.00,
    "priceHigherThanDma100" : 5.00,
    "priceHigherThanDma200" : 5.00,
    "dma50HigherThanDma100" : 5.00,
    "dma50HigherThanDma200" : 5.00,
    "dma100HigherThanDma200" : 5.00,
    "pricePercentageAboveDma50" : 4.25,
    "pricePercentageAboveDma100" : 3.54,
    "pricePercentageAboveDma200" : 3.15,
    "weeklyVolumeHigherThanYearlyVolume" : 5.00,
    "salesGrowthPercentile" : 12.41,
    "operatingProfitMarginPercentile" : 15.63,
    "netProfitMarginPercentile" : 7.30,
    "totalTechnicalScore" : 45.94,
    "totalFundamentalScore" : 35.34,
    "totalScore" : 81.28
  }
}