{
  "metadata" : {
    "screenerCompanyId" : "2670",
    "companyCode" : "RML",
    "companyName" : "Rane (Madras)",
    "screenerCompanyLink" : "https://www.screener.in/company/RML/",
    "screenerTechnicalHistoryLink" : "https://www.screener.in/api/company/2670/chart/?q=Price-DMA50-DMA200-Volume&days=365",
    "screenerQuarterlyResultsLink" : "https://www.screener.in/api/company/2670/chart/?q=GPM-OPM-NPM-Quarter+Sales&days=10000",
    "attributes" : {
      "companyCode" : "RML",
      "companyName" : "Rane (Madras)",
      "marketCap" : 2130.00,
      "peRatio" : 24.70,
      "description" : "Established in 1960, Rane (Madras) Limited (RML) is part of the Rane Group of Companies, a leading auto component group based out of Chennai. RML has two divisions namely Steering and Linkages Division (SLD) and Light Metal Casting India Division (LMCI). Through its overseas subsidiary Rane Light Metal Castings Inc. (RLMCA), RML manufactures high pressure light metal casting components from its facility in Kentucky, USA.[1]"
    },
    "companyScore" : {
      "priceHigherThanDma50" : 0.00,
      "priceHigherThanDma100" : 0.00,
      "priceHigherThanDma200" : 0.00,
      "dma50HigherThanDma100" : 0.00,
      "dma50HigherThanDma200" : 0.00,
      "dma100HigherThanDma200" : 0.00,
      "pricePercentageAboveDma50" : 5.01,
      "pricePercentageAboveDma100" : 5.16,
      "pricePercentageAboveDma200" : 5.22,
      "weeklyVolumeHigherThanYearlyVolume" : 0.00,
      "salesGrowthPercentile" : 13.50,
      "operatingProfitMarginPercentile" : 18.01,
      "netProfitMarginPercentile" : 5.84,
      "totalTechnicalScore" : 15.38,
      "totalFundamentalScore" : 37.34,
      "totalScore" : 52.73
    }
  },
  "attributes" : {
    "companyCode" : "RML",
    "companyName" : "Rane (Madras)",
    "marketCap" : 2130.00,
    "peRatio" : 24.70,
    "description" : "Established in 1960, Rane (Madras) Limited (RML) is part of the Rane Group of Companies, a leading auto component group based out of Chennai. RML has two divisions namely Steering and Linkages Division (SLD) and Light Metal Casting India Division (LMCI). Through its overseas subsidiary Rane Light Metal Castings Inc. (RLMCA), RML manufactures high pressure light metal casting components from its facility in Kentucky, USA.[1]"
  },
  "technicalHistory" : [ {
    "date" : "2025-02-05",
    "price" : 727.80,
    "dma50" : 822.37,
    "dma100" : null,
    "dma200" : 891.14,
    "volume" : 3883.00
  }, {
    "date" : "2025-02-06",
    "price" : 715.30,
    "dma50" : 818.17,
    "dma100" : null,
    "dma200" : 889.39,
    "volume" : 8445.00
  }, {
    "date" : "2025-02-07",
    "price" : 716.45,
    "dma50" : 814.19,
    "dma100" : null,
    "dma200" : 887.67,
    "volume" : 14013.00
  }, {
    "date" : "2025-02-10",
    "price" : 694.10,
    "dma50" : 809.48,
    "dma100" : null,
    "dma200" : 885.74,
    "volume" : 8726.00
  }, {
    "date" : "2025-02-11",
    "price" : 669.80,
    "dma50" : 804.00,
    "dma100" : null,
    "dma200" : 883.59,
    "volume" : 9250.00
  }, {
    "date" : "2025-02-12",
    "price" : 651.45,
    "dma50" : 798.02,
    "dma100" : null,
    "dma200" : 881.28,
    "volume" : 14863.00
  }, {
    "date" : "2025-02-13",
    "price" : 661.70,
    "dma50" : 792.67,
    "dma100" : null,
    "dma200" : 879.10,
    "volume" : 7410.00
  }, {
    "date" : "2025-02-14",
    "price" : 635.00,
    "dma50" : 786.49,
    "dma100" : null,
    "dma200" : 876.67,
    "volume" : 8201.00
  }, {
    "date" : "2025-02-17",
    "price" : 637.65,
    "dma50" : 780.65,
    "dma100" : null,
    "dma200" : 874.29,
    "volume" : 12637.00
  }, {
    "date" : "2025-02-18",
    "price" : 632.75,
    "dma50" : 774.85,
    "dma100" : null,
    "dma200" : 871.89,
    "volume" : 18615.00
  }, {
    "date" : "2025-02-19",
    "price" : 648.85,
    "dma50" : 769.91,
    "dma100" : null,
    "dma200" : 869.67,
    "volume" : 7898.00
  }, {
    "date" : "2025-02-20",
    "price" : 662.80,
    "dma50" : 765.71,
    "dma100" : null,
    "dma200" : 867.61,
    "volume" : 5362.00
  }, {
    "date" : "2025-02-21",
    "price" : 663.00,
    "dma50" : 761.68,
    "dma100" : null,
    "dma200" : 865.57,
    "volume" : 4353.00
  }, {
    "date" : "2025-02-24",
    "price" : 666.50,
    "dma50" : 757.95,
    "dma100" : null,
    "dma200" : 863.59,
    "volume" : 7056.00
  }, {
    "date" : "2025-02-25",
    "price" : 662.25,
    "dma50" : 754.20,
    "dma100" : null,
    "dma200" : 861.59,
    "volume" : 13445.00
  }, {
    "date" : "2025-02-27",
    "price" : 640.65,
    "dma50" : 749.74,
    "dma100" : null,
    "dma200" : 859.39,
    "volume" : 15310.00
  }, {
    "date" : "2025-02-28",
    "price" : 607.35,
    "dma50" : 744.16,
    "dma100" : null,
    "dma200" : 856.88,
    "volume" : 12109.00
  }, {
    "date" : "2025-03-03",
    "price" : 599.55,
    "dma50" : 738.49,
    "dma100" : null,
    "dma200" : 854.32,
    "volume" : 9052.00
  }, {
    "date" : "2025-03-04",
    "price" : 604.80,
    "dma50" : 733.25,
    "dma100" : null,
    "dma200" : 851.84,
    "volume" : 24531.00
  }, {
    "date" : "2025-03-05",
    "price" : 617.75,
    "dma50" : 728.72,
    "dma100" : null,
    "dma200" : 849.51,
    "volume" : 73638.00
  }, {
    "date" : "2025-03-06",
    "price" : 634.55,
    "dma50" : 725.02,
    "dma100" : null,
    "dma200" : 847.37,
    "volume" : 26340.00
  }, {
    "date" : "2025-03-07",
    "price" : 630.55,
    "dma50" : 721.32,
    "dma100" : null,
    "dma200" : 845.21,
    "volume" : 33468.00
  }, {
    "date" : "2025-03-10",
    "price" : 608.15,
    "dma50" : 716.88,
    "dma100" : null,
    "dma200" : 842.85,
    "volume" : 20025.00
  }, {
    "date" : "2025-03-11",
    "price" : 582.45,
    "dma50" : 711.61,
    "dma100" : null,
    "dma200" : 840.26,
    "volume" : 25088.00
  }, {
    "date" : "2025-03-12",
    "price" : 585.85,
    "dma50" : 706.68,
    "dma100" : null,
    "dma200" : 837.73,
    "volume" : 17959.00
  }, {
    "date" : "2025-03-13",
    "price" : 582.65,
    "dma50" : 701.81,
    "dma100" : null,
    "dma200" : 835.19,
    "volume" : 10212.00
  }, {
    "date" : "2025-03-17",
    "price" : 593.55,
    "dma50" : 697.57,
    "dma100" : null,
    "dma200" : 832.79,
    "volume" : 16114.00
  }, {
    "date" : "2025-03-18",
    "price" : 612.00,
    "dma50" : 694.21,
    "dma100" : null,
    "dma200" : 830.59,
    "volume" : 11494.00
  }, {
    "date" : "2025-03-19",
    "price" : 638.30,
    "dma50" : 692.02,
    "dma100" : null,
    "dma200" : 828.68,
    "volume" : 32780.00
  }, {
    "date" : "2025-03-20",
    "price" : 671.85,
    "dma50" : 691.23,
    "dma100" : null,
    "dma200" : 827.12,
    "volume" : 20828.00
  }, {
    "date" : "2025-03-21",
    "price" : 661.90,
    "dma50" : 690.08,
    "dma100" : null,
    "dma200" : 825.47,
    "volume" : 17798.00
  }, {
    "date" : "2025-03-24",
    "price" : 677.30,
    "dma50" : 689.58,
    "dma100" : null,
    "dma200" : 824.00,
    "volume" : 29616.00
  }, {
    "date" : "2025-03-25",
    "price" : 658.40,
    "dma50" : 688.35,
    "dma100" : null,
    "dma200" : 822.35,
    "volume" : 17172.00
  }, {
    "date" : "2025-03-26",
    "price" : 647.50,
    "dma50" : 686.75,
    "dma100" : null,
    "dma200" : 820.61,
    "volume" : 22364.00
  }, {
    "date" : "2025-03-27",
    "price" : 641.70,
    "dma50" : 684.99,
    "dma100" : null,
    "dma200" : 818.83,
    "volume" : 23286.00
  }, {
    "date" : "2025-03-28",
    "price" : 629.75,
    "dma50" : 682.82,
    "dma100" : null,
    "dma200" : 816.95,
    "volume" : 15772.00
  }, {
    "date" : "2025-04-01",
    "price" : 654.40,
    "dma50" : 681.71,
    "dma100" : null,
    "dma200" : 815.33,
    "volume" : 10996.00
  }, {
    "date" : "2025-04-02",
    "price" : 664.30,
    "dma50" : 681.02,
    "dma100" : null,
    "dma200" : 813.83,
    "volume" : 9691.00
  }, {
    "date" : "2025-04-03",
    "price" : 664.95,
    "dma50" : 680.39,
    "dma100" : null,
    "dma200" : 812.35,
    "volume" : 3336.00
  }, {
    "date" : "2025-04-04",
    "price" : 640.50,
    "dma50" : 678.83,
    "dma100" : null,
    "dma200" : 810.64,
    "volume" : 11794.00
  }, {
    "date" : "2025-04-07",
    "price" : 617.85,
    "dma50" : 676.44,
    "dma100" : null,
    "dma200" : 808.72,
    "volume" : 13831.00
  }, {
    "date" : "2025-04-08",
    "price" : 659.85,
    "dma50" : 675.79,
    "dma100" : null,
    "dma200" : 807.24,
    "volume" : 20698.00
  }, {
    "date" : "2025-04-09",
    "price" : 647.70,
    "dma50" : 674.68,
    "dma100" : null,
    "dma200" : 805.65,
    "volume" : 12264.00
  }, {
    "date" : "2025-04-11",
    "price" : 664.50,
    "dma50" : 674.29,
    "dma100" : null,
    "dma200" : 804.25,
    "volume" : 31908.00
  }, {
    "date" : "2025-04-15",
    "price" : 675.40,
    "dma50" : 674.33,
    "dma100" : null,
    "dma200" : 802.97,
    "volume" : 13142.00
  }, {
    "date" : "2025-04-16",
    "price" : 724.55,
    "dma50" : 676.30,
    "dma100" : null,
    "dma200" : 802.19,
    "volume" : 316602.00
  }, {
    "date" : "2025-04-17",
    "price" : 713.65,
    "dma50" : 677.76,
    "dma100" : null,
    "dma200" : 801.30,
    "volume" : 38235.00
  }, {
    "date" : "2025-04-21",
    "price" : 725.25,
    "dma50" : 679.63,
    "dma100" : null,
    "dma200" : 800.55,
    "volume" : 19913.00
  }, {
    "date" : "2025-04-22",
    "price" : 715.55,
    "dma50" : 681.03,
    "dma100" : null,
    "dma200" : 799.70,
    "volume" : 22555.00
  }, {
    "date" : "2025-04-23",
    "price" : 726.50,
    "dma50" : 682.82,
    "dma100" : null,
    "dma200" : 798.97,
    "volume" : 15417.00
  }, {
    "date" : "2025-04-24",
    "price" : 719.05,
    "dma50" : 684.24,
    "dma100" : null,
    "dma200" : 798.18,
    "volume" : 12692.00
  }, {
    "date" : "2025-04-25",
    "price" : 695.60,
    "dma50" : 684.68,
    "dma100" : null,
    "dma200" : 797.16,
    "volume" : 16484.00
  }, {
    "date" : "2025-04-28",
    "price" : 706.90,
    "dma50" : 685.55,
    "dma100" : null,
    "dma200" : 796.26,
    "volume" : 15938.00
  }, {
    "date" : "2025-04-29",
    "price" : 734.15,
    "dma50" : 687.46,
    "dma100" : null,
    "dma200" : 795.64,
    "volume" : 27698.00
  }, {
    "date" : "2025-04-30",
    "price" : 739.50,
    "dma50" : 689.50,
    "dma100" : null,
    "dma200" : 795.08,
    "volume" : 19418.00
  }, {
    "date" : "2025-05-02",
    "price" : 738.00,
    "dma50" : 691.40,
    "dma100" : null,
    "dma200" : 794.52,
    "volume" : 13216.00
  }, {
    "date" : "2025-05-05",
    "price" : 712.15,
    "dma50" : 692.22,
    "dma100" : null,
    "dma200" : 793.70,
    "volume" : 38648.00
  }, {
    "date" : "2025-05-06",
    "price" : 710.60,
    "dma50" : 692.94,
    "dma100" : null,
    "dma200" : 792.87,
    "volume" : 13412.00
  }, {
    "date" : "2025-05-07",
    "price" : 726.85,
    "dma50" : 694.27,
    "dma100" : null,
    "dma200" : 792.21,
    "volume" : 13219.00
  }, {
    "date" : "2025-05-08",
    "price" : 737.35,
    "dma50" : 695.96,
    "dma100" : null,
    "dma200" : 791.67,
    "volume" : 16903.00
  }, {
    "date" : "2025-05-09",
    "price" : 739.15,
    "dma50" : 697.65,
    "dma100" : null,
    "dma200" : 791.14,
    "volume" : 12613.00
  }, {
    "date" : "2025-05-12",
    "price" : 771.60,
    "dma50" : 700.55,
    "dma100" : null,
    "dma200" : 790.95,
    "volume" : 35229.00
  }, {
    "date" : "2025-05-13",
    "price" : 780.40,
    "dma50" : 703.68,
    "dma100" : null,
    "dma200" : 790.84,
    "volume" : 8392.00
  }, {
    "date" : "2025-05-14",
    "price" : 778.75,
    "dma50" : 706.63,
    "dma100" : null,
    "dma200" : 790.72,
    "volume" : 4394.00
  }, {
    "date" : "2025-05-15",
    "price" : 832.25,
    "dma50" : 711.55,
    "dma100" : null,
    "dma200" : 791.14,
    "volume" : 89255.00
  }, {
    "date" : "2025-05-16",
    "price" : 814.30,
    "dma50" : 715.58,
    "dma100" : null,
    "dma200" : 791.37,
    "volume" : 16405.00
  }, {
    "date" : "2025-05-19",
    "price" : 831.95,
    "dma50" : 720.15,
    "dma100" : null,
    "dma200" : 791.77,
    "volume" : 8926.00
  }, {
    "date" : "2025-05-20",
    "price" : 824.85,
    "dma50" : 724.25,
    "dma100" : null,
    "dma200" : 792.10,
    "volume" : 10414.00
  }, {
    "date" : "2025-05-21",
    "price" : 839.30,
    "dma50" : 728.76,
    "dma100" : null,
    "dma200" : 792.57,
    "volume" : 14543.00
  }, {
    "date" : "2025-05-22",
    "price" : 844.65,
    "dma50" : 733.31,
    "dma100" : null,
    "dma200" : 793.09,
    "volume" : 16601.00
  }, {
    "date" : "2025-05-23",
    "price" : 841.20,
    "dma50" : 737.54,
    "dma100" : null,
    "dma200" : 793.57,
    "volume" : 5082.00
  }, {
    "date" : "2025-05-26",
    "price" : 840.25,
    "dma50" : 741.57,
    "dma100" : null,
    "dma200" : 794.03,
    "volume" : 7454.00
  }, {
    "date" : "2025-05-27",
    "price" : 850.45,
    "dma50" : 745.84,
    "dma100" : null,
    "dma200" : 794.59,
    "volume" : 34101.00
  }, {
    "date" : "2025-05-28",
    "price" : 888.90,
    "dma50" : 751.45,
    "dma100" : null,
    "dma200" : 795.53,
    "volume" : 34078.00
  }, {
    "date" : "2025-05-29",
    "price" : 900.20,
    "dma50" : 757.28,
    "dma100" : null,
    "dma200" : 796.57,
    "volume" : 35143.00
  }, {
    "date" : "2025-05-30",
    "price" : 905.60,
    "dma50" : 763.10,
    "dma100" : null,
    "dma200" : 797.66,
    "volume" : 40023.00
  }, {
    "date" : "2025-06-02",
    "price" : 915.05,
    "dma50" : 769.06,
    "dma100" : null,
    "dma200" : 798.83,
    "volume" : 13022.00
  }, {
    "date" : "2025-06-03",
    "price" : 904.30,
    "dma50" : 774.36,
    "dma100" : null,
    "dma200" : 799.88,
    "volume" : 14240.00
  }, {
    "date" : "2025-06-04",
    "price" : 902.05,
    "dma50" : 779.37,
    "dma100" : null,
    "dma200" : 800.89,
    "volume" : 8024.00
  }, {
    "date" : "2025-06-05",
    "price" : 902.15,
    "dma50" : 784.18,
    "dma100" : null,
    "dma200" : 801.90,
    "volume" : 9165.00
  }, {
    "date" : "2025-06-06",
    "price" : 903.70,
    "dma50" : 788.87,
    "dma100" : null,
    "dma200" : 802.91,
    "volume" : 6340.00
  }, {
    "date" : "2025-06-09",
    "price" : 930.50,
    "dma50" : 794.42,
    "dma100" : null,
    "dma200" : 804.18,
    "volume" : 20790.00
  }, {
    "date" : "2025-06-10",
    "price" : 942.70,
    "dma50" : 800.24,
    "dma100" : null,
    "dma200" : 805.56,
    "volume" : 23230.00
  }, {
    "date" : "2025-06-11",
    "price" : 926.80,
    "dma50" : 805.20,
    "dma100" : null,
    "dma200" : 806.77,
    "volume" : 21454.00
  }, {
    "date" : "2025-06-12",
    "price" : 901.75,
    "dma50" : 808.99,
    "dma100" : null,
    "dma200" : 807.71,
    "volume" : 15523.00
  }, {
    "date" : "2025-06-13",
    "price" : 904.10,
    "dma50" : 812.72,
    "dma100" : null,
    "dma200" : 808.67,
    "volume" : 13315.00
  }, {
    "date" : "2025-06-16",
    "price" : 902.45,
    "dma50" : 816.24,
    "dma100" : null,
    "dma200" : 809.60,
    "volume" : 12980.00
  }, {
    "date" : "2025-06-17",
    "price" : 1003.25,
    "dma50" : 823.57,
    "dma100" : null,
    "dma200" : 811.53,
    "volume" : 471520.00
  }, {
    "date" : "2025-06-18",
    "price" : 960.10,
    "dma50" : 828.92,
    "dma100" : null,
    "dma200" : 813.01,
    "volume" : 169459.00
  }, {
    "date" : "2025-06-19",
    "price" : 928.45,
    "dma50" : 832.83,
    "dma100" : null,
    "dma200" : 814.16,
    "volume" : 38270.00
  }, {
    "date" : "2025-06-20",
    "price" : 921.20,
    "dma50" : 836.29,
    "dma100" : null,
    "dma200" : 815.22,
    "volume" : 31850.00
  }, {
    "date" : "2025-06-23",
    "price" : 928.25,
    "dma50" : 839.90,
    "dma100" : null,
    "dma200" : 816.35,
    "volume" : 15241.00
  }, {
    "date" : "2025-06-24",
    "price" : 938.20,
    "dma50" : 843.75,
    "dma100" : null,
    "dma200" : 817.56,
    "volume" : 14013.00
  }, {
    "date" : "2025-06-25",
    "price" : 903.70,
    "dma50" : 846.10,
    "dma100" : null,
    "dma200" : 818.42,
    "volume" : 112962.00
  }, {
    "date" : "2025-06-26",
    "price" : 864.60,
    "dma50" : 846.83,
    "dma100" : null,
    "dma200" : 818.88,
    "volume" : 67695.00
  }, {
    "date" : "2025-06-27",
    "price" : 906.15,
    "dma50" : 849.16,
    "dma100" : null,
    "dma200" : 819.74,
    "volume" : 299186.00
  }, {
    "date" : "2025-06-30",
    "price" : 918.85,
    "dma50" : 851.89,
    "dma100" : null,
    "dma200" : 820.73,
    "volume" : 64726.00
  }, {
    "date" : "2025-07-01",
    "price" : 906.60,
    "dma50" : 854.03,
    "dma100" : null,
    "dma200" : 821.59,
    "volume" : 35892.00
  }, {
    "date" : "2025-07-02",
    "price" : 902.90,
    "dma50" : 855.95,
    "dma100" : null,
    "dma200" : 822.39,
    "volume" : 36240.00
  }, {
    "date" : "2025-07-03",
    "price" : 906.40,
    "dma50" : 857.93,
    "dma100" : null,
    "dma200" : 823.23,
    "volume" : 23599.00
  }, {
    "date" : "2025-07-04",
    "price" : 909.55,
    "dma50" : 859.95,
    "dma100" : 753.77,
    "dma200" : 824.09,
    "volume" : 16256.00
  }, {
    "date" : "2025-07-07",
    "price" : 891.45,
    "dma50" : 861.19,
    "dma100" : 755.53,
    "dma200" : 824.76,
    "volume" : 20388.00
  }, {
    "date" : "2025-07-08",
    "price" : 888.60,
    "dma50" : 862.26,
    "dma100" : 757.25,
    "dma200" : 825.39,
    "volume" : 7479.00
  }, {
    "date" : "2025-07-09",
    "price" : 882.95,
    "dma50" : 863.08,
    "dma100" : 759.14,
    "dma200" : 825.97,
    "volume" : 12067.00
  }, {
    "date" : "2025-07-10",
    "price" : 892.15,
    "dma50" : 864.22,
    "dma100" : 761.36,
    "dma200" : 826.63,
    "volume" : 26354.00
  }, {
    "date" : "2025-07-11",
    "price" : 881.20,
    "dma50" : 864.88,
    "dma100" : 763.66,
    "dma200" : 827.17,
    "volume" : 14060.00
  }, {
    "date" : "2025-07-14",
    "price" : 882.45,
    "dma50" : 865.57,
    "dma100" : 765.87,
    "dma200" : 827.72,
    "volume" : 11382.00
  }, {
    "date" : "2025-07-15",
    "price" : 864.60,
    "dma50" : 865.53,
    "dma100" : 768.16,
    "dma200" : 828.09,
    "volume" : 24455.00
  }, {
    "date" : "2025-07-16",
    "price" : 878.45,
    "dma50" : 866.04,
    "dma100" : 770.57,
    "dma200" : 828.59,
    "volume" : 21518.00
  }, {
    "date" : "2025-07-17",
    "price" : 891.55,
    "dma50" : 867.04,
    "dma100" : 773.16,
    "dma200" : 829.21,
    "volume" : 112447.00
  }, {
    "date" : "2025-07-18",
    "price" : 887.60,
    "dma50" : 867.85,
    "dma100" : 775.55,
    "dma200" : 829.79,
    "volume" : 21373.00
  }, {
    "date" : "2025-07-21",
    "price" : 878.70,
    "dma50" : 868.27,
    "dma100" : 777.71,
    "dma200" : 830.28,
    "volume" : 9865.00
  }, {
    "date" : "2025-07-22",
    "price" : 885.90,
    "dma50" : 868.96,
    "dma100" : 779.94,
    "dma200" : 830.83,
    "volume" : 18076.00
  }, {
    "date" : "2025-07-23",
    "price" : 889.95,
    "dma50" : 869.79,
    "dma100" : 782.17,
    "dma200" : 831.42,
    "volume" : 9950.00
  }, {
    "date" : "2025-07-24",
    "price" : 880.90,
    "dma50" : 870.22,
    "dma100" : 784.36,
    "dma200" : 831.92,
    "volume" : 13913.00
  }, {
    "date" : "2025-07-25",
    "price" : 852.85,
    "dma50" : 869.54,
    "dma100" : 786.48,
    "dma200" : 832.12,
    "volume" : 23950.00
  }, {
    "date" : "2025-07-28",
    "price" : 834.80,
    "dma50" : 868.18,
    "dma100" : 788.75,
    "dma200" : 832.15,
    "volume" : 17376.00
  }, {
    "date" : "2025-07-29",
    "price" : 839.70,
    "dma50" : 867.06,
    "dma100" : 791.15,
    "dma200" : 832.23,
    "volume" : 15485.00
  }, {
    "date" : "2025-07-30",
    "price" : 846.85,
    "dma50" : 866.27,
    "dma100" : 793.57,
    "dma200" : 832.37,
    "volume" : 9512.00
  }, {
    "date" : "2025-07-31",
    "price" : 842.10,
    "dma50" : 865.32,
    "dma100" : 795.82,
    "dma200" : 832.47,
    "volume" : 11500.00
  }, {
    "date" : "2025-08-01",
    "price" : 831.55,
    "dma50" : 864.00,
    "dma100" : 797.79,
    "dma200" : 832.46,
    "volume" : 15892.00
  }, {
    "date" : "2025-08-04",
    "price" : 844.80,
    "dma50" : 863.24,
    "dma100" : 799.93,
    "dma200" : 832.58,
    "volume" : 10069.00
  }, {
    "date" : "2025-08-05",
    "price" : 838.10,
    "dma50" : 862.26,
    "dma100" : 802.23,
    "dma200" : 832.64,
    "volume" : 57977.00
  }, {
    "date" : "2025-08-06",
    "price" : 832.15,
    "dma50" : 861.08,
    "dma100" : 804.73,
    "dma200" : 832.63,
    "volume" : 29065.00
  }, {
    "date" : "2025-08-07",
    "price" : 820.50,
    "dma50" : 859.49,
    "dma100" : 807.07,
    "dma200" : 832.51,
    "volume" : 12010.00
  }, {
    "date" : "2025-08-08",
    "price" : 821.85,
    "dma50" : 858.01,
    "dma100" : 809.47,
    "dma200" : 832.40,
    "volume" : 8909.00
  }, {
    "date" : "2025-08-11",
    "price" : 804.35,
    "dma50" : 855.91,
    "dma100" : 811.57,
    "dma200" : 832.13,
    "volume" : 10967.00
  }, {
    "date" : "2025-08-12",
    "price" : 800.25,
    "dma50" : 853.72,
    "dma100" : 813.46,
    "dma200" : 831.81,
    "volume" : 8114.00
  }, {
    "date" : "2025-08-13",
    "price" : 796.05,
    "dma50" : 851.46,
    "dma100" : 815.03,
    "dma200" : 831.45,
    "volume" : 8233.00
  }, {
    "date" : "2025-08-14",
    "price" : 808.00,
    "dma50" : 849.76,
    "dma100" : 816.40,
    "dma200" : 831.22,
    "volume" : 5917.00
  }, {
    "date" : "2025-08-18",
    "price" : 840.95,
    "dma50" : 849.41,
    "dma100" : 818.19,
    "dma200" : 831.32,
    "volume" : 22069.00
  }, {
    "date" : "2025-08-19",
    "price" : 865.05,
    "dma50" : 850.02,
    "dma100" : 820.06,
    "dma200" : 831.65,
    "volume" : 24578.00
  }, {
    "date" : "2025-08-20",
    "price" : 870.40,
    "dma50" : 850.82,
    "dma100" : 822.18,
    "dma200" : 832.04,
    "volume" : 16396.00
  }, {
    "date" : "2025-08-21",
    "price" : 886.80,
    "dma50" : 852.23,
    "dma100" : 824.58,
    "dma200" : 832.58,
    "volume" : 17460.00
  }, {
    "date" : "2025-08-22",
    "price" : 890.10,
    "dma50" : 853.72,
    "dma100" : 827.06,
    "dma200" : 833.15,
    "volume" : 32304.00
  }, {
    "date" : "2025-08-25",
    "price" : 879.85,
    "dma50" : 854.74,
    "dma100" : 829.56,
    "dma200" : 833.62,
    "volume" : 15608.00
  }, {
    "date" : "2025-08-26",
    "price" : 875.95,
    "dma50" : 855.58,
    "dma100" : 831.78,
    "dma200" : 834.04,
    "volume" : 12014.00
  }, {
    "date" : "2025-08-28",
    "price" : 869.55,
    "dma50" : 856.12,
    "dma100" : 833.83,
    "dma200" : 834.39,
    "volume" : 11160.00
  }, {
    "date" : "2025-08-29",
    "price" : 844.75,
    "dma50" : 855.68,
    "dma100" : 835.63,
    "dma200" : 834.50,
    "volume" : 13750.00
  }, {
    "date" : "2025-09-01",
    "price" : 832.55,
    "dma50" : 854.77,
    "dma100" : 837.55,
    "dma200" : 834.48,
    "volume" : 15677.00
  }, {
    "date" : "2025-09-02",
    "price" : 853.60,
    "dma50" : 854.72,
    "dma100" : 839.91,
    "dma200" : 834.67,
    "volume" : 27468.00
  }, {
    "date" : "2025-09-03",
    "price" : 859.10,
    "dma50" : 854.90,
    "dma100" : 841.90,
    "dma200" : 834.91,
    "volume" : 16558.00
  }, {
    "date" : "2025-09-04",
    "price" : 849.45,
    "dma50" : 854.68,
    "dma100" : 843.92,
    "dma200" : 835.06,
    "volume" : 18347.00
  }, {
    "date" : "2025-09-05",
    "price" : 841.70,
    "dma50" : 854.17,
    "dma100" : 845.69,
    "dma200" : 835.12,
    "volume" : 10160.00
  }, {
    "date" : "2025-09-08",
    "price" : 865.45,
    "dma50" : 854.62,
    "dma100" : 847.59,
    "dma200" : 835.42,
    "volume" : 22150.00
  }, {
    "date" : "2025-09-09",
    "price" : 854.70,
    "dma50" : 854.62,
    "dma100" : 848.89,
    "dma200" : 835.61,
    "volume" : 7231.00
  }, {
    "date" : "2025-09-10",
    "price" : 854.65,
    "dma50" : 854.62,
    "dma100" : 850.30,
    "dma200" : 835.80,
    "volume" : 6995.00
  }, {
    "date" : "2025-09-11",
    "price" : 841.00,
    "dma50" : 854.09,
    "dma100" : 851.46,
    "dma200" : 835.86,
    "volume" : 12440.00
  }, {
    "date" : "2025-09-12",
    "price" : 849.55,
    "dma50" : 853.91,
    "dma100" : 852.80,
    "dma200" : 835.99,
    "volume" : 23878.00
  }, {
    "date" : "2025-09-15",
    "price" : 842.75,
    "dma50" : 853.47,
    "dma100" : 853.96,
    "dma200" : 836.06,
    "volume" : 12249.00
  }, {
    "date" : "2025-09-16",
    "price" : 843.95,
    "dma50" : 853.10,
    "dma100" : 855.21,
    "dma200" : 836.14,
    "volume" : 11612.00
  }, {
    "date" : "2025-09-17",
    "price" : 869.00,
    "dma50" : 853.72,
    "dma100" : 856.94,
    "dma200" : 836.46,
    "volume" : 59157.00
  }, {
    "date" : "2025-09-18",
    "price" : 856.90,
    "dma50" : 853.85,
    "dma100" : 858.44,
    "dma200" : 836.67,
    "volume" : 12235.00
  }, {
    "date" : "2025-09-19",
    "price" : 844.50,
    "dma50" : 853.48,
    "dma100" : 859.55,
    "dma200" : 836.75,
    "volume" : 12871.00
  }, {
    "date" : "2025-09-22",
    "price" : 840.30,
    "dma50" : 852.96,
    "dma100" : 860.55,
    "dma200" : 836.78,
    "volume" : 16028.00
  }, {
    "date" : "2025-09-23",
    "price" : 856.80,
    "dma50" : 853.11,
    "dma100" : 861.74,
    "dma200" : 836.98,
    "volume" : 28957.00
  }, {
    "date" : "2025-09-24",
    "price" : 861.95,
    "dma50" : 853.46,
    "dma100" : 863.24,
    "dma200" : 837.23,
    "volume" : 35235.00
  }, {
    "date" : "2025-09-25",
    "price" : 840.70,
    "dma50" : 852.96,
    "dma100" : 864.54,
    "dma200" : 837.26,
    "volume" : 17287.00
  }, {
    "date" : "2025-09-26",
    "price" : 818.25,
    "dma50" : 851.60,
    "dma100" : 865.46,
    "dma200" : 837.07,
    "volume" : 11936.00
  }, {
    "date" : "2025-09-29",
    "price" : 815.25,
    "dma50" : 850.17,
    "dma100" : 866.23,
    "dma200" : 836.86,
    "volume" : 8974.00
  }, {
    "date" : "2025-09-30",
    "price" : 813.80,
    "dma50" : 848.75,
    "dma100" : 866.98,
    "dma200" : 836.63,
    "volume" : 9871.00
  }, {
    "date" : "2025-10-01",
    "price" : 821.15,
    "dma50" : 847.66,
    "dma100" : 867.48,
    "dma200" : 836.47,
    "volume" : 6124.00
  }, {
    "date" : "2025-10-03",
    "price" : 842.45,
    "dma50" : 847.46,
    "dma100" : 868.10,
    "dma200" : 836.53,
    "volume" : 14286.00
  }, {
    "date" : "2025-10-06",
    "price" : 836.50,
    "dma50" : 847.03,
    "dma100" : 868.67,
    "dma200" : 836.53,
    "volume" : 10227.00
  }, {
    "date" : "2025-10-07",
    "price" : 841.20,
    "dma50" : 846.80,
    "dma100" : 868.76,
    "dma200" : 836.58,
    "volume" : 10975.00
  }, {
    "date" : "2025-10-08",
    "price" : 835.90,
    "dma50" : 846.37,
    "dma100" : 868.98,
    "dma200" : 836.57,
    "volume" : 11758.00
  }, {
    "date" : "2025-10-09",
    "price" : 842.75,
    "dma50" : 846.23,
    "dma100" : 869.09,
    "dma200" : 836.63,
    "volume" : 8277.00
  }, {
    "date" : "2025-10-10",
    "price" : 829.10,
    "dma50" : 845.56,
    "dma100" : 869.13,
    "dma200" : 836.56,
    "volume" : 8820.00
  }, {
    "date" : "2025-10-13",
    "price" : 830.20,
    "dma50" : 844.96,
    "dma100" : 869.04,
    "dma200" : 836.50,
    "volume" : 7762.00
  }, {
    "date" : "2025-10-14",
    "price" : 826.85,
    "dma50" : 844.25,
    "dma100" : 868.86,
    "dma200" : 836.40,
    "volume" : 34016.00
  }, {
    "date" : "2025-10-15",
    "price" : 827.75,
    "dma50" : 843.60,
    "dma100" : 868.73,
    "dma200" : 836.31,
    "volume" : 4302.00
  }, {
    "date" : "2025-10-16",
    "price" : 821.10,
    "dma50" : 842.72,
    "dma100" : 868.53,
    "dma200" : 836.16,
    "volume" : 7360.00
  }, {
    "date" : "2025-10-17",
    "price" : 814.95,
    "dma50" : 841.63,
    "dma100" : 868.18,
    "dma200" : 835.95,
    "volume" : 6849.00
  }, {
    "date" : "2025-10-20",
    "price" : 819.90,
    "dma50" : 840.78,
    "dma100" : 867.49,
    "dma200" : 835.79,
    "volume" : 9480.00
  }, {
    "date" : "2025-10-21",
    "price" : 822.90,
    "dma50" : 840.08,
    "dma100" : 866.72,
    "dma200" : 835.66,
    "volume" : 3385.00
  }, {
    "date" : "2025-10-23",
    "price" : 831.70,
    "dma50" : 839.75,
    "dma100" : 865.98,
    "dma200" : 835.62,
    "volume" : 7057.00
  }, {
    "date" : "2025-10-24",
    "price" : 825.25,
    "dma50" : 839.18,
    "dma100" : 865.08,
    "dma200" : 835.52,
    "volume" : 6862.00
  }, {
    "date" : "2025-10-27",
    "price" : 821.95,
    "dma50" : 838.50,
    "dma100" : 864.26,
    "dma200" : 835.39,
    "volume" : 6630.00
  }, {
    "date" : "2025-10-28",
    "price" : 820.75,
    "dma50" : 837.81,
    "dma100" : 863.44,
    "dma200" : 835.24,
    "volume" : 5281.00
  }, {
    "date" : "2025-10-29",
    "price" : 829.00,
    "dma50" : 837.46,
    "dma100" : 862.71,
    "dma200" : 835.18,
    "volume" : 9140.00
  }, {
    "date" : "2025-10-30",
    "price" : 811.90,
    "dma50" : 836.46,
    "dma100" : 861.79,
    "dma200" : 834.95,
    "volume" : 12039.00
  }, {
    "date" : "2025-10-31",
    "price" : 813.20,
    "dma50" : 835.55,
    "dma100" : 860.62,
    "dma200" : 834.73,
    "volume" : 6702.00
  }, {
    "date" : "2025-11-03",
    "price" : 821.30,
    "dma50" : 834.99,
    "dma100" : 859.41,
    "dma200" : 834.60,
    "volume" : 3259.00
  }, {
    "date" : "2025-11-04",
    "price" : 843.30,
    "dma50" : 835.31,
    "dma100" : 858.57,
    "dma200" : 834.68,
    "volume" : 36905.00
  }, {
    "date" : "2025-11-06",
    "price" : 852.85,
    "dma50" : 836.00,
    "dma100" : 858.08,
    "dma200" : 834.86,
    "volume" : 54730.00
  }, {
    "date" : "2025-11-07",
    "price" : 838.60,
    "dma50" : 836.10,
    "dma100" : 857.43,
    "dma200" : 834.90,
    "volume" : 11853.00
  }, {
    "date" : "2025-11-10",
    "price" : 819.70,
    "dma50" : 835.46,
    "dma100" : 856.60,
    "dma200" : 834.75,
    "volume" : 14664.00
  }, {
    "date" : "2025-11-11",
    "price" : 819.15,
    "dma50" : 834.82,
    "dma100" : 854.76,
    "dma200" : 834.59,
    "volume" : 8100.00
  }, {
    "date" : "2025-11-12",
    "price" : 827.35,
    "dma50" : 834.53,
    "dma100" : 853.43,
    "dma200" : 834.52,
    "volume" : 7338.00
  }, {
    "date" : "2025-11-13",
    "price" : 821.60,
    "dma50" : 834.02,
    "dma100" : 852.36,
    "dma200" : 834.39,
    "volume" : 5311.00
  }, {
    "date" : "2025-11-14",
    "price" : 817.35,
    "dma50" : 833.37,
    "dma100" : 851.33,
    "dma200" : 834.22,
    "volume" : 3157.00
  }, {
    "date" : "2025-11-17",
    "price" : 812.60,
    "dma50" : 832.55,
    "dma100" : 850.17,
    "dma200" : 834.01,
    "volume" : 7267.00
  }, {
    "date" : "2025-11-18",
    "price" : 808.20,
    "dma50" : 831.60,
    "dma100" : 848.87,
    "dma200" : 833.75,
    "volume" : 4801.00
  }, {
    "date" : "2025-11-19",
    "price" : 809.40,
    "dma50" : 830.73,
    "dma100" : 847.93,
    "dma200" : 833.51,
    "volume" : 4996.00
  }, {
    "date" : "2025-11-20",
    "price" : 795.05,
    "dma50" : 829.33,
    "dma100" : 847.23,
    "dma200" : 833.13,
    "volume" : 14360.00
  }, {
    "date" : "2025-11-21",
    "price" : 782.60,
    "dma50" : 827.50,
    "dma100" : 845.99,
    "dma200" : 832.62,
    "volume" : 5538.00
  }, {
    "date" : "2025-11-24",
    "price" : 756.70,
    "dma50" : 824.72,
    "dma100" : 844.37,
    "dma200" : 831.87,
    "volume" : 11478.00
  }, {
    "date" : "2025-11-25",
    "price" : 765.20,
    "dma50" : 822.39,
    "dma100" : 842.96,
    "dma200" : 831.21,
    "volume" : 6799.00
  }, {
    "date" : "2025-11-26",
    "price" : 798.75,
    "dma50" : 821.46,
    "dma100" : 841.92,
    "dma200" : 830.88,
    "volume" : 9096.00
  }, {
    "date" : "2025-11-27",
    "price" : 782.95,
    "dma50" : 819.95,
    "dma100" : 840.68,
    "dma200" : 830.41,
    "volume" : 6421.00
  }, {
    "date" : "2025-11-28",
    "price" : 773.65,
    "dma50" : 818.13,
    "dma100" : 839.32,
    "dma200" : 829.84,
    "volume" : 6378.00
  }, {
    "date" : "2025-12-01",
    "price" : 766.45,
    "dma50" : 816.11,
    "dma100" : 838.07,
    "dma200" : 829.21,
    "volume" : 5142.00
  }, {
    "date" : "2025-12-02",
    "price" : 768.40,
    "dma50" : 814.24,
    "dma100" : 836.87,
    "dma200" : 828.61,
    "volume" : 8518.00
  }, {
    "date" : "2025-12-03",
    "price" : 763.30,
    "dma50" : 812.24,
    "dma100" : 835.68,
    "dma200" : 827.96,
    "volume" : 2370.00
  }, {
    "date" : "2025-12-04",
    "price" : 756.20,
    "dma50" : 810.04,
    "dma100" : 834.32,
    "dma200" : 827.24,
    "volume" : 7313.00
  }, {
    "date" : "2025-12-05",
    "price" : 750.80,
    "dma50" : 807.72,
    "dma100" : 833.01,
    "dma200" : 826.48,
    "volume" : 4021.00
  }, {
    "date" : "2025-12-08",
    "price" : 724.35,
    "dma50" : 804.45,
    "dma100" : 831.43,
    "dma200" : 825.46,
    "volume" : 3716.00
  }, {
    "date" : "2025-12-09",
    "price" : 730.40,
    "dma50" : 801.54,
    "dma100" : 830.09,
    "dma200" : 824.52,
    "volume" : 9008.00
  }, {
    "date" : "2025-12-10",
    "price" : 732.90,
    "dma50" : 798.85,
    "dma100" : 828.63,
    "dma200" : 823.61,
    "volume" : 6804.00
  }, {
    "date" : "2025-12-11",
    "price" : 735.70,
    "dma50" : 796.38,
    "dma100" : 827.07,
    "dma200" : 822.73,
    "volume" : 3202.00
  }, {
    "date" : "2025-12-12",
    "price" : 741.05,
    "dma50" : 794.21,
    "dma100" : 825.61,
    "dma200" : 821.92,
    "volume" : 4520.00
  }, {
    "date" : "2025-12-15",
    "price" : 741.10,
    "dma50" : 792.12,
    "dma100" : 824.23,
    "dma200" : 821.12,
    "volume" : 5795.00
  }, {
    "date" : "2025-12-16",
    "price" : 737.85,
    "dma50" : 789.99,
    "dma100" : 822.75,
    "dma200" : 820.29,
    "volume" : 5920.00
  }, {
    "date" : "2025-12-17",
    "price" : 747.05,
    "dma50" : 788.31,
    "dma100" : 821.32,
    "dma200" : 819.56,
    "volume" : 4517.00
  }, {
    "date" : "2025-12-18",
    "price" : 728.05,
    "dma50" : 785.95,
    "dma100" : 819.80,
    "dma200" : 818.65,
    "volume" : 14129.00
  }, {
    "date" : "2025-12-19",
    "price" : 736.20,
    "dma50" : 784.00,
    "dma100" : 818.63,
    "dma200" : 817.83,
    "volume" : 5127.00
  }, {
    "date" : "2025-12-22",
    "price" : 738.10,
    "dma50" : 782.20,
    "dma100" : 817.66,
    "dma200" : 817.03,
    "volume" : 7820.00
  }, {
    "date" : "2025-12-23",
    "price" : 746.15,
    "dma50" : 780.78,
    "dma100" : 816.73,
    "dma200" : 816.33,
    "volume" : 5972.00
  }, {
    "date" : "2025-12-24",
    "price" : 788.30,
    "dma50" : 781.08,
    "dma100" : 816.14,
    "dma200" : 816.05,
    "volume" : 33959.00
  }, {
    "date" : "2025-12-26",
    "price" : 787.10,
    "dma50" : 781.31,
    "dma100" : 815.59,
    "dma200" : 815.76,
    "volume" : 11913.00
  }, {
    "date" : "2025-12-29",
    "price" : 784.55,
    "dma50" : 781.44,
    "dma100" : 815.12,
    "dma200" : 815.45,
    "volume" : 8845.00
  }, {
    "date" : "2025-12-30",
    "price" : 783.40,
    "dma50" : 781.52,
    "dma100" : 814.51,
    "dma200" : 815.13,
    "volume" : 10761.00
  }, {
    "date" : "2025-12-31",
    "price" : 799.75,
    "dma50" : 782.23,
    "dma100" : 814.12,
    "dma200" : 814.98,
    "volume" : 9405.00
  }, {
    "date" : "2026-01-01",
    "price" : 809.25,
    "dma50" : 783.29,
    "dma100" : 813.89,
    "dma200" : 814.92,
    "volume" : 6844.00
  }, {
    "date" : "2026-01-02",
    "price" : 844.20,
    "dma50" : 785.68,
    "dma100" : 814.13,
    "dma200" : 815.21,
    "volume" : 39816.00
  }, {
    "date" : "2026-01-05",
    "price" : 831.40,
    "dma50" : 787.47,
    "dma100" : 814.23,
    "dma200" : 815.37,
    "volume" : 11994.00
  }, {
    "date" : "2026-01-06",
    "price" : 817.05,
    "dma50" : 788.63,
    "dma100" : 814.35,
    "dma200" : 815.39,
    "volume" : 10073.00
  }, {
    "date" : "2026-01-07",
    "price" : 815.50,
    "dma50" : 789.69,
    "dma100" : 814.51,
    "dma200" : 815.39,
    "volume" : 5044.00
  }, {
    "date" : "2026-01-08",
    "price" : 812.10,
    "dma50" : 790.57,
    "dma100" : 814.67,
    "dma200" : 815.36,
    "volume" : 8687.00
  }, {
    "date" : "2026-01-09",
    "price" : 794.00,
    "dma50" : 790.70,
    "dma100" : 814.53,
    "dma200" : 815.15,
    "volume" : 6805.00
  }, {
    "date" : "2026-01-12",
    "price" : 787.10,
    "dma50" : 790.56,
    "dma100" : 813.99,
    "dma200" : 814.87,
    "volume" : 7723.00
  }, {
    "date" : "2026-01-13",
    "price" : 782.65,
    "dma50" : 790.25,
    "dma100" : 813.16,
    "dma200" : 814.55,
    "volume" : 7729.00
  }, {
    "date" : "2026-01-14",
    "price" : 793.20,
    "dma50" : 790.37,
    "dma100" : 812.39,
    "dma200" : 814.33,
    "volume" : 11687.00
  }, {
    "date" : "2026-01-16",
    "price" : 780.85,
    "dma50" : 789.99,
    "dma100" : 811.33,
    "dma200" : 814.00,
    "volume" : 7609.00
  }, {
    "date" : "2026-01-19",
    "price" : 758.75,
    "dma50" : 788.77,
    "dma100" : 810.02,
    "dma200" : 813.45,
    "volume" : 5471.00
  }, {
    "date" : "2026-01-20",
    "price" : 737.95,
    "dma50" : 786.77,
    "dma100" : 808.60,
    "dma200" : 812.70,
    "volume" : 7150.00
  }, {
    "date" : "2026-01-21",
    "price" : 739.80,
    "dma50" : 784.93,
    "dma100" : 807.24,
    "dma200" : 811.98,
    "volume" : 7209.00
  }, {
    "date" : "2026-01-22",
    "price" : 768.75,
    "dma50" : 784.30,
    "dma100" : 806.23,
    "dma200" : 811.55,
    "volume" : 8084.00
  }, {
    "date" : "2026-01-23",
    "price" : 740.20,
    "dma50" : 782.57,
    "dma100" : 805.19,
    "dma200" : 810.84,
    "volume" : 6217.00
  }, {
    "date" : "2026-01-27",
    "price" : 739.45,
    "dma50" : 780.88,
    "dma100" : 804.25,
    "dma200" : 810.13,
    "volume" : 7095.00
  }, {
    "date" : "2026-01-28",
    "price" : 743.40,
    "dma50" : 779.41,
    "dma100" : 803.15,
    "dma200" : 809.46,
    "volume" : 5992.00
  }, {
    "date" : "2026-01-29",
    "price" : 737.95,
    "dma50" : 777.78,
    "dma100" : 801.94,
    "dma200" : 808.75,
    "volume" : 6613.00
  }, {
    "date" : "2026-01-30",
    "price" : 737.20,
    "dma50" : 776.19,
    "dma100" : 800.82,
    "dma200" : 808.04,
    "volume" : 5463.00
  }, {
    "date" : "2026-02-01",
    "price" : 728.20,
    "dma50" : 774.31,
    "dma100" : 799.68,
    "dma200" : 807.24,
    "volume" : 8594.00
  }, {
    "date" : "2026-02-02",
    "price" : 729.85,
    "dma50" : 772.56,
    "dma100" : 798.33,
    "dma200" : 806.47,
    "volume" : 10959.00
  }, {
    "date" : "2026-02-03",
    "price" : 750.75,
    "dma50" : 771.71,
    "dma100" : 797.29,
    "dma200" : 805.92,
    "volume" : 6242.00
  }, {
    "date" : "2026-02-04",
    "price" : 770.75,
    "dma50" : 771.67,
    "dma100" : 796.45,
    "dma200" : 805.57,
    "volume" : 13377.00
  } ],
  "latestTechnicalAttributes" : {
    "date" : "2026-02-04",
    "price" : 770.75,
    "dma50" : 771.67,
    "dma100" : 796.45,
    "dma200" : 805.57,
    "volume" : 13377.00
  },
  "quarterlyResults" : [ {
    "date" : "2005-03-31",
    "sales" : 67.74,
    "salesGrowthYoY" : null,
    "grossProfitMargin" : 37.58,
    "grossProfit" : 25.46,
    "operatingProfitMargin" : 6.78,
    "operatingProfit" : 4.59,
    "netProfitMargin" : 2.38,
    "netProfit" : 1.61
  }, {
    "date" : "2005-06-30",
    "sales" : 63.25,
    "salesGrowthYoY" : null,
    "grossProfitMargin" : 35.73,
    "grossProfit" : 22.60,
    "operatingProfitMargin" : 7.10,
    "operatingProfit" : 4.49,
    "netProfitMargin" : 1.58,
    "netProfit" : 1.00
  }, {
    "date" : "2005-09-30",
    "sales" : 67.71,
    "salesGrowthYoY" : null,
    "grossProfitMargin" : 37.08,
    "grossProfit" : 25.11,
    "operatingProfitMargin" : 8.68,
    "operatingProfit" : 5.88,
    "netProfitMargin" : 3.31,
    "netProfit" : 2.24
  }, {
    "date" : "2005-12-31",
    "sales" : 72.48,
    "salesGrowthYoY" : null,
    "grossProfitMargin" : 36.29,
    "grossProfit" : 26.30,
    "operatingProfitMargin" : 10.02,
    "operatingProfit" : 7.26,
    "netProfitMargin" : 3.92,
    "netProfit" : 2.84
  }, {
    "date" : "2006-03-31",
    "sales" : 76.18,
    "salesGrowthYoY" : 12.46,
    "grossProfitMargin" : 38.51,
    "grossProfit" : 29.34,
    "operatingProfitMargin" : 11.47,
    "operatingProfit" : 8.74,
    "netProfitMargin" : 3.37,
    "netProfit" : 2.57
  }, {
    "date" : "2006-06-30",
    "sales" : 72.58,
    "salesGrowthYoY" : 14.75,
    "grossProfitMargin" : 37.71,
    "grossProfit" : 27.37,
    "operatingProfitMargin" : 8.31,
    "operatingProfit" : 6.03,
    "netProfitMargin" : 3.35,
    "netProfit" : 2.43
  }, {
    "date" : "2006-09-30",
    "sales" : 83.62,
    "salesGrowthYoY" : 23.50,
    "grossProfitMargin" : 35.91,
    "grossProfit" : 30.03,
    "operatingProfitMargin" : 9.34,
    "operatingProfit" : 7.81,
    "netProfitMargin" : 4.07,
    "netProfit" : 3.40
  }, {
    "date" : "2006-12-31",
    "sales" : 81.68,
    "salesGrowthYoY" : 12.69,
    "grossProfitMargin" : 37.61,
    "grossProfit" : 30.72,
    "operatingProfitMargin" : 8.83,
    "operatingProfit" : 7.21,
    "netProfitMargin" : 3.71,
    "netProfit" : 3.03
  }, {
    "date" : "2007-03-31",
    "sales" : 92.60,
    "salesGrowthYoY" : 21.55,
    "grossProfitMargin" : 37.98,
    "grossProfit" : 35.17,
    "operatingProfitMargin" : 8.53,
    "operatingProfit" : 7.90,
    "netProfitMargin" : 5.14,
    "netProfit" : 4.76
  }, {
    "date" : "2007-06-30",
    "sales" : 86.25,
    "salesGrowthYoY" : 18.83,
    "grossProfitMargin" : 36.28,
    "grossProfit" : 31.29,
    "operatingProfitMargin" : 7.27,
    "operatingProfit" : 6.27,
    "netProfitMargin" : 1.80,
    "netProfit" : 1.55
  }, {
    "date" : "2007-09-30",
    "sales" : 83.04,
    "salesGrowthYoY" : -0.69,
    "grossProfitMargin" : 35.30,
    "grossProfit" : 29.31,
    "operatingProfitMargin" : 3.93,
    "operatingProfit" : 3.26,
    "netProfitMargin" : -0.57,
    "netProfit" : -0.47
  }, {
    "date" : "2007-12-31",
    "sales" : 86.91,
    "salesGrowthYoY" : 6.40,
    "grossProfitMargin" : 32.25,
    "grossProfit" : 28.03,
    "operatingProfitMargin" : -0.28,
    "operatingProfit" : -0.24,
    "netProfitMargin" : -4.49,
    "netProfit" : -3.90
  }, {
    "date" : "2008-03-31",
    "sales" : 93.01,
    "salesGrowthYoY" : 0.44,
    "grossProfitMargin" : 35.76,
    "grossProfit" : 33.26,
    "operatingProfitMargin" : 0.82,
    "operatingProfit" : 0.76,
    "netProfitMargin" : 0.71,
    "netProfit" : 0.66
  }, {
    "date" : "2008-06-30",
    "sales" : 96.38,
    "salesGrowthYoY" : 11.74,
    "grossProfitMargin" : 35.33,
    "grossProfit" : 34.05,
    "operatingProfitMargin" : 5.06,
    "operatingProfit" : 4.88,
    "netProfitMargin" : 0.78,
    "netProfit" : 0.75
  }, {
    "date" : "2008-09-30",
    "sales" : 101.25,
    "salesGrowthYoY" : 21.93,
    "grossProfitMargin" : 33.82,
    "grossProfit" : 34.24,
    "operatingProfitMargin" : 3.66,
    "operatingProfit" : 3.71,
    "netProfitMargin" : -0.42,
    "netProfit" : -0.43
  }, {
    "date" : "2008-12-31",
    "sales" : 81.45,
    "salesGrowthYoY" : -6.28,
    "grossProfitMargin" : 36.54,
    "grossProfit" : 29.76,
    "operatingProfitMargin" : 2.05,
    "operatingProfit" : 1.67,
    "netProfitMargin" : -5.13,
    "netProfit" : -4.18
  }, {
    "date" : "2009-03-31",
    "sales" : 73.38,
    "salesGrowthYoY" : -21.11,
    "grossProfitMargin" : 38.05,
    "grossProfit" : 27.92,
    "operatingProfitMargin" : 3.68,
    "operatingProfit" : 2.70,
    "netProfitMargin" : 2.14,
    "netProfit" : 1.57
  }, {
    "date" : "2009-06-30",
    "sales" : 91.88,
    "salesGrowthYoY" : -4.67,
    "grossProfitMargin" : 35.43,
    "grossProfit" : 32.55,
    "operatingProfitMargin" : 7.21,
    "operatingProfit" : 6.62,
    "netProfitMargin" : 1.95,
    "netProfit" : 1.79
  }, {
    "date" : "2009-09-30",
    "sales" : 99.10,
    "salesGrowthYoY" : -2.12,
    "grossProfitMargin" : 34.28,
    "grossProfit" : 33.97,
    "operatingProfitMargin" : 8.31,
    "operatingProfit" : 8.24,
    "netProfitMargin" : 3.34,
    "netProfit" : 3.31
  }, {
    "date" : "2009-12-31",
    "sales" : 109.58,
    "salesGrowthYoY" : 34.54,
    "grossProfitMargin" : 35.33,
    "grossProfit" : 38.71,
    "operatingProfitMargin" : 8.00,
    "operatingProfit" : 8.77,
    "netProfitMargin" : 3.39,
    "netProfit" : 3.71
  }, {
    "date" : "2010-03-31",
    "sales" : 119.09,
    "salesGrowthYoY" : 62.29,
    "grossProfitMargin" : 35.19,
    "grossProfit" : 41.91,
    "operatingProfitMargin" : 8.15,
    "operatingProfit" : 9.71,
    "netProfitMargin" : 4.21,
    "netProfit" : 5.01
  }, {
    "date" : "2010-06-30",
    "sales" : 131.54,
    "salesGrowthYoY" : 43.16,
    "grossProfitMargin" : 34.67,
    "grossProfit" : 45.60,
    "operatingProfitMargin" : 7.26,
    "operatingProfit" : 9.55,
    "netProfitMargin" : 3.50,
    "netProfit" : 4.60
  }, {
    "date" : "2010-09-30",
    "sales" : 143.70,
    "salesGrowthYoY" : 45.01,
    "grossProfitMargin" : 35.98,
    "grossProfit" : 51.70,
    "operatingProfitMargin" : 8.68,
    "operatingProfit" : 12.47,
    "netProfitMargin" : 5.41,
    "netProfit" : 7.77
  }, {
    "date" : "2010-12-31",
    "sales" : 148.88,
    "salesGrowthYoY" : 35.86,
    "grossProfitMargin" : 34.83,
    "grossProfit" : 51.85,
    "operatingProfitMargin" : 8.66,
    "operatingProfit" : 12.89,
    "netProfitMargin" : 4.85,
    "netProfit" : 7.22
  }, {
    "date" : "2011-03-31",
    "sales" : 160.04,
    "salesGrowthYoY" : 34.39,
    "grossProfitMargin" : 33.04,
    "grossProfit" : 52.88,
    "operatingProfitMargin" : 8.80,
    "operatingProfit" : 14.08,
    "netProfitMargin" : 5.51,
    "netProfit" : 8.82
  }, {
    "date" : "2011-06-30",
    "sales" : 153.76,
    "salesGrowthYoY" : 16.89,
    "grossProfitMargin" : 33.92,
    "grossProfit" : 52.16,
    "operatingProfitMargin" : 7.98,
    "operatingProfit" : 12.27,
    "netProfitMargin" : 3.79,
    "netProfit" : 5.83
  }, {
    "date" : "2011-09-30",
    "sales" : 163.36,
    "salesGrowthYoY" : 13.68,
    "grossProfitMargin" : 34.76,
    "grossProfit" : 56.78,
    "operatingProfitMargin" : 9.32,
    "operatingProfit" : 15.23,
    "netProfitMargin" : 4.27,
    "netProfit" : 6.98
  }, {
    "date" : "2011-12-31",
    "sales" : 171.91,
    "salesGrowthYoY" : 15.47,
    "grossProfitMargin" : 34.48,
    "grossProfit" : 59.27,
    "operatingProfitMargin" : 9.21,
    "operatingProfit" : 15.83,
    "netProfitMargin" : 4.15,
    "netProfit" : 7.13
  }, {
    "date" : "2012-03-31",
    "sales" : 183.14,
    "salesGrowthYoY" : 14.43,
    "grossProfitMargin" : 35.80,
    "grossProfit" : 65.56,
    "operatingProfitMargin" : 10.22,
    "operatingProfit" : 18.72,
    "netProfitMargin" : 4.16,
    "netProfit" : 7.62
  }, {
    "date" : "2012-06-30",
    "sales" : 150.85,
    "salesGrowthYoY" : -1.89,
    "grossProfitMargin" : 38.45,
    "grossProfit" : 58.00,
    "operatingProfitMargin" : 6.62,
    "operatingProfit" : 9.99,
    "netProfitMargin" : 1.82,
    "netProfit" : 2.75
  }, {
    "date" : "2012-09-30",
    "sales" : 158.37,
    "salesGrowthYoY" : -3.05,
    "grossProfitMargin" : 35.11,
    "grossProfit" : 55.60,
    "operatingProfitMargin" : 9.52,
    "operatingProfit" : 15.08,
    "netProfitMargin" : 4.05,
    "netProfit" : 6.41
  }, {
    "date" : "2012-12-31",
    "sales" : 156.68,
    "salesGrowthYoY" : -8.86,
    "grossProfitMargin" : 37.40,
    "grossProfit" : 58.60,
    "operatingProfitMargin" : 9.08,
    "operatingProfit" : 14.23,
    "netProfitMargin" : 3.93,
    "netProfit" : 6.16
  }, {
    "date" : "2013-03-31",
    "sales" : 173.96,
    "salesGrowthYoY" : -5.01,
    "grossProfitMargin" : 37.39,
    "grossProfit" : 65.04,
    "operatingProfitMargin" : 9.81,
    "operatingProfit" : 17.07,
    "netProfitMargin" : 4.65,
    "netProfit" : 8.09
  }, {
    "date" : "2013-06-30",
    "sales" : 154.75,
    "salesGrowthYoY" : 2.59,
    "grossProfitMargin" : 37.76,
    "grossProfit" : 58.43,
    "operatingProfitMargin" : 7.81,
    "operatingProfit" : 12.09,
    "netProfitMargin" : 4.21,
    "netProfit" : 6.51
  }, {
    "date" : "2013-09-30",
    "sales" : 162.14,
    "salesGrowthYoY" : 2.38,
    "grossProfitMargin" : 37.66,
    "grossProfit" : 61.06,
    "operatingProfitMargin" : 8.11,
    "operatingProfit" : 13.15,
    "netProfitMargin" : 3.58,
    "netProfit" : 5.80
  }, {
    "date" : "2013-12-31",
    "sales" : 161.59,
    "salesGrowthYoY" : 3.13,
    "grossProfitMargin" : 38.17,
    "grossProfit" : 61.68,
    "operatingProfitMargin" : 8.72,
    "operatingProfit" : 14.09,
    "netProfitMargin" : 3.28,
    "netProfit" : 5.30
  }, {
    "date" : "2014-03-31",
    "sales" : 248.13,
    "salesGrowthYoY" : 42.64,
    "grossProfitMargin" : 46.52,
    "grossProfit" : 115.43,
    "operatingProfitMargin" : 11.66,
    "operatingProfit" : 28.93,
    "netProfitMargin" : 3.45,
    "netProfit" : 8.56
  }, {
    "date" : "2014-06-30",
    "sales" : 176.53,
    "salesGrowthYoY" : 14.07,
    "grossProfitMargin" : 41.27,
    "grossProfit" : 72.85,
    "operatingProfitMargin" : 8.94,
    "operatingProfit" : 15.78,
    "netProfitMargin" : 2.04,
    "netProfit" : 3.60
  }, {
    "date" : "2014-09-30",
    "sales" : 194.95,
    "salesGrowthYoY" : 20.24,
    "grossProfitMargin" : 41.57,
    "grossProfit" : 81.04,
    "operatingProfitMargin" : 8.46,
    "operatingProfit" : 16.49,
    "netProfitMargin" : 2.01,
    "netProfit" : 3.92
  }, {
    "date" : "2014-12-31",
    "sales" : 196.86,
    "salesGrowthYoY" : 21.83,
    "grossProfitMargin" : 41.06,
    "grossProfit" : 80.83,
    "operatingProfitMargin" : 7.23,
    "operatingProfit" : 14.23,
    "netProfitMargin" : 1.28,
    "netProfit" : 2.52
  }, {
    "date" : "2015-03-31",
    "sales" : 210.55,
    "salesGrowthYoY" : -15.15,
    "grossProfitMargin" : 41.58,
    "grossProfit" : 87.55,
    "operatingProfitMargin" : 10.50,
    "operatingProfit" : 22.11,
    "netProfitMargin" : 2.11,
    "netProfit" : 4.44
  }, {
    "date" : "2015-06-30",
    "sales" : 202.56,
    "salesGrowthYoY" : 14.75,
    "grossProfitMargin" : 40.04,
    "grossProfit" : 81.11,
    "operatingProfitMargin" : 8.88,
    "operatingProfit" : 17.99,
    "netProfitMargin" : 1.85,
    "netProfit" : 3.75
  }, {
    "date" : "2015-09-30",
    "sales" : 216.50,
    "salesGrowthYoY" : 11.05,
    "grossProfitMargin" : 40.61,
    "grossProfit" : 87.92,
    "operatingProfitMargin" : 9.68,
    "operatingProfit" : 20.96,
    "netProfitMargin" : 2.38,
    "netProfit" : 5.15
  }, {
    "date" : "2015-12-31",
    "sales" : 204.52,
    "salesGrowthYoY" : 3.89,
    "grossProfitMargin" : 41.47,
    "grossProfit" : 84.81,
    "operatingProfitMargin" : 8.63,
    "operatingProfit" : 17.65,
    "netProfitMargin" : 1.56,
    "netProfit" : 3.19
  }, {
    "date" : "2016-03-31",
    "sales" : 237.33,
    "salesGrowthYoY" : 12.72,
    "grossProfitMargin" : 42.27,
    "grossProfit" : 100.32,
    "operatingProfitMargin" : 9.24,
    "operatingProfit" : 21.93,
    "netProfitMargin" : 1.72,
    "netProfit" : 4.08
  }, {
    "date" : "2016-06-30",
    "sales" : 225.21,
    "salesGrowthYoY" : 11.18,
    "grossProfitMargin" : 42.68,
    "grossProfit" : 96.12,
    "operatingProfitMargin" : 9.65,
    "operatingProfit" : 21.73,
    "netProfitMargin" : 1.48,
    "netProfit" : 3.33
  }, {
    "date" : "2016-09-30",
    "sales" : 254.07,
    "salesGrowthYoY" : 17.35,
    "grossProfitMargin" : 39.10,
    "grossProfit" : 99.34,
    "operatingProfitMargin" : 10.43,
    "operatingProfit" : 26.50,
    "netProfitMargin" : 2.73,
    "netProfit" : 6.94
  }, {
    "date" : "2016-12-31",
    "sales" : 241.32,
    "salesGrowthYoY" : 17.99,
    "grossProfitMargin" : 42.73,
    "grossProfit" : 103.12,
    "operatingProfitMargin" : 8.48,
    "operatingProfit" : 20.46,
    "netProfitMargin" : 1.41,
    "netProfit" : 3.40
  }, {
    "date" : "2017-03-31",
    "sales" : 268.67,
    "salesGrowthYoY" : 13.21,
    "grossProfitMargin" : 38.88,
    "grossProfit" : 104.46,
    "operatingProfitMargin" : 10.17,
    "operatingProfit" : 27.32,
    "netProfitMargin" : 2.61,
    "netProfit" : 7.01
  }, {
    "date" : "2017-06-30",
    "sales" : 249.47,
    "salesGrowthYoY" : 10.77,
    "grossProfitMargin" : 37.19,
    "grossProfit" : 92.78,
    "operatingProfitMargin" : 9.11,
    "operatingProfit" : 22.73,
    "netProfitMargin" : 1.09,
    "netProfit" : 2.72
  }, {
    "date" : "2017-09-30",
    "sales" : 296.55,
    "salesGrowthYoY" : 16.72,
    "grossProfitMargin" : 38.81,
    "grossProfit" : 115.09,
    "operatingProfitMargin" : 10.70,
    "operatingProfit" : 31.73,
    "netProfitMargin" : 2.83,
    "netProfit" : 8.39
  }, {
    "date" : "2017-12-31",
    "sales" : 318.95,
    "salesGrowthYoY" : 32.17,
    "grossProfitMargin" : 39.69,
    "grossProfit" : 126.59,
    "operatingProfitMargin" : 11.83,
    "operatingProfit" : 37.73,
    "netProfitMargin" : 4.46,
    "netProfit" : 14.23
  }, {
    "date" : "2018-03-31",
    "sales" : 348.00,
    "salesGrowthYoY" : 29.53,
    "grossProfitMargin" : 38.48,
    "grossProfit" : 133.91,
    "operatingProfitMargin" : 11.97,
    "operatingProfit" : 41.66,
    "netProfitMargin" : 4.73,
    "netProfit" : 16.46
  }, {
    "date" : "2018-06-30",
    "sales" : 340.23,
    "salesGrowthYoY" : 36.38,
    "grossProfitMargin" : 36.15,
    "grossProfit" : 122.99,
    "operatingProfitMargin" : 9.33,
    "operatingProfit" : 31.74,
    "netProfitMargin" : 3.95,
    "netProfit" : 13.44
  }, {
    "date" : "2018-09-30",
    "sales" : 352.35,
    "salesGrowthYoY" : 18.82,
    "grossProfitMargin" : 37.16,
    "grossProfit" : 130.93,
    "operatingProfitMargin" : 10.58,
    "operatingProfit" : 37.28,
    "netProfitMargin" : 3.91,
    "netProfit" : 13.78
  }, {
    "date" : "2018-12-31",
    "sales" : 344.02,
    "salesGrowthYoY" : 7.86,
    "grossProfitMargin" : 37.50,
    "grossProfit" : 129.01,
    "operatingProfitMargin" : 10.96,
    "operatingProfit" : 37.70,
    "netProfitMargin" : 3.21,
    "netProfit" : 11.04
  }, {
    "date" : "2019-03-31",
    "sales" : 333.65,
    "salesGrowthYoY" : -4.12,
    "grossProfitMargin" : 36.33,
    "grossProfit" : 121.22,
    "operatingProfitMargin" : 10.33,
    "operatingProfit" : 34.47,
    "netProfitMargin" : 2.69,
    "netProfit" : 8.98
  }, {
    "date" : "2019-06-30",
    "sales" : 295.90,
    "salesGrowthYoY" : -13.03,
    "grossProfitMargin" : 36.75,
    "grossProfit" : 108.74,
    "operatingProfitMargin" : 8.18,
    "operatingProfit" : 24.20,
    "netProfitMargin" : 1.09,
    "netProfit" : 3.23
  }, {
    "date" : "2019-09-30",
    "sales" : 280.09,
    "salesGrowthYoY" : -20.51,
    "grossProfitMargin" : 35.73,
    "grossProfit" : 100.08,
    "operatingProfitMargin" : 7.82,
    "operatingProfit" : 21.90,
    "netProfitMargin" : 0.96,
    "netProfit" : 2.69
  }, {
    "date" : "2019-12-31",
    "sales" : 275.34,
    "salesGrowthYoY" : -19.96,
    "grossProfitMargin" : 36.88,
    "grossProfit" : 101.55,
    "operatingProfitMargin" : 7.17,
    "operatingProfit" : 19.74,
    "netProfitMargin" : 1.35,
    "netProfit" : 3.72
  }, {
    "date" : "2020-03-31",
    "sales" : 249.20,
    "salesGrowthYoY" : -25.31,
    "grossProfitMargin" : 37.30,
    "grossProfit" : 92.95,
    "operatingProfitMargin" : 5.59,
    "operatingProfit" : 13.93,
    "netProfitMargin" : 1.30,
    "netProfit" : 3.24
  }, {
    "date" : "2020-06-30",
    "sales" : 92.65,
    "salesGrowthYoY" : -68.69,
    "grossProfitMargin" : 33.39,
    "grossProfit" : 30.94,
    "operatingProfitMargin" : -17.37,
    "operatingProfit" : -16.09,
    "netProfitMargin" : -23.65,
    "netProfit" : -21.91
  }, {
    "date" : "2020-09-30",
    "sales" : 284.32,
    "salesGrowthYoY" : 1.51,
    "grossProfitMargin" : 37.12,
    "grossProfit" : 105.54,
    "operatingProfitMargin" : 9.81,
    "operatingProfit" : 27.89,
    "netProfitMargin" : 2.25,
    "netProfit" : 6.40
  }, {
    "date" : "2020-12-31",
    "sales" : 391.82,
    "salesGrowthYoY" : 42.30,
    "grossProfitMargin" : 36.28,
    "grossProfit" : 142.15,
    "operatingProfitMargin" : 11.17,
    "operatingProfit" : 43.77,
    "netProfitMargin" : 5.48,
    "netProfit" : 21.47
  }, {
    "date" : "2021-03-31",
    "sales" : 378.35,
    "salesGrowthYoY" : 51.83,
    "grossProfitMargin" : 35.89,
    "grossProfit" : 135.79,
    "operatingProfitMargin" : 6.23,
    "operatingProfit" : 23.57,
    "netProfitMargin" : 0.33,
    "netProfit" : 1.25
  }, {
    "date" : "2021-06-30",
    "sales" : 299.79,
    "salesGrowthYoY" : 223.57,
    "grossProfitMargin" : 36.73,
    "grossProfit" : 110.11,
    "operatingProfitMargin" : 5.59,
    "operatingProfit" : 16.76,
    "netProfitMargin" : 1.24,
    "netProfit" : 3.72
  }, {
    "date" : "2021-09-30",
    "sales" : 412.27,
    "salesGrowthYoY" : 45.00,
    "grossProfitMargin" : 35.54,
    "grossProfit" : 146.52,
    "operatingProfitMargin" : 7.36,
    "operatingProfit" : 30.34,
    "netProfitMargin" : 2.06,
    "netProfit" : 8.49
  }, {
    "date" : "2021-12-31",
    "sales" : 391.08,
    "salesGrowthYoY" : -0.19,
    "grossProfitMargin" : 35.21,
    "grossProfit" : 137.70,
    "operatingProfitMargin" : 7.23,
    "operatingProfit" : 28.28,
    "netProfitMargin" : 1.97,
    "netProfit" : 7.70
  }, {
    "date" : "2022-03-31",
    "sales" : 451.86,
    "salesGrowthYoY" : 19.43,
    "grossProfitMargin" : 34.14,
    "grossProfit" : 154.27,
    "operatingProfitMargin" : 9.35,
    "operatingProfit" : 42.25,
    "netProfitMargin" : 3.70,
    "netProfit" : 16.72
  }, {
    "date" : "2022-06-30",
    "sales" : 499.78,
    "salesGrowthYoY" : 66.71,
    "grossProfitMargin" : 35.66,
    "grossProfit" : 178.22,
    "operatingProfitMargin" : 9.36,
    "operatingProfit" : 46.78,
    "netProfitMargin" : 4.01,
    "netProfit" : 20.04
  }, {
    "date" : "2022-09-30",
    "sales" : 536.59,
    "salesGrowthYoY" : 30.15,
    "grossProfitMargin" : 34.50,
    "grossProfit" : 185.12,
    "operatingProfitMargin" : 8.07,
    "operatingProfit" : 43.30,
    "netProfitMargin" : 2.95,
    "netProfit" : 15.83
  }, {
    "date" : "2022-12-31",
    "sales" : 526.37,
    "salesGrowthYoY" : 34.59,
    "grossProfitMargin" : 35.77,
    "grossProfit" : 188.28,
    "operatingProfitMargin" : 10.18,
    "operatingProfit" : 53.58,
    "netProfitMargin" : 6.64,
    "netProfit" : 34.95
  }, {
    "date" : "2023-03-31",
    "sales" : 560.82,
    "salesGrowthYoY" : 24.11,
    "grossProfitMargin" : 34.63,
    "grossProfit" : 194.21,
    "operatingProfitMargin" : 10.16,
    "operatingProfit" : 56.98,
    "netProfitMargin" : 4.14,
    "netProfit" : 23.22
  }, {
    "date" : "2023-06-30",
    "sales" : 530.40,
    "salesGrowthYoY" : 6.13,
    "grossProfitMargin" : 36.75,
    "grossProfit" : 194.92,
    "operatingProfitMargin" : 9.46,
    "operatingProfit" : 50.18,
    "netProfitMargin" : 3.84,
    "netProfit" : 20.37
  }, {
    "date" : "2023-09-30",
    "sales" : 572.48,
    "salesGrowthYoY" : 6.69,
    "grossProfitMargin" : 35.83,
    "grossProfit" : 205.12,
    "operatingProfitMargin" : 9.11,
    "operatingProfit" : 52.15,
    "netProfitMargin" : 22.50,
    "netProfit" : 128.81
  }, {
    "date" : "2023-12-31",
    "sales" : 521.05,
    "salesGrowthYoY" : -1.01,
    "grossProfitMargin" : 36.53,
    "grossProfit" : 190.34,
    "operatingProfitMargin" : 9.62,
    "operatingProfit" : 50.13,
    "netProfitMargin" : 2.16,
    "netProfit" : 11.25
  }, {
    "date" : "2024-03-31",
    "sales" : 853.09,
    "salesGrowthYoY" : 52.11,
    "grossProfitMargin" : 41.84,
    "grossProfit" : 356.93,
    "operatingProfitMargin" : 8.35,
    "operatingProfit" : 71.23,
    "netProfitMargin" : 2.10,
    "netProfit" : 17.91
  }, {
    "date" : "2024-06-30",
    "sales" : 817.65,
    "salesGrowthYoY" : 54.16,
    "grossProfitMargin" : 42.15,
    "grossProfit" : 344.64,
    "operatingProfitMargin" : 8.41,
    "operatingProfit" : 68.76,
    "netProfitMargin" : 2.28,
    "netProfit" : 18.64
  }, {
    "date" : "2024-09-30",
    "sales" : 849.26,
    "salesGrowthYoY" : 48.35,
    "grossProfitMargin" : 43.06,
    "grossProfit" : 365.69,
    "operatingProfitMargin" : 8.73,
    "operatingProfit" : 74.14,
    "netProfitMargin" : 2.35,
    "netProfit" : 19.96
  }, {
    "date" : "2024-12-31",
    "sales" : 837.37,
    "salesGrowthYoY" : 60.71,
    "grossProfitMargin" : 42.06,
    "grossProfit" : 352.20,
    "operatingProfitMargin" : 8.17,
    "operatingProfit" : 68.41,
    "netProfitMargin" : 0.31,
    "netProfit" : 2.60
  }, {
    "date" : "2025-03-31",
    "sales" : 901.64,
    "salesGrowthYoY" : 5.69,
    "grossProfitMargin" : 42.22,
    "grossProfit" : 380.67,
    "operatingProfitMargin" : 8.83,
    "operatingProfit" : 79.61,
    "netProfitMargin" : 1.04,
    "netProfit" : 9.38
  }, {
    "date" : "2025-06-30",
    "sales" : 880.88,
    "salesGrowthYoY" : 7.73,
    "grossProfitMargin" : 42.03,
    "grossProfit" : 370.23,
    "operatingProfitMargin" : 8.59,
    "operatingProfit" : 75.67,
    "netProfitMargin" : 2.21,
    "netProfit" : 19.47
  }, {
    "date" : "2025-09-30",
    "sales" : 919.52,
    "salesGrowthYoY" : 8.27,
    "grossProfitMargin" : 41.48,
    "grossProfit" : 381.42,
    "operatingProfitMargin" : 8.60,
    "operatingProfit" : 79.08,
    "netProfitMargin" : 2.61,
    "netProfit" : 24.00
  }, {
    "date" : "2025-12-31",
    "sales" : 1015.15,
    "salesGrowthYoY" : 21.23,
    "grossProfitMargin" : 40.26,
    "grossProfit" : 408.70,
    "operatingProfitMargin" : 9.05,
    "operatingProfit" : 91.87,
    "netProfitMargin" : 3.28,
    "netProfit" : 33.30
  } ],
  "latestQuarterlyResult" : {
    "date" : "2025-12-31",
    "sales" : 1015.15,
    "salesGrowthYoY" : 21.23,
    "grossProfitMargin" : 40.26,
    "grossProfit" : 408.70,
    "operatingProfitMargin" : 9.05,
    "operatingProfit" : 91.87,
    "netProfitMargin" : 3.28,
    "netProfit" : 33.30
  },
  "companyScore" : {
    "priceHigherThanDma50" : 0.00,
    "priceHigherThanDma100" : 0.00,
    "priceHigherThanDma200" : 0.00,
    "dma50HigherThanDma100" : 0.00,
    "dma50HigherThanDma200" : 0.00,
    "dma100HigherThanDma200" : 0.00,
    "pricePercentageAboveDma50" : 5.01,
    "pricePercentageAboveDma100" : 5.16,
    "pricePercentageAboveDma200" : 5.22,
    "weeklyVolumeHigherThanYearlyVolume" : 0.00,
    "salesGrowthPercentile" : 13.50,
    "operatingProfitMarginPercentile" : 18.01,
    "netProfitMarginPercentile" : 5.84,
    "totalTechnicalScore" : 15.38,
    "totalFundamentalScore" : 37.34,
    "totalScore" : 52.73
  }
}