{
  "metadata" : {
    "screenerCompanyId" : "2788",
    "companyCode" : "ROHLTD",
    "companyName" : "Royal Orch.Hotel",
    "screenerCompanyLink" : "https://www.screener.in/company/ROHLTD/consolidated/",
    "screenerTechnicalHistoryLink" : "https://www.screener.in/api/company/2788/chart/?q=Price-DMA50-DMA200-Volume&days=365",
    "screenerQuarterlyResultsLink" : "https://www.screener.in/api/company/2788/chart/?q=GPM-OPM-NPM-Quarter+Sales&days=10000",
    "attributes" : {
      "companyCode" : "ROHLTD",
      "companyName" : "Royal Orch.Hotel",
      "marketCap" : 1028.00,
      "peRatio" : 27.50,
      "description" : "Incorporated in 1986, Royal Orchid Hotels Ltd operates and manages hotels/ resorts and provides related services, through its portfolio of hotel properties[1]"
    },
    "companyScore" : {
      "priceHigherThanDma50" : 0.00,
      "priceHigherThanDma100" : 0.00,
      "priceHigherThanDma200" : 0.00,
      "dma50HigherThanDma100" : 0.00,
      "dma50HigherThanDma200" : 0.00,
      "dma100HigherThanDma200" : 5.00,
      "pricePercentageAboveDma50" : 5.20,
      "pricePercentageAboveDma100" : 5.65,
      "pricePercentageAboveDma200" : 5.46,
      "weeklyVolumeHigherThanYearlyVolume" : 0.00,
      "salesGrowthPercentile" : 7.34,
      "operatingProfitMarginPercentile" : 17.32,
      "netProfitMarginPercentile" : 8.27,
      "totalTechnicalScore" : 21.30,
      "totalFundamentalScore" : 32.93,
      "totalScore" : 54.24
    }
  },
  "attributes" : {
    "companyCode" : "ROHLTD",
    "companyName" : "Royal Orch.Hotel",
    "marketCap" : 1028.00,
    "peRatio" : 27.50,
    "description" : "Incorporated in 1986, Royal Orchid Hotels Ltd operates and manages hotels/ resorts and provides related services, through its portfolio of hotel properties[1]"
  },
  "technicalHistory" : [ {
    "date" : "2025-02-17",
    "price" : 341.15,
    "dma50" : 348.29,
    "dma100" : null,
    "dma200" : 348.17,
    "volume" : 104411.00
  }, {
    "date" : "2025-02-18",
    "price" : 339.60,
    "dma50" : 347.95,
    "dma100" : null,
    "dma200" : 348.08,
    "volume" : 31981.00
  }, {
    "date" : "2025-02-19",
    "price" : 372.30,
    "dma50" : 348.90,
    "dma100" : null,
    "dma200" : 348.32,
    "volume" : 152644.00
  }, {
    "date" : "2025-02-20",
    "price" : 376.60,
    "dma50" : 349.99,
    "dma100" : null,
    "dma200" : 348.60,
    "volume" : 219801.00
  }, {
    "date" : "2025-02-21",
    "price" : 381.75,
    "dma50" : 351.24,
    "dma100" : null,
    "dma200" : 348.93,
    "volume" : 455039.00
  }, {
    "date" : "2025-02-24",
    "price" : 378.40,
    "dma50" : 352.30,
    "dma100" : null,
    "dma200" : 349.23,
    "volume" : 161668.00
  }, {
    "date" : "2025-02-25",
    "price" : 378.75,
    "dma50" : 353.34,
    "dma100" : null,
    "dma200" : 349.52,
    "volume" : 145239.00
  }, {
    "date" : "2025-02-27",
    "price" : 362.75,
    "dma50" : 353.71,
    "dma100" : null,
    "dma200" : 349.65,
    "volume" : 103702.00
  }, {
    "date" : "2025-02-28",
    "price" : 350.95,
    "dma50" : 353.60,
    "dma100" : null,
    "dma200" : 349.66,
    "volume" : 74537.00
  }, {
    "date" : "2025-03-03",
    "price" : 343.95,
    "dma50" : 353.22,
    "dma100" : null,
    "dma200" : 349.61,
    "volume" : 58860.00
  }, {
    "date" : "2025-03-04",
    "price" : 352.85,
    "dma50" : 353.21,
    "dma100" : null,
    "dma200" : 349.64,
    "volume" : 72096.00
  }, {
    "date" : "2025-03-05",
    "price" : 379.35,
    "dma50" : 354.23,
    "dma100" : null,
    "dma200" : 349.94,
    "volume" : 97675.00
  }, {
    "date" : "2025-03-06",
    "price" : 387.65,
    "dma50" : 355.54,
    "dma100" : null,
    "dma200" : 350.31,
    "volume" : 105548.00
  }, {
    "date" : "2025-03-07",
    "price" : 393.70,
    "dma50" : 357.04,
    "dma100" : null,
    "dma200" : 350.74,
    "volume" : 207094.00
  }, {
    "date" : "2025-03-10",
    "price" : 379.75,
    "dma50" : 357.93,
    "dma100" : null,
    "dma200" : 351.03,
    "volume" : 63049.00
  }, {
    "date" : "2025-03-11",
    "price" : 376.25,
    "dma50" : 358.65,
    "dma100" : null,
    "dma200" : 351.28,
    "volume" : 49085.00
  }, {
    "date" : "2025-03-12",
    "price" : 390.60,
    "dma50" : 359.90,
    "dma100" : null,
    "dma200" : 351.67,
    "volume" : 135059.00
  }, {
    "date" : "2025-03-13",
    "price" : 389.60,
    "dma50" : 361.07,
    "dma100" : null,
    "dma200" : 352.05,
    "volume" : 85319.00
  }, {
    "date" : "2025-03-17",
    "price" : 408.05,
    "dma50" : 362.91,
    "dma100" : null,
    "dma200" : 352.61,
    "volume" : 516764.00
  }, {
    "date" : "2025-03-18",
    "price" : 409.55,
    "dma50" : 364.74,
    "dma100" : null,
    "dma200" : 353.17,
    "volume" : 301714.00
  }, {
    "date" : "2025-03-19",
    "price" : 414.45,
    "dma50" : 366.69,
    "dma100" : null,
    "dma200" : 353.78,
    "volume" : 229650.00
  }, {
    "date" : "2025-03-20",
    "price" : 412.00,
    "dma50" : 368.46,
    "dma100" : null,
    "dma200" : 354.36,
    "volume" : 155922.00
  }, {
    "date" : "2025-03-21",
    "price" : 420.10,
    "dma50" : 370.49,
    "dma100" : null,
    "dma200" : 355.02,
    "volume" : 137339.00
  }, {
    "date" : "2025-03-24",
    "price" : 415.70,
    "dma50" : 372.26,
    "dma100" : null,
    "dma200" : 355.62,
    "volume" : 108021.00
  }, {
    "date" : "2025-03-25",
    "price" : 405.20,
    "dma50" : 373.55,
    "dma100" : null,
    "dma200" : 356.11,
    "volume" : 108375.00
  }, {
    "date" : "2025-03-26",
    "price" : 392.30,
    "dma50" : 374.29,
    "dma100" : null,
    "dma200" : 356.47,
    "volume" : 133840.00
  }, {
    "date" : "2025-03-27",
    "price" : 384.30,
    "dma50" : 374.68,
    "dma100" : null,
    "dma200" : 356.75,
    "volume" : 107464.00
  }, {
    "date" : "2025-03-28",
    "price" : 390.25,
    "dma50" : 375.29,
    "dma100" : null,
    "dma200" : 357.08,
    "volume" : 125097.00
  }, {
    "date" : "2025-04-01",
    "price" : 412.60,
    "dma50" : 376.75,
    "dma100" : null,
    "dma200" : 357.64,
    "volume" : 369871.00
  }, {
    "date" : "2025-04-02",
    "price" : 411.35,
    "dma50" : 378.11,
    "dma100" : null,
    "dma200" : 358.17,
    "volume" : 78380.00
  }, {
    "date" : "2025-04-03",
    "price" : 416.45,
    "dma50" : 379.61,
    "dma100" : null,
    "dma200" : 358.75,
    "volume" : 72824.00
  }, {
    "date" : "2025-04-04",
    "price" : 390.55,
    "dma50" : 380.04,
    "dma100" : null,
    "dma200" : 359.07,
    "volume" : 330915.00
  }, {
    "date" : "2025-04-07",
    "price" : 361.55,
    "dma50" : 379.32,
    "dma100" : null,
    "dma200" : 359.09,
    "volume" : 285930.00
  }, {
    "date" : "2025-04-08",
    "price" : 371.35,
    "dma50" : 379.01,
    "dma100" : null,
    "dma200" : 359.21,
    "volume" : 103932.00
  }, {
    "date" : "2025-04-09",
    "price" : 367.95,
    "dma50" : 378.57,
    "dma100" : null,
    "dma200" : 359.30,
    "volume" : 27144.00
  }, {
    "date" : "2025-04-11",
    "price" : 381.05,
    "dma50" : 378.67,
    "dma100" : null,
    "dma200" : 359.52,
    "volume" : 54975.00
  }, {
    "date" : "2025-04-15",
    "price" : 388.75,
    "dma50" : 379.06,
    "dma100" : null,
    "dma200" : 359.81,
    "volume" : 78322.00
  }, {
    "date" : "2025-04-16",
    "price" : 390.70,
    "dma50" : 379.52,
    "dma100" : null,
    "dma200" : 360.12,
    "volume" : 40667.00
  }, {
    "date" : "2025-04-17",
    "price" : 391.95,
    "dma50" : 380.01,
    "dma100" : null,
    "dma200" : 360.43,
    "volume" : 88331.00
  }, {
    "date" : "2025-04-21",
    "price" : 396.00,
    "dma50" : 380.64,
    "dma100" : null,
    "dma200" : 360.79,
    "volume" : 143299.00
  }, {
    "date" : "2025-04-22",
    "price" : 393.70,
    "dma50" : 381.15,
    "dma100" : null,
    "dma200" : 361.11,
    "volume" : 47216.00
  }, {
    "date" : "2025-04-23",
    "price" : 397.95,
    "dma50" : 381.81,
    "dma100" : null,
    "dma200" : 361.48,
    "volume" : 74812.00
  }, {
    "date" : "2025-04-24",
    "price" : 401.45,
    "dma50" : 382.58,
    "dma100" : null,
    "dma200" : 361.88,
    "volume" : 190138.00
  }, {
    "date" : "2025-04-25",
    "price" : 386.95,
    "dma50" : 382.75,
    "dma100" : null,
    "dma200" : 362.13,
    "volume" : 106868.00
  }, {
    "date" : "2025-04-28",
    "price" : 384.05,
    "dma50" : 382.80,
    "dma100" : null,
    "dma200" : 362.35,
    "volume" : 73681.00
  }, {
    "date" : "2025-04-29",
    "price" : 380.80,
    "dma50" : 382.72,
    "dma100" : null,
    "dma200" : 362.53,
    "volume" : 75298.00
  }, {
    "date" : "2025-04-30",
    "price" : 368.70,
    "dma50" : 382.17,
    "dma100" : null,
    "dma200" : 362.59,
    "volume" : 54531.00
  }, {
    "date" : "2025-05-02",
    "price" : 366.40,
    "dma50" : 381.55,
    "dma100" : null,
    "dma200" : 362.63,
    "volume" : 44036.00
  }, {
    "date" : "2025-05-05",
    "price" : 367.25,
    "dma50" : 380.99,
    "dma100" : null,
    "dma200" : 362.67,
    "volume" : 40532.00
  }, {
    "date" : "2025-05-06",
    "price" : 356.00,
    "dma50" : 380.01,
    "dma100" : null,
    "dma200" : 362.61,
    "volume" : 123571.00
  }, {
    "date" : "2025-05-07",
    "price" : 358.30,
    "dma50" : 379.16,
    "dma100" : null,
    "dma200" : 362.57,
    "volume" : 45866.00
  }, {
    "date" : "2025-05-08",
    "price" : 346.90,
    "dma50" : 377.90,
    "dma100" : null,
    "dma200" : 362.41,
    "volume" : 28661.00
  }, {
    "date" : "2025-05-09",
    "price" : 343.30,
    "dma50" : 376.54,
    "dma100" : null,
    "dma200" : 362.22,
    "volume" : 61155.00
  }, {
    "date" : "2025-05-12",
    "price" : 364.65,
    "dma50" : 376.07,
    "dma100" : null,
    "dma200" : 362.24,
    "volume" : 47028.00
  }, {
    "date" : "2025-05-13",
    "price" : 364.35,
    "dma50" : 375.61,
    "dma100" : null,
    "dma200" : 362.26,
    "volume" : 45172.00
  }, {
    "date" : "2025-05-14",
    "price" : 367.65,
    "dma50" : 375.30,
    "dma100" : null,
    "dma200" : 362.32,
    "volume" : 33396.00
  }, {
    "date" : "2025-05-15",
    "price" : 375.00,
    "dma50" : 375.29,
    "dma100" : null,
    "dma200" : 362.44,
    "volume" : 58593.00
  }, {
    "date" : "2025-05-16",
    "price" : 387.15,
    "dma50" : 375.75,
    "dma100" : null,
    "dma200" : 362.69,
    "volume" : 274531.00
  }, {
    "date" : "2025-05-19",
    "price" : 389.30,
    "dma50" : 376.29,
    "dma100" : null,
    "dma200" : 362.96,
    "volume" : 47296.00
  }, {
    "date" : "2025-05-20",
    "price" : 376.95,
    "dma50" : 376.31,
    "dma100" : null,
    "dma200" : 363.09,
    "volume" : 71490.00
  }, {
    "date" : "2025-05-21",
    "price" : 376.60,
    "dma50" : 376.32,
    "dma100" : null,
    "dma200" : 363.23,
    "volume" : 51132.00
  }, {
    "date" : "2025-05-22",
    "price" : 381.45,
    "dma50" : 376.52,
    "dma100" : null,
    "dma200" : 363.41,
    "volume" : 28375.00
  }, {
    "date" : "2025-05-23",
    "price" : 383.40,
    "dma50" : 376.79,
    "dma100" : null,
    "dma200" : 363.61,
    "volume" : 38069.00
  }, {
    "date" : "2025-05-26",
    "price" : 383.85,
    "dma50" : 377.07,
    "dma100" : null,
    "dma200" : 363.81,
    "volume" : 65663.00
  }, {
    "date" : "2025-05-27",
    "price" : 373.75,
    "dma50" : 376.94,
    "dma100" : null,
    "dma200" : 363.91,
    "volume" : 230526.00
  }, {
    "date" : "2025-05-28",
    "price" : 362.25,
    "dma50" : 376.36,
    "dma100" : null,
    "dma200" : 363.89,
    "volume" : 111580.00
  }, {
    "date" : "2025-05-29",
    "price" : 368.15,
    "dma50" : 376.04,
    "dma100" : null,
    "dma200" : 363.94,
    "volume" : 68160.00
  }, {
    "date" : "2025-05-30",
    "price" : 361.05,
    "dma50" : 375.45,
    "dma100" : null,
    "dma200" : 363.91,
    "volume" : 49671.00
  }, {
    "date" : "2025-06-02",
    "price" : 358.45,
    "dma50" : 374.79,
    "dma100" : null,
    "dma200" : 363.85,
    "volume" : 153901.00
  }, {
    "date" : "2025-06-03",
    "price" : 355.20,
    "dma50" : 374.02,
    "dma100" : null,
    "dma200" : 363.77,
    "volume" : 24789.00
  }, {
    "date" : "2025-06-04",
    "price" : 359.55,
    "dma50" : 373.45,
    "dma100" : null,
    "dma200" : 363.72,
    "volume" : 35922.00
  }, {
    "date" : "2025-06-05",
    "price" : 366.30,
    "dma50" : 373.17,
    "dma100" : null,
    "dma200" : 363.75,
    "volume" : 65732.00
  }, {
    "date" : "2025-06-06",
    "price" : 367.50,
    "dma50" : 372.95,
    "dma100" : null,
    "dma200" : 363.79,
    "volume" : 22633.00
  }, {
    "date" : "2025-06-09",
    "price" : 373.85,
    "dma50" : 372.98,
    "dma100" : null,
    "dma200" : 363.89,
    "volume" : 130609.00
  }, {
    "date" : "2025-06-10",
    "price" : 375.40,
    "dma50" : 373.08,
    "dma100" : null,
    "dma200" : 364.00,
    "volume" : 86451.00
  }, {
    "date" : "2025-06-11",
    "price" : 398.80,
    "dma50" : 374.09,
    "dma100" : null,
    "dma200" : 364.35,
    "volume" : 428481.00
  }, {
    "date" : "2025-06-12",
    "price" : 391.40,
    "dma50" : 374.77,
    "dma100" : null,
    "dma200" : 364.62,
    "volume" : 240965.00
  }, {
    "date" : "2025-06-13",
    "price" : 386.50,
    "dma50" : 375.23,
    "dma100" : null,
    "dma200" : 364.83,
    "volume" : 98913.00
  }, {
    "date" : "2025-06-16",
    "price" : 389.40,
    "dma50" : 375.78,
    "dma100" : null,
    "dma200" : 365.08,
    "volume" : 47398.00
  }, {
    "date" : "2025-06-17",
    "price" : 381.45,
    "dma50" : 376.00,
    "dma100" : null,
    "dma200" : 365.24,
    "volume" : 95803.00
  }, {
    "date" : "2025-06-18",
    "price" : 380.70,
    "dma50" : 376.19,
    "dma100" : null,
    "dma200" : 365.40,
    "volume" : 38068.00
  }, {
    "date" : "2025-06-19",
    "price" : 376.70,
    "dma50" : 376.21,
    "dma100" : null,
    "dma200" : 365.51,
    "volume" : 55771.00
  }, {
    "date" : "2025-06-20",
    "price" : 378.65,
    "dma50" : 376.30,
    "dma100" : null,
    "dma200" : 365.64,
    "volume" : 31414.00
  }, {
    "date" : "2025-06-23",
    "price" : 382.45,
    "dma50" : 376.55,
    "dma100" : null,
    "dma200" : 365.81,
    "volume" : 33340.00
  }, {
    "date" : "2025-06-24",
    "price" : 384.05,
    "dma50" : 376.84,
    "dma100" : null,
    "dma200" : 365.99,
    "volume" : 29290.00
  }, {
    "date" : "2025-06-25",
    "price" : 385.80,
    "dma50" : 377.19,
    "dma100" : null,
    "dma200" : 366.19,
    "volume" : 28453.00
  }, {
    "date" : "2025-06-26",
    "price" : 385.70,
    "dma50" : 377.52,
    "dma100" : null,
    "dma200" : 366.38,
    "volume" : 32286.00
  }, {
    "date" : "2025-06-27",
    "price" : 388.10,
    "dma50" : 377.94,
    "dma100" : null,
    "dma200" : 366.60,
    "volume" : 44746.00
  }, {
    "date" : "2025-06-30",
    "price" : 385.25,
    "dma50" : 378.23,
    "dma100" : null,
    "dma200" : 366.78,
    "volume" : 88655.00
  }, {
    "date" : "2025-07-01",
    "price" : 384.70,
    "dma50" : 378.48,
    "dma100" : null,
    "dma200" : 366.96,
    "volume" : 29263.00
  }, {
    "date" : "2025-07-02",
    "price" : 392.00,
    "dma50" : 379.01,
    "dma100" : null,
    "dma200" : 367.21,
    "volume" : 79341.00
  }, {
    "date" : "2025-07-03",
    "price" : 390.90,
    "dma50" : 379.48,
    "dma100" : null,
    "dma200" : 367.44,
    "volume" : 55376.00
  }, {
    "date" : "2025-07-04",
    "price" : 389.75,
    "dma50" : 379.88,
    "dma100" : null,
    "dma200" : 367.67,
    "volume" : 26244.00
  }, {
    "date" : "2025-07-07",
    "price" : 385.35,
    "dma50" : 380.09,
    "dma100" : null,
    "dma200" : 367.84,
    "volume" : 21086.00
  }, {
    "date" : "2025-07-08",
    "price" : 389.75,
    "dma50" : 380.47,
    "dma100" : null,
    "dma200" : 368.06,
    "volume" : 37514.00
  }, {
    "date" : "2025-07-09",
    "price" : 389.45,
    "dma50" : 380.82,
    "dma100" : null,
    "dma200" : 368.27,
    "volume" : 40792.00
  }, {
    "date" : "2025-07-10",
    "price" : 390.70,
    "dma50" : 381.21,
    "dma100" : null,
    "dma200" : 368.50,
    "volume" : 33684.00
  }, {
    "date" : "2025-07-11",
    "price" : 395.70,
    "dma50" : 381.78,
    "dma100" : null,
    "dma200" : 368.77,
    "volume" : 350604.00
  }, {
    "date" : "2025-07-14",
    "price" : 399.95,
    "dma50" : 382.49,
    "dma100" : null,
    "dma200" : 369.08,
    "volume" : 75738.00
  }, {
    "date" : "2025-07-15",
    "price" : 402.30,
    "dma50" : 383.27,
    "dma100" : null,
    "dma200" : 369.41,
    "volume" : 46839.00
  }, {
    "date" : "2025-07-16",
    "price" : 409.55,
    "dma50" : 384.30,
    "dma100" : 382.06,
    "dma200" : 369.81,
    "volume" : 77203.00
  }, {
    "date" : "2025-07-17",
    "price" : 414.05,
    "dma50" : 385.47,
    "dma100" : 382.80,
    "dma200" : 370.25,
    "volume" : 97180.00
  }, {
    "date" : "2025-07-18",
    "price" : 428.70,
    "dma50" : 387.16,
    "dma100" : 383.36,
    "dma200" : 370.83,
    "volume" : 375069.00
  }, {
    "date" : "2025-07-21",
    "price" : 437.80,
    "dma50" : 389.15,
    "dma100" : 383.98,
    "dma200" : 371.50,
    "volume" : 376536.00
  }, {
    "date" : "2025-07-22",
    "price" : 437.30,
    "dma50" : 391.04,
    "dma100" : 384.53,
    "dma200" : 372.15,
    "volume" : 123169.00
  }, {
    "date" : "2025-07-23",
    "price" : 435.50,
    "dma50" : 392.78,
    "dma100" : 385.10,
    "dma200" : 372.78,
    "volume" : 97438.00
  }, {
    "date" : "2025-07-24",
    "price" : 428.00,
    "dma50" : 394.16,
    "dma100" : 385.60,
    "dma200" : 373.33,
    "volume" : 66184.00
  }, {
    "date" : "2025-07-25",
    "price" : 423.05,
    "dma50" : 395.29,
    "dma100" : 386.20,
    "dma200" : 373.82,
    "volume" : 57186.00
  }, {
    "date" : "2025-07-28",
    "price" : 418.75,
    "dma50" : 396.21,
    "dma100" : 386.88,
    "dma200" : 374.27,
    "volume" : 54980.00
  }, {
    "date" : "2025-07-29",
    "price" : 431.95,
    "dma50" : 397.62,
    "dma100" : 387.76,
    "dma200" : 374.85,
    "volume" : 60586.00
  }, {
    "date" : "2025-07-30",
    "price" : 431.35,
    "dma50" : 398.94,
    "dma100" : 388.54,
    "dma200" : 375.41,
    "volume" : 43869.00
  }, {
    "date" : "2025-07-31",
    "price" : 424.05,
    "dma50" : 399.92,
    "dma100" : 388.99,
    "dma200" : 375.89,
    "volume" : 36382.00
  }, {
    "date" : "2025-08-01",
    "price" : 390.60,
    "dma50" : 399.56,
    "dma100" : 389.02,
    "dma200" : 376.04,
    "volume" : 253001.00
  }, {
    "date" : "2025-08-04",
    "price" : 398.85,
    "dma50" : 399.53,
    "dma100" : 389.07,
    "dma200" : 376.27,
    "volume" : 41173.00
  }, {
    "date" : "2025-08-05",
    "price" : 395.85,
    "dma50" : 399.39,
    "dma100" : 389.23,
    "dma200" : 376.46,
    "volume" : 31385.00
  }, {
    "date" : "2025-08-06",
    "price" : 399.95,
    "dma50" : 399.41,
    "dma100" : 389.47,
    "dma200" : 376.69,
    "volume" : 28222.00
  }, {
    "date" : "2025-08-07",
    "price" : 406.05,
    "dma50" : 399.67,
    "dma100" : 389.62,
    "dma200" : 376.99,
    "volume" : 33201.00
  }, {
    "date" : "2025-08-08",
    "price" : 402.85,
    "dma50" : 399.79,
    "dma100" : 389.75,
    "dma200" : 377.24,
    "volume" : 28444.00
  }, {
    "date" : "2025-08-11",
    "price" : 404.70,
    "dma50" : 399.99,
    "dma100" : 389.72,
    "dma200" : 377.52,
    "volume" : 32618.00
  }, {
    "date" : "2025-08-12",
    "price" : 404.75,
    "dma50" : 400.17,
    "dma100" : 389.67,
    "dma200" : 377.79,
    "volume" : 38032.00
  }, {
    "date" : "2025-08-13",
    "price" : 410.60,
    "dma50" : 400.58,
    "dma100" : 389.63,
    "dma200" : 378.11,
    "volume" : 47985.00
  }, {
    "date" : "2025-08-14",
    "price" : 407.95,
    "dma50" : 400.87,
    "dma100" : 389.59,
    "dma200" : 378.41,
    "volume" : 92581.00
  }, {
    "date" : "2025-08-18",
    "price" : 416.75,
    "dma50" : 401.49,
    "dma100" : 389.56,
    "dma200" : 378.79,
    "volume" : 66930.00
  }, {
    "date" : "2025-08-19",
    "price" : 419.90,
    "dma50" : 402.21,
    "dma100" : 389.60,
    "dma200" : 379.20,
    "volume" : 74044.00
  }, {
    "date" : "2025-08-20",
    "price" : 424.55,
    "dma50" : 403.09,
    "dma100" : 389.80,
    "dma200" : 379.65,
    "volume" : 224812.00
  }, {
    "date" : "2025-08-21",
    "price" : 428.75,
    "dma50" : 404.10,
    "dma100" : 390.16,
    "dma200" : 380.14,
    "volume" : 55857.00
  }, {
    "date" : "2025-08-22",
    "price" : 482.70,
    "dma50" : 407.18,
    "dma100" : 391.14,
    "dma200" : 381.16,
    "volume" : 12623909.00
  }, {
    "date" : "2025-08-25",
    "price" : 502.25,
    "dma50" : 410.91,
    "dma100" : 392.26,
    "dma200" : 382.37,
    "volume" : 2272031.00
  }, {
    "date" : "2025-08-26",
    "price" : 502.10,
    "dma50" : 414.48,
    "dma100" : 393.16,
    "dma200" : 383.56,
    "volume" : 615292.00
  }, {
    "date" : "2025-08-28",
    "price" : 526.70,
    "dma50" : 418.88,
    "dma100" : 394.31,
    "dma200" : 384.98,
    "volume" : 1607901.00
  }, {
    "date" : "2025-08-29",
    "price" : 536.90,
    "dma50" : 423.51,
    "dma100" : 395.52,
    "dma200" : 386.49,
    "volume" : 839626.00
  }, {
    "date" : "2025-09-01",
    "price" : 494.50,
    "dma50" : 426.30,
    "dma100" : 396.56,
    "dma200" : 387.57,
    "volume" : 843461.00
  }, {
    "date" : "2025-09-02",
    "price" : 560.95,
    "dma50" : 431.58,
    "dma100" : 398.55,
    "dma200" : 389.29,
    "volume" : 1045034.00
  }, {
    "date" : "2025-09-03",
    "price" : 553.25,
    "dma50" : 436.35,
    "dma100" : 400.37,
    "dma200" : 390.92,
    "volume" : 700648.00
  }, {
    "date" : "2025-09-04",
    "price" : 550.85,
    "dma50" : 440.84,
    "dma100" : 402.20,
    "dma200" : 392.52,
    "volume" : 276739.00
  }, {
    "date" : "2025-09-05",
    "price" : 542.70,
    "dma50" : 444.83,
    "dma100" : 403.81,
    "dma200" : 394.01,
    "volume" : 136824.00
  }, {
    "date" : "2025-09-08",
    "price" : 526.00,
    "dma50" : 448.02,
    "dma100" : 405.19,
    "dma200" : 395.32,
    "volume" : 219949.00
  }, {
    "date" : "2025-09-09",
    "price" : 532.55,
    "dma50" : 451.33,
    "dma100" : 406.61,
    "dma200" : 396.69,
    "volume" : 127825.00
  }, {
    "date" : "2025-09-10",
    "price" : 529.70,
    "dma50" : 454.40,
    "dma100" : 407.98,
    "dma200" : 398.01,
    "volume" : 85580.00
  }, {
    "date" : "2025-09-11",
    "price" : 502.90,
    "dma50" : 456.31,
    "dma100" : 409.05,
    "dma200" : 399.06,
    "volume" : 419949.00
  }, {
    "date" : "2025-09-12",
    "price" : 505.20,
    "dma50" : 458.22,
    "dma100" : 410.17,
    "dma200" : 400.11,
    "volume" : 294190.00
  }, {
    "date" : "2025-09-15",
    "price" : 508.80,
    "dma50" : 460.21,
    "dma100" : 411.28,
    "dma200" : 401.19,
    "volume" : 120052.00
  }, {
    "date" : "2025-09-16",
    "price" : 516.75,
    "dma50" : 462.42,
    "dma100" : 412.43,
    "dma200" : 402.34,
    "volume" : 213141.00
  }, {
    "date" : "2025-09-17",
    "price" : 508.40,
    "dma50" : 464.23,
    "dma100" : 413.64,
    "dma200" : 403.40,
    "volume" : 68733.00
  }, {
    "date" : "2025-09-18",
    "price" : 508.15,
    "dma50" : 465.95,
    "dma100" : 414.88,
    "dma200" : 404.44,
    "volume" : 90400.00
  }, {
    "date" : "2025-09-19",
    "price" : 504.20,
    "dma50" : 467.45,
    "dma100" : 416.12,
    "dma200" : 405.43,
    "volume" : 70185.00
  }, {
    "date" : "2025-09-22",
    "price" : 513.35,
    "dma50" : 469.25,
    "dma100" : 417.57,
    "dma200" : 406.51,
    "volume" : 99363.00
  }, {
    "date" : "2025-09-23",
    "price" : 545.75,
    "dma50" : 472.25,
    "dma100" : 419.36,
    "dma200" : 407.89,
    "volume" : 676895.00
  }, {
    "date" : "2025-09-24",
    "price" : 545.80,
    "dma50" : 475.13,
    "dma100" : 421.14,
    "dma200" : 409.27,
    "volume" : 231293.00
  }, {
    "date" : "2025-09-25",
    "price" : 536.80,
    "dma50" : 477.55,
    "dma100" : 422.95,
    "dma200" : 410.53,
    "volume" : 96423.00
  }, {
    "date" : "2025-09-26",
    "price" : 520.30,
    "dma50" : 479.23,
    "dma100" : 424.57,
    "dma200" : 411.63,
    "volume" : 88876.00
  }, {
    "date" : "2025-09-29",
    "price" : 521.60,
    "dma50" : 480.89,
    "dma100" : 426.32,
    "dma200" : 412.72,
    "volume" : 97633.00
  }, {
    "date" : "2025-09-30",
    "price" : 525.10,
    "dma50" : 482.62,
    "dma100" : 428.14,
    "dma200" : 413.84,
    "volume" : 137996.00
  }, {
    "date" : "2025-10-01",
    "price" : 528.35,
    "dma50" : 484.42,
    "dma100" : 429.77,
    "dma200" : 414.98,
    "volume" : 71547.00
  }, {
    "date" : "2025-10-03",
    "price" : 535.35,
    "dma50" : 486.41,
    "dma100" : 431.48,
    "dma200" : 416.18,
    "volume" : 65919.00
  }, {
    "date" : "2025-10-06",
    "price" : 526.40,
    "dma50" : 487.98,
    "dma100" : 433.07,
    "dma200" : 417.27,
    "volume" : 354375.00
  }, {
    "date" : "2025-10-07",
    "price" : 525.65,
    "dma50" : 489.46,
    "dma100" : 434.58,
    "dma200" : 418.35,
    "volume" : 170436.00
  }, {
    "date" : "2025-10-08",
    "price" : 525.25,
    "dma50" : 490.86,
    "dma100" : 435.96,
    "dma200" : 419.42,
    "volume" : 86155.00
  }, {
    "date" : "2025-10-09",
    "price" : 517.05,
    "dma50" : 491.89,
    "dma100" : 437.24,
    "dma200" : 420.39,
    "volume" : 89810.00
  }, {
    "date" : "2025-10-10",
    "price" : 513.20,
    "dma50" : 492.73,
    "dma100" : 438.60,
    "dma200" : 421.31,
    "volume" : 57685.00
  }, {
    "date" : "2025-10-13",
    "price" : 501.80,
    "dma50" : 493.08,
    "dma100" : 439.85,
    "dma200" : 422.11,
    "volume" : 127770.00
  }, {
    "date" : "2025-10-14",
    "price" : 493.30,
    "dma50" : 493.09,
    "dma100" : 440.97,
    "dma200" : 422.82,
    "volume" : 87353.00
  }, {
    "date" : "2025-10-15",
    "price" : 504.50,
    "dma50" : 493.54,
    "dma100" : 442.18,
    "dma200" : 423.63,
    "volume" : 46143.00
  }, {
    "date" : "2025-10-16",
    "price" : 504.05,
    "dma50" : 493.95,
    "dma100" : 443.38,
    "dma200" : 424.43,
    "volume" : 29933.00
  }, {
    "date" : "2025-10-17",
    "price" : 495.60,
    "dma50" : 494.01,
    "dma100" : 444.60,
    "dma200" : 425.14,
    "volume" : 37001.00
  }, {
    "date" : "2025-10-20",
    "price" : 501.65,
    "dma50" : 494.31,
    "dma100" : 446.00,
    "dma200" : 425.90,
    "volume" : 26374.00
  }, {
    "date" : "2025-10-21",
    "price" : 510.80,
    "dma50" : 494.96,
    "dma100" : 447.42,
    "dma200" : 426.75,
    "volume" : 71116.00
  }, {
    "date" : "2025-10-23",
    "price" : 496.65,
    "dma50" : 495.03,
    "dma100" : 448.78,
    "dma200" : 427.44,
    "volume" : 68068.00
  }, {
    "date" : "2025-10-24",
    "price" : 491.55,
    "dma50" : 494.89,
    "dma100" : 450.11,
    "dma200" : 428.08,
    "volume" : 44220.00
  }, {
    "date" : "2025-10-27",
    "price" : 490.95,
    "dma50" : 494.74,
    "dma100" : 451.47,
    "dma200" : 428.71,
    "volume" : 35532.00
  }, {
    "date" : "2025-10-28",
    "price" : 489.95,
    "dma50" : 494.55,
    "dma100" : 452.77,
    "dma200" : 429.31,
    "volume" : 36977.00
  }, {
    "date" : "2025-10-29",
    "price" : 489.85,
    "dma50" : 494.36,
    "dma100" : 454.01,
    "dma200" : 429.92,
    "volume" : 27213.00
  }, {
    "date" : "2025-10-30",
    "price" : 483.85,
    "dma50" : 493.95,
    "dma100" : 455.17,
    "dma200" : 430.45,
    "volume" : 44913.00
  }, {
    "date" : "2025-10-31",
    "price" : 478.45,
    "dma50" : 493.34,
    "dma100" : 456.22,
    "dma200" : 430.93,
    "volume" : 31558.00
  }, {
    "date" : "2025-11-03",
    "price" : 474.80,
    "dma50" : 492.62,
    "dma100" : 457.21,
    "dma200" : 431.37,
    "volume" : 31298.00
  }, {
    "date" : "2025-11-04",
    "price" : 482.25,
    "dma50" : 492.21,
    "dma100" : 458.04,
    "dma200" : 431.87,
    "volume" : 27239.00
  }, {
    "date" : "2025-11-06",
    "price" : 467.70,
    "dma50" : 491.25,
    "dma100" : 458.81,
    "dma200" : 432.23,
    "volume" : 49942.00
  }, {
    "date" : "2025-11-07",
    "price" : 463.10,
    "dma50" : 490.15,
    "dma100" : 459.57,
    "dma200" : 432.54,
    "volume" : 63347.00
  }, {
    "date" : "2025-11-10",
    "price" : 449.75,
    "dma50" : 488.56,
    "dma100" : 460.18,
    "dma200" : 432.71,
    "volume" : 70869.00
  }, {
    "date" : "2025-11-11",
    "price" : 443.90,
    "dma50" : 486.81,
    "dma100" : 460.80,
    "dma200" : 432.82,
    "volume" : 66126.00
  }, {
    "date" : "2025-11-12",
    "price" : 450.10,
    "dma50" : 485.37,
    "dma100" : 461.49,
    "dma200" : 432.99,
    "volume" : 41909.00
  }, {
    "date" : "2025-11-13",
    "price" : 421.75,
    "dma50" : 482.88,
    "dma100" : 461.95,
    "dma200" : 432.88,
    "volume" : 157191.00
  }, {
    "date" : "2025-11-14",
    "price" : 424.70,
    "dma50" : 480.59,
    "dma100" : 462.41,
    "dma200" : 432.80,
    "volume" : 62253.00
  }, {
    "date" : "2025-11-17",
    "price" : 433.95,
    "dma50" : 478.76,
    "dma100" : 462.92,
    "dma200" : 432.81,
    "volume" : 66109.00
  }, {
    "date" : "2025-11-18",
    "price" : 422.35,
    "dma50" : 476.55,
    "dma100" : 463.30,
    "dma200" : 432.71,
    "volume" : 45867.00
  }, {
    "date" : "2025-11-19",
    "price" : 419.65,
    "dma50" : 474.32,
    "dma100" : 463.64,
    "dma200" : 432.58,
    "volume" : 30254.00
  }, {
    "date" : "2025-11-20",
    "price" : 412.65,
    "dma50" : 471.90,
    "dma100" : 463.91,
    "dma200" : 432.38,
    "volume" : 49636.00
  }, {
    "date" : "2025-11-21",
    "price" : 405.40,
    "dma50" : 469.29,
    "dma100" : 464.08,
    "dma200" : 432.11,
    "volume" : 55216.00
  }, {
    "date" : "2025-11-24",
    "price" : 393.00,
    "dma50" : 466.30,
    "dma100" : 464.16,
    "dma200" : 431.72,
    "volume" : 53325.00
  }, {
    "date" : "2025-11-25",
    "price" : 397.25,
    "dma50" : 463.59,
    "dma100" : 464.29,
    "dma200" : 431.38,
    "volume" : 40306.00
  }, {
    "date" : "2025-11-26",
    "price" : 409.95,
    "dma50" : 461.49,
    "dma100" : 464.47,
    "dma200" : 431.16,
    "volume" : 30015.00
  }, {
    "date" : "2025-11-27",
    "price" : 417.75,
    "dma50" : 459.78,
    "dma100" : 464.74,
    "dma200" : 431.03,
    "volume" : 211353.00
  }, {
    "date" : "2025-11-28",
    "price" : 420.40,
    "dma50" : 458.23,
    "dma100" : 465.04,
    "dma200" : 430.93,
    "volume" : 42367.00
  }, {
    "date" : "2025-12-01",
    "price" : 419.05,
    "dma50" : 456.69,
    "dma100" : 465.38,
    "dma200" : 430.81,
    "volume" : 39390.00
  }, {
    "date" : "2025-12-02",
    "price" : 418.15,
    "dma50" : 455.18,
    "dma100" : 465.66,
    "dma200" : 430.68,
    "volume" : 34310.00
  }, {
    "date" : "2025-12-03",
    "price" : 415.20,
    "dma50" : 453.62,
    "dma100" : 465.92,
    "dma200" : 430.53,
    "volume" : 36107.00
  }, {
    "date" : "2025-12-04",
    "price" : 412.80,
    "dma50" : 452.01,
    "dma100" : 466.14,
    "dma200" : 430.35,
    "volume" : 18895.00
  }, {
    "date" : "2025-12-05",
    "price" : 408.35,
    "dma50" : 450.30,
    "dma100" : 466.27,
    "dma200" : 430.13,
    "volume" : 53288.00
  }, {
    "date" : "2025-12-08",
    "price" : 387.80,
    "dma50" : 447.85,
    "dma100" : 466.15,
    "dma200" : 429.71,
    "volume" : 166517.00
  }, {
    "date" : "2025-12-09",
    "price" : 388.00,
    "dma50" : 445.50,
    "dma100" : 466.00,
    "dma200" : 429.30,
    "volume" : 190010.00
  }, {
    "date" : "2025-12-10",
    "price" : 381.25,
    "dma50" : 442.98,
    "dma100" : 465.72,
    "dma200" : 428.82,
    "volume" : 69711.00
  }, {
    "date" : "2025-12-11",
    "price" : 379.75,
    "dma50" : 440.50,
    "dma100" : 465.38,
    "dma200" : 428.33,
    "volume" : 54840.00
  }, {
    "date" : "2025-12-12",
    "price" : 383.25,
    "dma50" : 438.26,
    "dma100" : 464.92,
    "dma200" : 427.88,
    "volume" : 75179.00
  }, {
    "date" : "2025-12-15",
    "price" : 382.40,
    "dma50" : 436.07,
    "dma100" : 464.37,
    "dma200" : 427.43,
    "volume" : 26172.00
  }, {
    "date" : "2025-12-16",
    "price" : 380.35,
    "dma50" : 433.88,
    "dma100" : 463.80,
    "dma200" : 426.96,
    "volume" : 25340.00
  }, {
    "date" : "2025-12-17",
    "price" : 386.00,
    "dma50" : 432.01,
    "dma100" : 463.30,
    "dma200" : 426.55,
    "volume" : 78400.00
  }, {
    "date" : "2025-12-18",
    "price" : 385.25,
    "dma50" : 430.17,
    "dma100" : 462.88,
    "dma200" : 426.14,
    "volume" : 45142.00
  }, {
    "date" : "2025-12-19",
    "price" : 394.75,
    "dma50" : 428.78,
    "dma100" : 462.59,
    "dma200" : 425.83,
    "volume" : 29387.00
  }, {
    "date" : "2025-12-22",
    "price" : 405.80,
    "dma50" : 427.88,
    "dma100" : 462.46,
    "dma200" : 425.63,
    "volume" : 49956.00
  }, {
    "date" : "2025-12-23",
    "price" : 411.75,
    "dma50" : 427.25,
    "dma100" : 462.26,
    "dma200" : 425.49,
    "volume" : 55841.00
  }, {
    "date" : "2025-12-24",
    "price" : 406.30,
    "dma50" : 426.43,
    "dma100" : 462.01,
    "dma200" : 425.30,
    "volume" : 28694.00
  }, {
    "date" : "2025-12-26",
    "price" : 408.25,
    "dma50" : 425.71,
    "dma100" : 461.85,
    "dma200" : 425.13,
    "volume" : 49404.00
  }, {
    "date" : "2025-12-29",
    "price" : 413.50,
    "dma50" : 425.24,
    "dma100" : 462.08,
    "dma200" : 425.02,
    "volume" : 63780.00
  }, {
    "date" : "2025-12-30",
    "price" : 415.85,
    "dma50" : 424.87,
    "dma100" : 462.25,
    "dma200" : 424.92,
    "volume" : 23171.00
  }, {
    "date" : "2025-12-31",
    "price" : 417.35,
    "dma50" : 424.57,
    "dma100" : 462.47,
    "dma200" : 424.85,
    "volume" : 28656.00
  }, {
    "date" : "2026-01-01",
    "price" : 415.10,
    "dma50" : 424.20,
    "dma100" : 462.62,
    "dma200" : 424.75,
    "volume" : 17736.00
  }, {
    "date" : "2026-01-02",
    "price" : 414.15,
    "dma50" : 423.81,
    "dma100" : 462.70,
    "dma200" : 424.65,
    "volume" : 16741.00
  }, {
    "date" : "2026-01-05",
    "price" : 409.40,
    "dma50" : 423.24,
    "dma100" : 462.77,
    "dma200" : 424.49,
    "volume" : 22127.00
  }, {
    "date" : "2026-01-06",
    "price" : 397.85,
    "dma50" : 422.25,
    "dma100" : 462.70,
    "dma200" : 424.23,
    "volume" : 25696.00
  }, {
    "date" : "2026-01-07",
    "price" : 397.45,
    "dma50" : 421.27,
    "dma100" : 462.62,
    "dma200" : 423.96,
    "volume" : 25685.00
  }, {
    "date" : "2026-01-08",
    "price" : 388.80,
    "dma50" : 420.00,
    "dma100" : 462.41,
    "dma200" : 423.61,
    "volume" : 29361.00
  }, {
    "date" : "2026-01-09",
    "price" : 379.15,
    "dma50" : 418.40,
    "dma100" : 462.12,
    "dma200" : 423.17,
    "volume" : 41429.00
  }, {
    "date" : "2026-01-12",
    "price" : 373.90,
    "dma50" : 416.65,
    "dma100" : 461.69,
    "dma200" : 422.68,
    "volume" : 55026.00
  }, {
    "date" : "2026-01-13",
    "price" : 380.15,
    "dma50" : 415.22,
    "dma100" : 461.29,
    "dma200" : 422.26,
    "volume" : 60369.00
  }, {
    "date" : "2026-01-14",
    "price" : 392.30,
    "dma50" : 414.32,
    "dma100" : 460.97,
    "dma200" : 421.96,
    "volume" : 68759.00
  }, {
    "date" : "2026-01-16",
    "price" : 396.35,
    "dma50" : 413.62,
    "dma100" : 460.65,
    "dma200" : 421.70,
    "volume" : 31920.00
  }, {
    "date" : "2026-01-19",
    "price" : 385.55,
    "dma50" : 412.52,
    "dma100" : 459.67,
    "dma200" : 421.34,
    "volume" : 25164.00
  }, {
    "date" : "2026-01-20",
    "price" : 377.85,
    "dma50" : 411.16,
    "dma100" : 458.43,
    "dma200" : 420.91,
    "volume" : 42930.00
  }, {
    "date" : "2026-01-21",
    "price" : 370.00,
    "dma50" : 409.54,
    "dma100" : 457.11,
    "dma200" : 420.41,
    "volume" : 48603.00
  }, {
    "date" : "2026-01-22",
    "price" : 363.95,
    "dma50" : 407.76,
    "dma100" : 455.48,
    "dma200" : 419.84,
    "volume" : 33939.00
  }, {
    "date" : "2026-01-23",
    "price" : 353.25,
    "dma50" : 405.62,
    "dma100" : 453.65,
    "dma200" : 419.18,
    "volume" : 47946.00
  }, {
    "date" : "2026-01-27",
    "price" : 349.90,
    "dma50" : 403.43,
    "dma100" : 452.20,
    "dma200" : 418.49,
    "volume" : 45239.00
  }, {
    "date" : "2026-01-28",
    "price" : 366.25,
    "dma50" : 401.98,
    "dma100" : 450.25,
    "dma200" : 417.97,
    "volume" : 38619.00
  }, {
    "date" : "2026-01-29",
    "price" : 355.10,
    "dma50" : 400.14,
    "dma100" : 448.27,
    "dma200" : 417.35,
    "volume" : 57385.00
  }, {
    "date" : "2026-01-30",
    "price" : 358.85,
    "dma50" : 398.52,
    "dma100" : 446.35,
    "dma200" : 416.76,
    "volume" : 18264.00
  }, {
    "date" : "2026-02-01",
    "price" : 355.95,
    "dma50" : 396.85,
    "dma100" : 444.48,
    "dma200" : 416.16,
    "volume" : 23564.00
  }, {
    "date" : "2026-02-02",
    "price" : 348.30,
    "dma50" : 394.94,
    "dma100" : 442.71,
    "dma200" : 415.48,
    "volume" : 90590.00
  }, {
    "date" : "2026-02-03",
    "price" : 358.65,
    "dma50" : 393.52,
    "dma100" : 440.97,
    "dma200" : 414.92,
    "volume" : 72178.00
  }, {
    "date" : "2026-02-04",
    "price" : 368.85,
    "dma50" : 392.55,
    "dma100" : 439.36,
    "dma200" : 414.46,
    "volume" : 45067.00
  }, {
    "date" : "2026-02-05",
    "price" : 371.10,
    "dma50" : 391.71,
    "dma100" : 438.04,
    "dma200" : 414.03,
    "volume" : 61891.00
  }, {
    "date" : "2026-02-06",
    "price" : 374.65,
    "dma50" : 391.04,
    "dma100" : 436.74,
    "dma200" : 413.64,
    "volume" : 25765.00
  }, {
    "date" : "2026-02-09",
    "price" : 387.10,
    "dma50" : 390.89,
    "dma100" : 435.52,
    "dma200" : 413.37,
    "volume" : 60047.00
  }, {
    "date" : "2026-02-10",
    "price" : 396.80,
    "dma50" : 391.12,
    "dma100" : 434.32,
    "dma200" : 413.21,
    "volume" : 62319.00
  }, {
    "date" : "2026-02-11",
    "price" : 392.20,
    "dma50" : 391.16,
    "dma100" : 433.16,
    "dma200" : 413.00,
    "volume" : 27469.00
  }, {
    "date" : "2026-02-12",
    "price" : 384.85,
    "dma50" : 390.92,
    "dma100" : 431.92,
    "dma200" : 412.72,
    "volume" : 36067.00
  }, {
    "date" : "2026-02-13",
    "price" : 374.80,
    "dma50" : 390.28,
    "dma100" : 430.63,
    "dma200" : 412.34,
    "volume" : 32203.00
  } ],
  "latestTechnicalAttributes" : {
    "date" : "2026-02-13",
    "price" : 374.80,
    "dma50" : 390.28,
    "dma100" : 430.63,
    "dma200" : 412.34,
    "volume" : 32203.00
  },
  "quarterlyResults" : [ {
    "date" : "2005-06-30",
    "sales" : 11.07,
    "salesGrowthYoY" : null,
    "grossProfitMargin" : 86.63,
    "grossProfit" : 9.59,
    "operatingProfitMargin" : 50.59,
    "operatingProfit" : 5.60,
    "netProfitMargin" : 37.40,
    "netProfit" : 4.14
  }, {
    "date" : "2005-09-30",
    "sales" : 13.01,
    "salesGrowthYoY" : null,
    "grossProfitMargin" : 87.39,
    "grossProfit" : 11.37,
    "operatingProfitMargin" : 44.27,
    "operatingProfit" : 5.76,
    "netProfitMargin" : 27.98,
    "netProfit" : 3.64
  }, {
    "date" : "2005-12-31",
    "sales" : 16.05,
    "salesGrowthYoY" : null,
    "grossProfitMargin" : 87.17,
    "grossProfit" : 13.99,
    "operatingProfitMargin" : 51.09,
    "operatingProfit" : 8.20,
    "netProfitMargin" : 36.39,
    "netProfit" : 5.84
  }, {
    "date" : "2006-03-31",
    "sales" : 19.12,
    "salesGrowthYoY" : null,
    "grossProfitMargin" : 88.76,
    "grossProfit" : 16.97,
    "operatingProfitMargin" : 52.51,
    "operatingProfit" : 10.04,
    "netProfitMargin" : 41.21,
    "netProfit" : 7.88
  }, {
    "date" : "2006-06-30",
    "sales" : 18.92,
    "salesGrowthYoY" : 70.91,
    "grossProfitMargin" : 86.79,
    "grossProfit" : 16.42,
    "operatingProfitMargin" : 51.11,
    "operatingProfit" : 9.67,
    "netProfitMargin" : 42.81,
    "netProfit" : 8.10
  }, {
    "date" : "2006-09-30",
    "sales" : 18.02,
    "salesGrowthYoY" : 38.51,
    "grossProfitMargin" : 91.68,
    "grossProfit" : 16.52,
    "operatingProfitMargin" : 40.73,
    "operatingProfit" : 7.34,
    "netProfitMargin" : 37.07,
    "netProfit" : 6.68
  }, {
    "date" : "2006-12-31",
    "sales" : 20.23,
    "salesGrowthYoY" : 26.04,
    "grossProfitMargin" : 91.15,
    "grossProfit" : 18.44,
    "operatingProfitMargin" : 51.41,
    "operatingProfit" : 10.40,
    "netProfitMargin" : 42.07,
    "netProfit" : 8.51
  }, {
    "date" : "2007-03-31",
    "sales" : 23.97,
    "salesGrowthYoY" : 25.37,
    "grossProfitMargin" : 93.58,
    "grossProfit" : 22.43,
    "operatingProfitMargin" : 54.32,
    "operatingProfit" : 13.02,
    "netProfitMargin" : 44.31,
    "netProfit" : 10.62
  }, {
    "date" : "2007-06-30",
    "sales" : 19.01,
    "salesGrowthYoY" : 0.48,
    "grossProfitMargin" : 91.00,
    "grossProfit" : 17.30,
    "operatingProfitMargin" : 47.66,
    "operatingProfit" : 9.06,
    "netProfitMargin" : 37.56,
    "netProfit" : 7.14
  }, {
    "date" : "2007-09-30",
    "sales" : 19.04,
    "salesGrowthYoY" : 5.66,
    "grossProfitMargin" : 90.91,
    "grossProfit" : 17.31,
    "operatingProfitMargin" : 43.59,
    "operatingProfit" : 8.30,
    "netProfitMargin" : 39.08,
    "netProfit" : 7.44
  }, {
    "date" : "2007-12-31",
    "sales" : 21.62,
    "salesGrowthYoY" : 6.87,
    "grossProfitMargin" : 90.66,
    "grossProfit" : 19.60,
    "operatingProfitMargin" : 46.39,
    "operatingProfit" : 10.03,
    "netProfitMargin" : 36.49,
    "netProfit" : 7.89
  }, {
    "date" : "2008-03-31",
    "sales" : 26.36,
    "salesGrowthYoY" : 9.97,
    "grossProfitMargin" : 100.00,
    "grossProfit" : 26.36,
    "operatingProfitMargin" : 44.35,
    "operatingProfit" : 11.69,
    "netProfitMargin" : 31.18,
    "netProfit" : 8.22
  }, {
    "date" : "2008-06-30",
    "sales" : 26.81,
    "salesGrowthYoY" : 41.03,
    "grossProfitMargin" : 100.00,
    "grossProfit" : 26.81,
    "operatingProfitMargin" : 38.64,
    "operatingProfit" : 10.36,
    "netProfitMargin" : 25.40,
    "netProfit" : 6.81
  }, {
    "date" : "2008-09-30",
    "sales" : 24.22,
    "salesGrowthYoY" : 27.21,
    "grossProfitMargin" : 90.92,
    "grossProfit" : 22.02,
    "operatingProfitMargin" : 33.44,
    "operatingProfit" : 8.10,
    "netProfitMargin" : 20.85,
    "netProfit" : 5.05
  }, {
    "date" : "2008-12-31",
    "sales" : 24.10,
    "salesGrowthYoY" : 11.47,
    "grossProfitMargin" : 91.33,
    "grossProfit" : 22.01,
    "operatingProfitMargin" : 33.78,
    "operatingProfit" : 8.14,
    "netProfitMargin" : 19.54,
    "netProfit" : 4.71
  }, {
    "date" : "2009-03-31",
    "sales" : 19.18,
    "salesGrowthYoY" : -27.24,
    "grossProfitMargin" : 100.00,
    "grossProfit" : 19.18,
    "operatingProfitMargin" : 24.19,
    "operatingProfit" : 4.64,
    "netProfitMargin" : 14.18,
    "netProfit" : 2.72
  }, {
    "date" : "2009-06-30",
    "sales" : 17.84,
    "salesGrowthYoY" : -33.46,
    "grossProfitMargin" : 89.13,
    "grossProfit" : 15.90,
    "operatingProfitMargin" : 19.51,
    "operatingProfit" : 3.48,
    "netProfitMargin" : 8.74,
    "netProfit" : 1.56
  }, {
    "date" : "2009-09-30",
    "sales" : 18.39,
    "salesGrowthYoY" : -24.07,
    "grossProfitMargin" : 89.61,
    "grossProfit" : 16.48,
    "operatingProfitMargin" : 20.39,
    "operatingProfit" : 3.75,
    "netProfitMargin" : 10.22,
    "netProfit" : 1.88
  }, {
    "date" : "2009-12-31",
    "sales" : 20.17,
    "salesGrowthYoY" : -16.31,
    "grossProfitMargin" : 87.85,
    "grossProfit" : 17.72,
    "operatingProfitMargin" : 23.20,
    "operatingProfit" : 4.68,
    "netProfitMargin" : 10.41,
    "netProfit" : 2.10
  }, {
    "date" : "2010-03-31",
    "sales" : 21.43,
    "salesGrowthYoY" : 11.73,
    "grossProfitMargin" : 89.22,
    "grossProfit" : 19.12,
    "operatingProfitMargin" : 29.30,
    "operatingProfit" : 6.28,
    "netProfitMargin" : 12.74,
    "netProfit" : 2.73
  }, {
    "date" : "2010-06-30",
    "sales" : 20.61,
    "salesGrowthYoY" : 15.53,
    "grossProfitMargin" : 88.45,
    "grossProfit" : 18.23,
    "operatingProfitMargin" : 15.87,
    "operatingProfit" : 3.27,
    "netProfitMargin" : 11.64,
    "netProfit" : 2.40
  }, {
    "date" : "2010-09-30",
    "sales" : 21.58,
    "salesGrowthYoY" : 17.35,
    "grossProfitMargin" : 89.16,
    "grossProfit" : 19.24,
    "operatingProfitMargin" : 24.42,
    "operatingProfit" : 5.27,
    "netProfitMargin" : 12.60,
    "netProfit" : 2.72
  }, {
    "date" : "2010-12-31",
    "sales" : 24.84,
    "salesGrowthYoY" : 23.15,
    "grossProfitMargin" : 89.21,
    "grossProfit" : 22.16,
    "operatingProfitMargin" : 25.56,
    "operatingProfit" : 6.35,
    "netProfitMargin" : 13.16,
    "netProfit" : 3.27
  }, {
    "date" : "2011-03-31",
    "sales" : 25.84,
    "salesGrowthYoY" : 20.58,
    "grossProfitMargin" : 90.17,
    "grossProfit" : 23.30,
    "operatingProfitMargin" : 21.44,
    "operatingProfit" : 5.54,
    "netProfitMargin" : 4.91,
    "netProfit" : 1.27
  }, {
    "date" : "2011-06-30",
    "sales" : 21.50,
    "salesGrowthYoY" : 4.32,
    "grossProfitMargin" : 79.49,
    "grossProfit" : 17.09,
    "operatingProfitMargin" : 15.07,
    "operatingProfit" : 3.24,
    "netProfitMargin" : 7.16,
    "netProfit" : 1.54
  }, {
    "date" : "2011-09-30",
    "sales" : 21.08,
    "salesGrowthYoY" : -2.32,
    "grossProfitMargin" : 79.89,
    "grossProfit" : 16.84,
    "operatingProfitMargin" : 7.83,
    "operatingProfit" : 1.65,
    "netProfitMargin" : -0.81,
    "netProfit" : -0.17
  }, {
    "date" : "2011-12-31",
    "sales" : 24.21,
    "salesGrowthYoY" : -2.54,
    "grossProfitMargin" : 80.34,
    "grossProfit" : 19.45,
    "operatingProfitMargin" : 18.26,
    "operatingProfit" : 4.42,
    "netProfitMargin" : 10.57,
    "netProfit" : 2.56
  }, {
    "date" : "2012-03-31",
    "sales" : 26.49,
    "salesGrowthYoY" : 2.52,
    "grossProfitMargin" : 79.61,
    "grossProfit" : 21.09,
    "operatingProfitMargin" : 1.70,
    "operatingProfit" : 0.45,
    "netProfitMargin" : -10.31,
    "netProfit" : -2.73
  }, {
    "date" : "2012-06-30",
    "sales" : 23.75,
    "salesGrowthYoY" : 10.47,
    "grossProfitMargin" : 77.09,
    "grossProfit" : 18.31,
    "operatingProfitMargin" : 1.98,
    "operatingProfit" : 0.47,
    "netProfitMargin" : -5.73,
    "netProfit" : -1.36
  }, {
    "date" : "2012-09-30",
    "sales" : 24.07,
    "salesGrowthYoY" : 14.18,
    "grossProfitMargin" : 75.65,
    "grossProfit" : 18.21,
    "operatingProfitMargin" : -7.77,
    "operatingProfit" : -1.87,
    "netProfitMargin" : -33.90,
    "netProfit" : -8.16
  }, {
    "date" : "2012-12-31",
    "sales" : 31.74,
    "salesGrowthYoY" : 31.10,
    "grossProfitMargin" : 77.32,
    "grossProfit" : 24.54,
    "operatingProfitMargin" : 6.65,
    "operatingProfit" : 2.11,
    "netProfitMargin" : -30.94,
    "netProfit" : -9.82
  }, {
    "date" : "2013-03-31",
    "sales" : 32.14,
    "salesGrowthYoY" : 21.33,
    "grossProfitMargin" : 78.72,
    "grossProfit" : 25.30,
    "operatingProfitMargin" : 9.71,
    "operatingProfit" : 3.12,
    "netProfitMargin" : -21.38,
    "netProfit" : -6.87
  }, {
    "date" : "2013-06-30",
    "sales" : 23.18,
    "salesGrowthYoY" : -2.40,
    "grossProfitMargin" : 74.37,
    "grossProfit" : 17.24,
    "operatingProfitMargin" : 9.45,
    "operatingProfit" : 2.19,
    "netProfitMargin" : -36.80,
    "netProfit" : -8.53
  }, {
    "date" : "2013-09-30",
    "sales" : 23.27,
    "salesGrowthYoY" : -3.32,
    "grossProfitMargin" : 74.30,
    "grossProfit" : 17.29,
    "operatingProfitMargin" : 8.64,
    "operatingProfit" : 2.01,
    "netProfitMargin" : -33.65,
    "netProfit" : -7.83
  }, {
    "date" : "2013-12-31",
    "sales" : 21.74,
    "salesGrowthYoY" : -31.51,
    "grossProfitMargin" : 76.31,
    "grossProfit" : 16.59,
    "operatingProfitMargin" : -14.26,
    "operatingProfit" : -3.10,
    "netProfitMargin" : -17.20,
    "netProfit" : -3.74
  }, {
    "date" : "2014-03-31",
    "sales" : 22.91,
    "salesGrowthYoY" : -28.72,
    "grossProfitMargin" : 78.83,
    "grossProfit" : 18.06,
    "operatingProfitMargin" : 10.43,
    "operatingProfit" : 2.39,
    "netProfitMargin" : 29.51,
    "netProfit" : 6.76
  }, {
    "date" : "2014-06-30",
    "sales" : 20.40,
    "salesGrowthYoY" : -11.99,
    "grossProfitMargin" : 75.74,
    "grossProfit" : 15.45,
    "operatingProfitMargin" : 8.92,
    "operatingProfit" : 1.82,
    "netProfitMargin" : 3.58,
    "netProfit" : 0.73
  }, {
    "date" : "2014-09-30",
    "sales" : 19.03,
    "salesGrowthYoY" : -18.22,
    "grossProfitMargin" : 74.88,
    "grossProfit" : 14.25,
    "operatingProfitMargin" : 3.21,
    "operatingProfit" : 0.61,
    "netProfitMargin" : 1.68,
    "netProfit" : 0.32
  }, {
    "date" : "2014-12-31",
    "sales" : 22.37,
    "salesGrowthYoY" : 2.90,
    "grossProfitMargin" : 76.71,
    "grossProfit" : 17.16,
    "operatingProfitMargin" : 14.98,
    "operatingProfit" : 3.35,
    "netProfitMargin" : 7.29,
    "netProfit" : 1.63
  }, {
    "date" : "2015-03-31",
    "sales" : 22.83,
    "salesGrowthYoY" : -0.35,
    "grossProfitMargin" : 74.59,
    "grossProfit" : 17.03,
    "operatingProfitMargin" : 17.00,
    "operatingProfit" : 3.88,
    "netProfitMargin" : 18.79,
    "netProfit" : 4.29
  }, {
    "date" : "2015-06-30",
    "sales" : 18.65,
    "salesGrowthYoY" : -8.58,
    "grossProfitMargin" : 73.94,
    "grossProfit" : 13.79,
    "operatingProfitMargin" : 6.17,
    "operatingProfit" : 1.15,
    "netProfitMargin" : -4.99,
    "netProfit" : -0.93
  }, {
    "date" : "2015-09-30",
    "sales" : 21.02,
    "salesGrowthYoY" : 10.46,
    "grossProfitMargin" : 75.59,
    "grossProfit" : 15.89,
    "operatingProfitMargin" : 10.61,
    "operatingProfit" : 2.23,
    "netProfitMargin" : 9.75,
    "netProfit" : 2.05
  }, {
    "date" : "2015-12-31",
    "sales" : 23.98,
    "salesGrowthYoY" : 7.20,
    "grossProfitMargin" : 76.06,
    "grossProfit" : 18.24,
    "operatingProfitMargin" : 14.60,
    "operatingProfit" : 3.50,
    "netProfitMargin" : 8.38,
    "netProfit" : 2.01
  }, {
    "date" : "2016-03-31",
    "sales" : 24.20,
    "salesGrowthYoY" : 6.00,
    "grossProfitMargin" : 87.02,
    "grossProfit" : 21.06,
    "operatingProfitMargin" : 15.74,
    "operatingProfit" : 3.81,
    "netProfitMargin" : 12.56,
    "netProfit" : 3.04
  }, {
    "date" : "2016-06-30",
    "sales" : 19.38,
    "salesGrowthYoY" : 3.91,
    "grossProfitMargin" : 74.72,
    "grossProfit" : 14.48,
    "operatingProfitMargin" : 5.01,
    "operatingProfit" : 0.97,
    "netProfitMargin" : -2.79,
    "netProfit" : -0.54
  }, {
    "date" : "2016-09-30",
    "sales" : 19.41,
    "salesGrowthYoY" : -7.66,
    "grossProfitMargin" : 77.38,
    "grossProfit" : 15.02,
    "operatingProfitMargin" : 11.90,
    "operatingProfit" : 2.31,
    "netProfitMargin" : 9.74,
    "netProfit" : 1.89
  }, {
    "date" : "2016-12-31",
    "sales" : 22.47,
    "salesGrowthYoY" : -6.30,
    "grossProfitMargin" : 78.50,
    "grossProfit" : 17.64,
    "operatingProfitMargin" : 16.78,
    "operatingProfit" : 3.77,
    "netProfitMargin" : 18.56,
    "netProfit" : 4.17
  }, {
    "date" : "2017-03-31",
    "sales" : 24.36,
    "salesGrowthYoY" : 0.66,
    "grossProfitMargin" : 77.55,
    "grossProfit" : 18.89,
    "operatingProfitMargin" : 16.75,
    "operatingProfit" : 4.08,
    "netProfitMargin" : 0.62,
    "netProfit" : 0.15
  }, {
    "date" : "2017-06-30",
    "sales" : 21.59,
    "salesGrowthYoY" : 11.40,
    "grossProfitMargin" : 75.31,
    "grossProfit" : 16.26,
    "operatingProfitMargin" : 9.82,
    "operatingProfit" : 2.12,
    "netProfitMargin" : 5.33,
    "netProfit" : 1.15
  }, {
    "date" : "2017-09-30",
    "sales" : 24.72,
    "salesGrowthYoY" : 27.36,
    "grossProfitMargin" : 79.33,
    "grossProfit" : 19.61,
    "operatingProfitMargin" : 16.46,
    "operatingProfit" : 4.07,
    "netProfitMargin" : 12.74,
    "netProfit" : 3.15
  }, {
    "date" : "2017-12-31",
    "sales" : 28.40,
    "salesGrowthYoY" : 26.39,
    "grossProfitMargin" : 81.69,
    "grossProfit" : 23.20,
    "operatingProfitMargin" : 24.19,
    "operatingProfit" : 6.87,
    "netProfitMargin" : 14.86,
    "netProfit" : 4.22
  }, {
    "date" : "2018-03-31",
    "sales" : 26.27,
    "salesGrowthYoY" : 7.84,
    "grossProfitMargin" : 81.16,
    "grossProfit" : 21.32,
    "operatingProfitMargin" : 16.60,
    "operatingProfit" : 4.36,
    "netProfitMargin" : 6.28,
    "netProfit" : 1.65
  }, {
    "date" : "2018-06-30",
    "sales" : 25.50,
    "salesGrowthYoY" : 18.11,
    "grossProfitMargin" : 79.33,
    "grossProfit" : 20.23,
    "operatingProfitMargin" : 16.71,
    "operatingProfit" : 4.26,
    "netProfitMargin" : 8.08,
    "netProfit" : 2.06
  }, {
    "date" : "2018-09-30",
    "sales" : 26.96,
    "salesGrowthYoY" : 9.06,
    "grossProfitMargin" : 79.15,
    "grossProfit" : 21.34,
    "operatingProfitMargin" : 18.18,
    "operatingProfit" : 4.90,
    "netProfitMargin" : 11.24,
    "netProfit" : 3.03
  }, {
    "date" : "2018-12-31",
    "sales" : 30.55,
    "salesGrowthYoY" : 7.57,
    "grossProfitMargin" : 79.41,
    "grossProfit" : 24.26,
    "operatingProfitMargin" : 22.42,
    "operatingProfit" : 6.85,
    "netProfitMargin" : 14.70,
    "netProfit" : 4.49
  }, {
    "date" : "2019-03-31",
    "sales" : 29.53,
    "salesGrowthYoY" : 12.41,
    "grossProfitMargin" : 78.77,
    "grossProfit" : 23.26,
    "operatingProfitMargin" : 9.96,
    "operatingProfit" : 2.94,
    "netProfitMargin" : 10.33,
    "netProfit" : 3.05
  }, {
    "date" : "2019-06-30",
    "sales" : 27.44,
    "salesGrowthYoY" : 7.61,
    "grossProfitMargin" : 73.94,
    "grossProfit" : 20.29,
    "operatingProfitMargin" : 14.29,
    "operatingProfit" : 3.92,
    "netProfitMargin" : 6.81,
    "netProfit" : 1.87
  }, {
    "date" : "2019-09-30",
    "sales" : 26.37,
    "salesGrowthYoY" : -2.19,
    "grossProfitMargin" : 77.47,
    "grossProfit" : 20.43,
    "operatingProfitMargin" : 16.76,
    "operatingProfit" : 4.42,
    "netProfitMargin" : 8.38,
    "netProfit" : 2.21
  }, {
    "date" : "2019-12-31",
    "sales" : 34.11,
    "salesGrowthYoY" : 11.65,
    "grossProfitMargin" : 76.99,
    "grossProfit" : 26.26,
    "operatingProfitMargin" : 25.68,
    "operatingProfit" : 8.76,
    "netProfitMargin" : 9.29,
    "netProfit" : 3.17
  }, {
    "date" : "2020-03-31",
    "sales" : 26.93,
    "salesGrowthYoY" : -8.80,
    "grossProfitMargin" : 78.76,
    "grossProfit" : 21.21,
    "operatingProfitMargin" : 17.08,
    "operatingProfit" : 4.60,
    "netProfitMargin" : 6.91,
    "netProfit" : 1.86
  }, {
    "date" : "2020-06-30",
    "sales" : 2.69,
    "salesGrowthYoY" : -90.20,
    "grossProfitMargin" : 49.07,
    "grossProfit" : 1.32,
    "operatingProfitMargin" : -152.42,
    "operatingProfit" : -4.10,
    "netProfitMargin" : -145.72,
    "netProfit" : -3.92
  }, {
    "date" : "2020-09-30",
    "sales" : 9.23,
    "salesGrowthYoY" : -65.00,
    "grossProfitMargin" : 45.94,
    "grossProfit" : 4.24,
    "operatingProfitMargin" : -44.10,
    "operatingProfit" : -4.07,
    "netProfitMargin" : -56.99,
    "netProfit" : -5.26
  }, {
    "date" : "2020-12-31",
    "sales" : 18.00,
    "salesGrowthYoY" : -47.23,
    "grossProfitMargin" : 76.94,
    "grossProfit" : 13.85,
    "operatingProfitMargin" : 14.89,
    "operatingProfit" : 2.68,
    "netProfitMargin" : -1.44,
    "netProfit" : -0.26
  }, {
    "date" : "2021-03-31",
    "sales" : 17.91,
    "salesGrowthYoY" : -33.49,
    "grossProfitMargin" : 76.83,
    "grossProfit" : 13.76,
    "operatingProfitMargin" : 10.05,
    "operatingProfit" : 1.80,
    "netProfitMargin" : -10.05,
    "netProfit" : -1.80
  }, {
    "date" : "2021-06-30",
    "sales" : 9.36,
    "salesGrowthYoY" : 247.96,
    "grossProfitMargin" : 56.84,
    "grossProfit" : 5.32,
    "operatingProfitMargin" : -16.24,
    "operatingProfit" : -1.52,
    "netProfitMargin" : -50.53,
    "netProfit" : -4.73
  }, {
    "date" : "2021-09-30",
    "sales" : 18.64,
    "salesGrowthYoY" : 101.95,
    "grossProfitMargin" : 74.14,
    "grossProfit" : 13.82,
    "operatingProfitMargin" : 17.11,
    "operatingProfit" : 3.19,
    "netProfitMargin" : 14.27,
    "netProfit" : 2.66
  }, {
    "date" : "2021-12-31",
    "sales" : 28.57,
    "salesGrowthYoY" : 58.72,
    "grossProfitMargin" : 78.89,
    "grossProfit" : 22.54,
    "operatingProfitMargin" : 28.91,
    "operatingProfit" : 8.26,
    "netProfitMargin" : 9.80,
    "netProfit" : 2.80
  }, {
    "date" : "2022-03-31",
    "sales" : 23.17,
    "salesGrowthYoY" : 29.37,
    "grossProfitMargin" : 77.47,
    "grossProfit" : 17.95,
    "operatingProfitMargin" : 22.05,
    "operatingProfit" : 5.11,
    "netProfitMargin" : 12.00,
    "netProfit" : 2.78
  }, {
    "date" : "2022-06-30",
    "sales" : 38.08,
    "salesGrowthYoY" : 306.84,
    "grossProfitMargin" : 79.60,
    "grossProfit" : 30.31,
    "operatingProfitMargin" : 34.61,
    "operatingProfit" : 13.18,
    "netProfitMargin" : 18.07,
    "netProfit" : 6.88
  }, {
    "date" : "2022-09-30",
    "sales" : 37.56,
    "salesGrowthYoY" : 101.50,
    "grossProfitMargin" : 80.01,
    "grossProfit" : 30.05,
    "operatingProfitMargin" : 28.59,
    "operatingProfit" : 10.74,
    "netProfitMargin" : 15.76,
    "netProfit" : 5.92
  }, {
    "date" : "2022-12-31",
    "sales" : 46.79,
    "salesGrowthYoY" : 63.77,
    "grossProfitMargin" : 82.54,
    "grossProfit" : 38.62,
    "operatingProfitMargin" : 33.68,
    "operatingProfit" : 15.76,
    "netProfitMargin" : 17.53,
    "netProfit" : 8.20
  }, {
    "date" : "2023-03-31",
    "sales" : 47.52,
    "salesGrowthYoY" : 105.09,
    "grossProfitMargin" : 83.48,
    "grossProfit" : 39.67,
    "operatingProfitMargin" : 32.64,
    "operatingProfit" : 15.51,
    "netProfitMargin" : 15.11,
    "netProfit" : 7.18
  }, {
    "date" : "2023-06-30",
    "sales" : 44.61,
    "salesGrowthYoY" : 17.15,
    "grossProfitMargin" : 79.65,
    "grossProfit" : 35.53,
    "operatingProfitMargin" : 28.47,
    "operatingProfit" : 12.70,
    "netProfitMargin" : 10.47,
    "netProfit" : 4.67
  }, {
    "date" : "2023-09-30",
    "sales" : 44.51,
    "salesGrowthYoY" : 18.50,
    "grossProfitMargin" : 80.57,
    "grossProfit" : 35.86,
    "operatingProfitMargin" : 29.27,
    "operatingProfit" : 13.03,
    "netProfitMargin" : 11.10,
    "netProfit" : 4.94
  }, {
    "date" : "2023-12-31",
    "sales" : 53.97,
    "salesGrowthYoY" : 15.35,
    "grossProfitMargin" : 82.21,
    "grossProfit" : 44.37,
    "operatingProfitMargin" : 35.22,
    "operatingProfit" : 19.01,
    "netProfitMargin" : 17.19,
    "netProfit" : 9.28
  }, {
    "date" : "2024-03-31",
    "sales" : 48.85,
    "salesGrowthYoY" : 2.80,
    "grossProfitMargin" : 81.92,
    "grossProfit" : 40.02,
    "operatingProfitMargin" : 24.44,
    "operatingProfit" : 11.94,
    "netProfitMargin" : 11.75,
    "netProfit" : 5.74
  }, {
    "date" : "2024-06-30",
    "sales" : 46.59,
    "salesGrowthYoY" : 4.44,
    "grossProfitMargin" : 79.16,
    "grossProfit" : 36.88,
    "operatingProfitMargin" : 23.87,
    "operatingProfit" : 11.12,
    "netProfitMargin" : 9.51,
    "netProfit" : 4.43
  }, {
    "date" : "2024-09-30",
    "sales" : 46.73,
    "salesGrowthYoY" : 4.99,
    "grossProfitMargin" : 80.46,
    "grossProfit" : 37.60,
    "operatingProfitMargin" : 23.13,
    "operatingProfit" : 10.81,
    "netProfitMargin" : 13.27,
    "netProfit" : 6.20
  }, {
    "date" : "2024-12-31",
    "sales" : 56.89,
    "salesGrowthYoY" : 5.41,
    "grossProfitMargin" : 82.40,
    "grossProfit" : 46.88,
    "operatingProfitMargin" : 29.71,
    "operatingProfit" : 16.90,
    "netProfitMargin" : 14.01,
    "netProfit" : 7.97
  }, {
    "date" : "2025-03-31",
    "sales" : 52.74,
    "salesGrowthYoY" : 7.96,
    "grossProfitMargin" : 82.42,
    "grossProfit" : 43.47,
    "operatingProfitMargin" : 18.79,
    "operatingProfit" : 9.91,
    "netProfitMargin" : 7.30,
    "netProfit" : 3.85
  }, {
    "date" : "2025-06-30",
    "sales" : 47.56,
    "salesGrowthYoY" : 2.08,
    "grossProfitMargin" : 80.97,
    "grossProfit" : 38.51,
    "operatingProfitMargin" : 23.11,
    "operatingProfit" : 10.99,
    "netProfitMargin" : 7.61,
    "netProfit" : 3.62
  }, {
    "date" : "2025-09-30",
    "sales" : 48.33,
    "salesGrowthYoY" : 3.42,
    "grossProfitMargin" : 81.58,
    "grossProfit" : 39.43,
    "operatingProfitMargin" : 23.86,
    "operatingProfit" : 11.53,
    "netProfitMargin" : 8.01,
    "netProfit" : 3.87
  }, {
    "date" : "2025-12-31",
    "sales" : 58.69,
    "salesGrowthYoY" : 3.16,
    "grossProfitMargin" : 83.85,
    "grossProfit" : 49.21,
    "operatingProfitMargin" : 26.60,
    "operatingProfit" : 15.61,
    "netProfitMargin" : 11.50,
    "netProfit" : 6.75
  } ],
  "latestQuarterlyResult" : {
    "date" : "2025-12-31",
    "sales" : 58.69,
    "salesGrowthYoY" : 3.16,
    "grossProfitMargin" : 83.85,
    "grossProfit" : 49.21,
    "operatingProfitMargin" : 26.60,
    "operatingProfit" : 15.61,
    "netProfitMargin" : 11.50,
    "netProfit" : 6.75
  },
  "companyScore" : {
    "priceHigherThanDma50" : 0.00,
    "priceHigherThanDma100" : 0.00,
    "priceHigherThanDma200" : 0.00,
    "dma50HigherThanDma100" : 0.00,
    "dma50HigherThanDma200" : 0.00,
    "dma100HigherThanDma200" : 5.00,
    "pricePercentageAboveDma50" : 5.20,
    "pricePercentageAboveDma100" : 5.65,
    "pricePercentageAboveDma200" : 5.46,
    "weeklyVolumeHigherThanYearlyVolume" : 0.00,
    "salesGrowthPercentile" : 7.34,
    "operatingProfitMarginPercentile" : 17.32,
    "netProfitMarginPercentile" : 8.27,
    "totalTechnicalScore" : 21.30,
    "totalFundamentalScore" : 32.93,
    "totalScore" : 54.24
  }
}