{
  "metadata" : {
    "screenerCompanyId" : "2785",
    "companyCode" : "ROTO",
    "companyName" : "Roto Pumps",
    "screenerCompanyLink" : "https://www.screener.in/company/ROTO/consolidated/",
    "screenerTechnicalHistoryLink" : "https://www.screener.in/api/company/2785/chart/?q=Price-DMA50-DMA200-Volume&days=365",
    "screenerQuarterlyResultsLink" : "https://www.screener.in/api/company/2785/chart/?q=GPM-OPM-NPM-Quarter+Sales&days=10000",
    "attributes" : {
      "companyCode" : "ROTO",
      "companyName" : "Roto Pumps",
      "marketCap" : 1230.00,
      "peRatio" : 38.60,
      "description" : "Roto Pumps Ltd was incorporated in 1968. Roto Pumps is the pioneer manufacturer of Progressive Cavity Pumps in India, renowned for providing efficient and reliable pumping solutions to a diverse range of industries including Wastewater, Sugar, Paper, Paint, Oil & Gas, Chemicals & Process, Ceramics, Food & Beverages, Renewable Energy & Power, Mining & Explosives, Marine & Defense. The co. is successfully exporting to more than 50 countries. Head office is in Noida, Uttar Pradesh.[1] [2]"
    },
    "companyScore" : {
      "priceHigherThanDma50" : 5.00,
      "priceHigherThanDma100" : 0.00,
      "priceHigherThanDma200" : 0.00,
      "dma50HigherThanDma100" : 0.00,
      "dma50HigherThanDma200" : 0.00,
      "dma100HigherThanDma200" : 0.00,
      "pricePercentageAboveDma50" : 4.81,
      "pricePercentageAboveDma100" : 5.09,
      "pricePercentageAboveDma200" : 5.53,
      "weeklyVolumeHigherThanYearlyVolume" : 5.00,
      "salesGrowthPercentile" : 7.40,
      "operatingProfitMarginPercentile" : 12.62,
      "netProfitMarginPercentile" : 7.14,
      "totalTechnicalScore" : 25.43,
      "totalFundamentalScore" : 27.16,
      "totalScore" : 52.59
    }
  },
  "attributes" : {
    "companyCode" : "ROTO",
    "companyName" : "Roto Pumps",
    "marketCap" : 1230.00,
    "peRatio" : 38.60,
    "description" : "Roto Pumps Ltd was incorporated in 1968. Roto Pumps is the pioneer manufacturer of Progressive Cavity Pumps in India, renowned for providing efficient and reliable pumping solutions to a diverse range of industries including Wastewater, Sugar, Paper, Paint, Oil & Gas, Chemicals & Process, Ceramics, Food & Beverages, Renewable Energy & Power, Mining & Explosives, Marine & Defense. The co. is successfully exporting to more than 50 countries. Head office is in Noida, Uttar Pradesh.[1] [2]"
  },
  "technicalHistory" : [ {
    "date" : "2025-02-13",
    "price" : 75.08,
    "dma50" : 91.17,
    "dma100" : null,
    "dma200" : 88.55,
    "volume" : 1120484.00
  }, {
    "date" : "2025-02-14",
    "price" : 71.27,
    "dma50" : 90.38,
    "dma100" : null,
    "dma200" : 88.38,
    "volume" : 378241.00
  }, {
    "date" : "2025-02-17",
    "price" : 72.38,
    "dma50" : 89.68,
    "dma100" : null,
    "dma200" : 88.22,
    "volume" : 523018.00
  }, {
    "date" : "2025-02-18",
    "price" : 68.52,
    "dma50" : 88.85,
    "dma100" : null,
    "dma200" : 88.02,
    "volume" : 511545.00
  }, {
    "date" : "2025-02-19",
    "price" : 72.25,
    "dma50" : 88.20,
    "dma100" : null,
    "dma200" : 87.87,
    "volume" : 277574.00
  }, {
    "date" : "2025-02-20",
    "price" : 74.25,
    "dma50" : 87.65,
    "dma100" : null,
    "dma200" : 87.73,
    "volume" : 290879.00
  }, {
    "date" : "2025-02-21",
    "price" : 72.80,
    "dma50" : 87.07,
    "dma100" : null,
    "dma200" : 87.58,
    "volume" : 262656.00
  }, {
    "date" : "2025-02-24",
    "price" : 72.17,
    "dma50" : 86.48,
    "dma100" : null,
    "dma200" : 87.43,
    "volume" : 265616.00
  }, {
    "date" : "2025-02-25",
    "price" : 70.42,
    "dma50" : 85.85,
    "dma100" : null,
    "dma200" : 87.26,
    "volume" : 158573.00
  }, {
    "date" : "2025-02-27",
    "price" : 68.17,
    "dma50" : 85.16,
    "dma100" : null,
    "dma200" : 87.07,
    "volume" : 260460.00
  }, {
    "date" : "2025-02-28",
    "price" : 65.28,
    "dma50" : 84.38,
    "dma100" : null,
    "dma200" : 86.85,
    "volume" : 409366.00
  }, {
    "date" : "2025-03-03",
    "price" : 62.97,
    "dma50" : 83.54,
    "dma100" : null,
    "dma200" : 86.61,
    "volume" : 436507.00
  }, {
    "date" : "2025-03-04",
    "price" : 64.06,
    "dma50" : 82.78,
    "dma100" : null,
    "dma200" : 86.39,
    "volume" : 236954.00
  }, {
    "date" : "2025-03-05",
    "price" : 70.95,
    "dma50" : 82.31,
    "dma100" : null,
    "dma200" : 86.24,
    "volume" : 1097679.00
  }, {
    "date" : "2025-03-06",
    "price" : 71.05,
    "dma50" : 81.87,
    "dma100" : null,
    "dma200" : 86.09,
    "volume" : 452101.00
  }, {
    "date" : "2025-03-07",
    "price" : 75.88,
    "dma50" : 81.64,
    "dma100" : null,
    "dma200" : 85.98,
    "volume" : 1008346.00
  }, {
    "date" : "2025-03-10",
    "price" : 72.28,
    "dma50" : 81.27,
    "dma100" : null,
    "dma200" : 85.85,
    "volume" : 473010.00
  }, {
    "date" : "2025-03-11",
    "price" : 71.57,
    "dma50" : 80.89,
    "dma100" : null,
    "dma200" : 85.71,
    "volume" : 549647.00
  }, {
    "date" : "2025-03-12",
    "price" : 73.68,
    "dma50" : 80.61,
    "dma100" : null,
    "dma200" : 85.59,
    "volume" : 287147.00
  }, {
    "date" : "2025-03-13",
    "price" : 72.31,
    "dma50" : 80.28,
    "dma100" : null,
    "dma200" : 85.45,
    "volume" : 253758.00
  }, {
    "date" : "2025-03-17",
    "price" : 71.01,
    "dma50" : 79.92,
    "dma100" : null,
    "dma200" : 85.31,
    "volume" : 275066.00
  }, {
    "date" : "2025-03-18",
    "price" : 72.00,
    "dma50" : 79.61,
    "dma100" : null,
    "dma200" : 85.18,
    "volume" : 280730.00
  }, {
    "date" : "2025-03-19",
    "price" : 76.57,
    "dma50" : 79.49,
    "dma100" : null,
    "dma200" : 85.09,
    "volume" : 1166655.00
  }, {
    "date" : "2025-03-20",
    "price" : 76.04,
    "dma50" : 79.35,
    "dma100" : null,
    "dma200" : 85.00,
    "volume" : 331861.00
  }, {
    "date" : "2025-03-21",
    "price" : 76.58,
    "dma50" : 79.24,
    "dma100" : null,
    "dma200" : 84.92,
    "volume" : 417745.00
  }, {
    "date" : "2025-03-24",
    "price" : 77.60,
    "dma50" : 79.18,
    "dma100" : null,
    "dma200" : 84.85,
    "volume" : 1069230.00
  }, {
    "date" : "2025-03-25",
    "price" : 73.63,
    "dma50" : 78.96,
    "dma100" : null,
    "dma200" : 84.73,
    "volume" : 525948.00
  }, {
    "date" : "2025-03-26",
    "price" : 70.79,
    "dma50" : 78.64,
    "dma100" : null,
    "dma200" : 84.59,
    "volume" : 380337.00
  }, {
    "date" : "2025-03-27",
    "price" : 70.65,
    "dma50" : 78.33,
    "dma100" : null,
    "dma200" : 84.46,
    "volume" : 633173.00
  }, {
    "date" : "2025-03-28",
    "price" : 68.33,
    "dma50" : 77.94,
    "dma100" : null,
    "dma200" : 84.30,
    "volume" : 913042.00
  }, {
    "date" : "2025-04-01",
    "price" : 72.01,
    "dma50" : 77.70,
    "dma100" : null,
    "dma200" : 84.17,
    "volume" : 1377720.00
  }, {
    "date" : "2025-04-02",
    "price" : 71.83,
    "dma50" : 77.47,
    "dma100" : null,
    "dma200" : 84.05,
    "volume" : 348243.00
  }, {
    "date" : "2025-04-03",
    "price" : 73.70,
    "dma50" : 77.33,
    "dma100" : null,
    "dma200" : 83.95,
    "volume" : 421269.00
  }, {
    "date" : "2025-04-04",
    "price" : 70.09,
    "dma50" : 77.04,
    "dma100" : null,
    "dma200" : 83.81,
    "volume" : 402916.00
  }, {
    "date" : "2025-04-07",
    "price" : 66.18,
    "dma50" : 76.62,
    "dma100" : null,
    "dma200" : 83.63,
    "volume" : 484576.00
  }, {
    "date" : "2025-04-08",
    "price" : 68.18,
    "dma50" : 76.29,
    "dma100" : null,
    "dma200" : 83.48,
    "volume" : 332132.00
  }, {
    "date" : "2025-04-09",
    "price" : 68.64,
    "dma50" : 75.99,
    "dma100" : null,
    "dma200" : 83.33,
    "volume" : 218196.00
  }, {
    "date" : "2025-04-11",
    "price" : 70.87,
    "dma50" : 75.78,
    "dma100" : null,
    "dma200" : 83.21,
    "volume" : 277652.00
  }, {
    "date" : "2025-04-15",
    "price" : 72.60,
    "dma50" : 75.66,
    "dma100" : null,
    "dma200" : 83.10,
    "volume" : 215268.00
  }, {
    "date" : "2025-04-16",
    "price" : 72.49,
    "dma50" : 75.54,
    "dma100" : null,
    "dma200" : 83.00,
    "volume" : 162287.00
  }, {
    "date" : "2025-04-17",
    "price" : 76.25,
    "dma50" : 75.56,
    "dma100" : null,
    "dma200" : 82.93,
    "volume" : 7054335.00
  }, {
    "date" : "2025-04-21",
    "price" : 75.95,
    "dma50" : 75.58,
    "dma100" : null,
    "dma200" : 82.86,
    "volume" : 2517841.00
  }, {
    "date" : "2025-04-22",
    "price" : 78.05,
    "dma50" : 75.68,
    "dma100" : null,
    "dma200" : 82.81,
    "volume" : 1848886.00
  }, {
    "date" : "2025-04-23",
    "price" : 79.39,
    "dma50" : 75.82,
    "dma100" : null,
    "dma200" : 82.78,
    "volume" : 921282.00
  }, {
    "date" : "2025-04-24",
    "price" : 78.84,
    "dma50" : 75.94,
    "dma100" : null,
    "dma200" : 82.74,
    "volume" : 537157.00
  }, {
    "date" : "2025-04-25",
    "price" : 76.34,
    "dma50" : 75.96,
    "dma100" : null,
    "dma200" : 82.68,
    "volume" : 561809.00
  }, {
    "date" : "2025-04-28",
    "price" : 75.86,
    "dma50" : 75.95,
    "dma100" : null,
    "dma200" : 82.61,
    "volume" : 225170.00
  }, {
    "date" : "2025-04-29",
    "price" : 75.44,
    "dma50" : 75.93,
    "dma100" : null,
    "dma200" : 82.54,
    "volume" : 146198.00
  }, {
    "date" : "2025-04-30",
    "price" : 73.34,
    "dma50" : 75.83,
    "dma100" : null,
    "dma200" : 82.45,
    "volume" : 258103.00
  }, {
    "date" : "2025-05-02",
    "price" : 72.69,
    "dma50" : 75.71,
    "dma100" : null,
    "dma200" : 82.35,
    "volume" : 348355.00
  }, {
    "date" : "2025-05-05",
    "price" : 76.96,
    "dma50" : 75.76,
    "dma100" : null,
    "dma200" : 82.29,
    "volume" : 1041099.00
  }, {
    "date" : "2025-05-06",
    "price" : 76.13,
    "dma50" : 75.77,
    "dma100" : null,
    "dma200" : 82.23,
    "volume" : 791795.00
  }, {
    "date" : "2025-05-07",
    "price" : 77.01,
    "dma50" : 75.82,
    "dma100" : null,
    "dma200" : 82.18,
    "volume" : 493395.00
  }, {
    "date" : "2025-05-08",
    "price" : 75.38,
    "dma50" : 75.80,
    "dma100" : null,
    "dma200" : 82.11,
    "volume" : 506709.00
  }, {
    "date" : "2025-05-09",
    "price" : 74.79,
    "dma50" : 75.76,
    "dma100" : null,
    "dma200" : 82.04,
    "volume" : 431909.00
  }, {
    "date" : "2025-05-12",
    "price" : 79.71,
    "dma50" : 75.92,
    "dma100" : null,
    "dma200" : 82.02,
    "volume" : 1114261.00
  }, {
    "date" : "2025-05-13",
    "price" : 82.37,
    "dma50" : 76.17,
    "dma100" : null,
    "dma200" : 82.02,
    "volume" : 845477.00
  }, {
    "date" : "2025-05-14",
    "price" : 85.69,
    "dma50" : 76.54,
    "dma100" : null,
    "dma200" : 82.06,
    "volume" : 1091163.00
  }, {
    "date" : "2025-05-15",
    "price" : 87.95,
    "dma50" : 76.99,
    "dma100" : null,
    "dma200" : 82.12,
    "volume" : 1212804.00
  }, {
    "date" : "2025-05-16",
    "price" : 89.43,
    "dma50" : 77.48,
    "dma100" : null,
    "dma200" : 82.19,
    "volume" : 758838.00
  }, {
    "date" : "2025-05-19",
    "price" : 90.22,
    "dma50" : 77.98,
    "dma100" : null,
    "dma200" : 82.27,
    "volume" : 1923084.00
  }, {
    "date" : "2025-05-20",
    "price" : 88.71,
    "dma50" : 78.40,
    "dma100" : null,
    "dma200" : 82.33,
    "volume" : 648230.00
  }, {
    "date" : "2025-05-21",
    "price" : 93.67,
    "dma50" : 79.00,
    "dma100" : null,
    "dma200" : 82.45,
    "volume" : 1602958.00
  }, {
    "date" : "2025-05-22",
    "price" : 91.81,
    "dma50" : 79.50,
    "dma100" : null,
    "dma200" : 82.54,
    "volume" : 1534056.00
  }, {
    "date" : "2025-05-23",
    "price" : 87.97,
    "dma50" : 79.83,
    "dma100" : null,
    "dma200" : 82.59,
    "volume" : 1280515.00
  }, {
    "date" : "2025-05-26",
    "price" : 89.65,
    "dma50" : 80.22,
    "dma100" : null,
    "dma200" : 82.66,
    "volume" : 816233.00
  }, {
    "date" : "2025-05-27",
    "price" : 88.62,
    "dma50" : 80.55,
    "dma100" : null,
    "dma200" : 82.72,
    "volume" : 410677.00
  }, {
    "date" : "2025-05-28",
    "price" : 89.75,
    "dma50" : 80.91,
    "dma100" : null,
    "dma200" : 82.79,
    "volume" : 456594.00
  }, {
    "date" : "2025-05-29",
    "price" : 89.55,
    "dma50" : 81.25,
    "dma100" : null,
    "dma200" : 82.86,
    "volume" : 291496.00
  }, {
    "date" : "2025-05-30",
    "price" : 88.95,
    "dma50" : 81.55,
    "dma100" : null,
    "dma200" : 82.92,
    "volume" : 366905.00
  }, {
    "date" : "2025-06-02",
    "price" : 88.63,
    "dma50" : 81.83,
    "dma100" : null,
    "dma200" : 82.98,
    "volume" : 239375.00
  }, {
    "date" : "2025-06-03",
    "price" : 88.00,
    "dma50" : 82.07,
    "dma100" : null,
    "dma200" : 83.03,
    "volume" : 386007.00
  }, {
    "date" : "2025-06-04",
    "price" : 87.55,
    "dma50" : 82.28,
    "dma100" : null,
    "dma200" : 83.07,
    "volume" : 730028.00
  }, {
    "date" : "2025-06-05",
    "price" : 86.73,
    "dma50" : 82.46,
    "dma100" : null,
    "dma200" : 83.11,
    "volume" : 398781.00
  }, {
    "date" : "2025-06-06",
    "price" : 87.53,
    "dma50" : 82.66,
    "dma100" : null,
    "dma200" : 83.15,
    "volume" : 517720.00
  }, {
    "date" : "2025-06-09",
    "price" : 96.22,
    "dma50" : 83.19,
    "dma100" : null,
    "dma200" : 83.28,
    "volume" : 4822154.00
  }, {
    "date" : "2025-06-10",
    "price" : 93.72,
    "dma50" : 83.60,
    "dma100" : null,
    "dma200" : 83.39,
    "volume" : 1255794.00
  }, {
    "date" : "2025-06-11",
    "price" : 96.07,
    "dma50" : 84.09,
    "dma100" : null,
    "dma200" : 83.51,
    "volume" : 1708042.00
  }, {
    "date" : "2025-06-12",
    "price" : 97.27,
    "dma50" : 84.61,
    "dma100" : null,
    "dma200" : 83.65,
    "volume" : 3458774.00
  }, {
    "date" : "2025-06-13",
    "price" : 96.43,
    "dma50" : 85.07,
    "dma100" : null,
    "dma200" : 83.78,
    "volume" : 3075633.00
  }, {
    "date" : "2025-06-16",
    "price" : 97.12,
    "dma50" : 85.54,
    "dma100" : null,
    "dma200" : 83.91,
    "volume" : 813205.00
  }, {
    "date" : "2025-06-17",
    "price" : 95.55,
    "dma50" : 85.94,
    "dma100" : null,
    "dma200" : 84.03,
    "volume" : 1413755.00
  }, {
    "date" : "2025-06-18",
    "price" : 95.42,
    "dma50" : 86.31,
    "dma100" : null,
    "dma200" : 84.14,
    "volume" : 549144.00
  }, {
    "date" : "2025-06-19",
    "price" : 92.03,
    "dma50" : 86.53,
    "dma100" : null,
    "dma200" : 84.22,
    "volume" : 768169.00
  }, {
    "date" : "2025-06-20",
    "price" : 92.87,
    "dma50" : 86.78,
    "dma100" : null,
    "dma200" : 84.30,
    "volume" : 448464.00
  }, {
    "date" : "2025-06-23",
    "price" : 93.57,
    "dma50" : 87.05,
    "dma100" : null,
    "dma200" : 84.40,
    "volume" : 435219.00
  }, {
    "date" : "2025-06-24",
    "price" : 94.08,
    "dma50" : 87.32,
    "dma100" : null,
    "dma200" : 84.49,
    "volume" : 489982.00
  }, {
    "date" : "2025-06-25",
    "price" : 96.28,
    "dma50" : 87.67,
    "dma100" : null,
    "dma200" : 84.61,
    "volume" : 673380.00
  }, {
    "date" : "2025-06-26",
    "price" : 95.77,
    "dma50" : 87.99,
    "dma100" : null,
    "dma200" : 84.72,
    "volume" : 551601.00
  }, {
    "date" : "2025-06-27",
    "price" : 95.30,
    "dma50" : 88.28,
    "dma100" : null,
    "dma200" : 84.83,
    "volume" : 467849.00
  }, {
    "date" : "2025-06-30",
    "price" : 99.47,
    "dma50" : 88.72,
    "dma100" : null,
    "dma200" : 84.97,
    "volume" : 2737044.00
  }, {
    "date" : "2025-07-01",
    "price" : 99.85,
    "dma50" : 89.15,
    "dma100" : null,
    "dma200" : 85.12,
    "volume" : 1194745.00
  }, {
    "date" : "2025-07-02",
    "price" : 98.88,
    "dma50" : 89.54,
    "dma100" : null,
    "dma200" : 85.26,
    "volume" : 808676.00
  }, {
    "date" : "2025-07-03",
    "price" : 98.28,
    "dma50" : 89.88,
    "dma100" : null,
    "dma200" : 85.39,
    "volume" : 656741.00
  }, {
    "date" : "2025-07-04",
    "price" : 98.30,
    "dma50" : 90.21,
    "dma100" : null,
    "dma200" : 85.51,
    "volume" : 590323.00
  }, {
    "date" : "2025-07-07",
    "price" : 100.65,
    "dma50" : 90.62,
    "dma100" : null,
    "dma200" : 85.67,
    "volume" : 1540302.00
  }, {
    "date" : "2025-07-08",
    "price" : 101.80,
    "dma50" : 91.06,
    "dma100" : null,
    "dma200" : 85.83,
    "volume" : 2085907.00
  }, {
    "date" : "2025-07-09",
    "price" : 100.87,
    "dma50" : 91.44,
    "dma100" : null,
    "dma200" : 85.98,
    "volume" : 1363899.00
  }, {
    "date" : "2025-07-10",
    "price" : 100.32,
    "dma50" : 91.79,
    "dma100" : null,
    "dma200" : 86.12,
    "volume" : 1530490.00
  }, {
    "date" : "2025-07-11",
    "price" : 105.25,
    "dma50" : 92.32,
    "dma100" : null,
    "dma200" : 86.31,
    "volume" : 3172894.00
  }, {
    "date" : "2025-07-14",
    "price" : 100.95,
    "dma50" : 92.66,
    "dma100" : 82.19,
    "dma200" : 86.45,
    "volume" : 756489.00
  }, {
    "date" : "2025-07-15",
    "price" : 97.20,
    "dma50" : 92.83,
    "dma100" : 82.45,
    "dma200" : 86.56,
    "volume" : 693787.00
  }, {
    "date" : "2025-07-16",
    "price" : 93.95,
    "dma50" : 92.88,
    "dma100" : 82.67,
    "dma200" : 86.63,
    "volume" : 863249.00
  }, {
    "date" : "2025-07-17",
    "price" : 96.05,
    "dma50" : 93.00,
    "dma100" : 82.94,
    "dma200" : 86.73,
    "volume" : 666455.00
  }, {
    "date" : "2025-07-18",
    "price" : 94.45,
    "dma50" : 93.06,
    "dma100" : 83.17,
    "dma200" : 86.81,
    "volume" : 481326.00
  }, {
    "date" : "2025-07-21",
    "price" : 92.15,
    "dma50" : 93.02,
    "dma100" : 83.34,
    "dma200" : 86.86,
    "volume" : 638774.00
  }, {
    "date" : "2025-07-22",
    "price" : 90.50,
    "dma50" : 92.92,
    "dma100" : 83.52,
    "dma200" : 86.89,
    "volume" : 450883.00
  }, {
    "date" : "2025-07-23",
    "price" : 89.95,
    "dma50" : 92.81,
    "dma100" : 83.70,
    "dma200" : 86.92,
    "volume" : 334951.00
  }, {
    "date" : "2025-07-24",
    "price" : 90.25,
    "dma50" : 92.71,
    "dma100" : 83.90,
    "dma200" : 86.96,
    "volume" : 373242.00
  }, {
    "date" : "2025-07-25",
    "price" : 90.05,
    "dma50" : 92.60,
    "dma100" : 84.12,
    "dma200" : 86.99,
    "volume" : 247498.00
  }, {
    "date" : "2025-07-28",
    "price" : 90.30,
    "dma50" : 92.51,
    "dma100" : 84.37,
    "dma200" : 87.02,
    "volume" : 323683.00
  }, {
    "date" : "2025-07-29",
    "price" : 91.45,
    "dma50" : 92.47,
    "dma100" : 84.65,
    "dma200" : 87.07,
    "volume" : 247057.00
  }, {
    "date" : "2025-07-30",
    "price" : 92.95,
    "dma50" : 92.49,
    "dma100" : 84.94,
    "dma200" : 87.12,
    "volume" : 487807.00
  }, {
    "date" : "2025-07-31",
    "price" : 88.90,
    "dma50" : 92.35,
    "dma100" : 85.12,
    "dma200" : 87.14,
    "volume" : 575071.00
  }, {
    "date" : "2025-08-01",
    "price" : 86.78,
    "dma50" : 92.13,
    "dma100" : 85.28,
    "dma200" : 87.14,
    "volume" : 329289.00
  }, {
    "date" : "2025-08-04",
    "price" : 87.16,
    "dma50" : 91.94,
    "dma100" : 85.39,
    "dma200" : 87.14,
    "volume" : 294313.00
  }, {
    "date" : "2025-08-05",
    "price" : 87.86,
    "dma50" : 91.78,
    "dma100" : 85.55,
    "dma200" : 87.15,
    "volume" : 298719.00
  }, {
    "date" : "2025-08-06",
    "price" : 84.89,
    "dma50" : 91.51,
    "dma100" : 85.68,
    "dma200" : 87.12,
    "volume" : 218135.00
  }, {
    "date" : "2025-08-07",
    "price" : 83.37,
    "dma50" : 91.19,
    "dma100" : 85.78,
    "dma200" : 87.09,
    "volume" : 449270.00
  }, {
    "date" : "2025-08-08",
    "price" : 82.94,
    "dma50" : 90.86,
    "dma100" : 85.88,
    "dma200" : 87.04,
    "volume" : 224405.00
  }, {
    "date" : "2025-08-11",
    "price" : 85.82,
    "dma50" : 90.67,
    "dma100" : 86.03,
    "dma200" : 87.03,
    "volume" : 265056.00
  }, {
    "date" : "2025-08-12",
    "price" : 88.36,
    "dma50" : 90.58,
    "dma100" : 86.19,
    "dma200" : 87.05,
    "volume" : 293520.00
  }, {
    "date" : "2025-08-13",
    "price" : 87.90,
    "dma50" : 90.47,
    "dma100" : 86.31,
    "dma200" : 87.05,
    "volume" : 408890.00
  }, {
    "date" : "2025-08-14",
    "price" : 89.05,
    "dma50" : 90.41,
    "dma100" : 86.44,
    "dma200" : 87.07,
    "volume" : 256864.00
  }, {
    "date" : "2025-08-18",
    "price" : 87.24,
    "dma50" : 90.29,
    "dma100" : 86.54,
    "dma200" : 87.08,
    "volume" : 337040.00
  }, {
    "date" : "2025-08-19",
    "price" : 88.63,
    "dma50" : 90.23,
    "dma100" : 86.65,
    "dma200" : 87.09,
    "volume" : 200606.00
  }, {
    "date" : "2025-08-20",
    "price" : 88.54,
    "dma50" : 90.16,
    "dma100" : 86.80,
    "dma200" : 87.11,
    "volume" : 244579.00
  }, {
    "date" : "2025-08-21",
    "price" : 86.30,
    "dma50" : 90.01,
    "dma100" : 86.96,
    "dma200" : 87.10,
    "volume" : 145353.00
  }, {
    "date" : "2025-08-22",
    "price" : 84.14,
    "dma50" : 89.78,
    "dma100" : 87.09,
    "dma200" : 87.07,
    "volume" : 349807.00
  }, {
    "date" : "2025-08-25",
    "price" : 83.38,
    "dma50" : 89.53,
    "dma100" : 87.24,
    "dma200" : 87.03,
    "volume" : 106907.00
  }, {
    "date" : "2025-08-26",
    "price" : 83.26,
    "dma50" : 89.28,
    "dma100" : 87.36,
    "dma200" : 86.99,
    "volume" : 260456.00
  }, {
    "date" : "2025-08-28",
    "price" : 82.55,
    "dma50" : 89.02,
    "dma100" : 87.46,
    "dma200" : 86.95,
    "volume" : 215199.00
  }, {
    "date" : "2025-08-29",
    "price" : 84.01,
    "dma50" : 88.82,
    "dma100" : 87.57,
    "dma200" : 86.92,
    "volume" : 247934.00
  }, {
    "date" : "2025-09-01",
    "price" : 82.78,
    "dma50" : 88.58,
    "dma100" : 87.69,
    "dma200" : 86.88,
    "volume" : 181049.00
  }, {
    "date" : "2025-09-02",
    "price" : 82.64,
    "dma50" : 88.35,
    "dma100" : 87.86,
    "dma200" : 86.84,
    "volume" : 132854.00
  }, {
    "date" : "2025-09-03",
    "price" : 83.13,
    "dma50" : 88.15,
    "dma100" : 88.01,
    "dma200" : 86.80,
    "volume" : 163263.00
  }, {
    "date" : "2025-09-04",
    "price" : 82.30,
    "dma50" : 87.92,
    "dma100" : 88.14,
    "dma200" : 86.76,
    "volume" : 135505.00
  }, {
    "date" : "2025-09-05",
    "price" : 84.10,
    "dma50" : 87.77,
    "dma100" : 88.28,
    "dma200" : 86.73,
    "volume" : 276953.00
  }, {
    "date" : "2025-09-08",
    "price" : 83.00,
    "dma50" : 87.58,
    "dma100" : 88.38,
    "dma200" : 86.69,
    "volume" : 159476.00
  }, {
    "date" : "2025-09-09",
    "price" : 81.09,
    "dma50" : 87.33,
    "dma100" : 88.47,
    "dma200" : 86.64,
    "volume" : 356834.00
  }, {
    "date" : "2025-09-10",
    "price" : 82.06,
    "dma50" : 87.12,
    "dma100" : 88.52,
    "dma200" : 86.59,
    "volume" : 124830.00
  }, {
    "date" : "2025-09-11",
    "price" : 84.03,
    "dma50" : 87.00,
    "dma100" : 88.60,
    "dma200" : 86.57,
    "volume" : 418279.00
  }, {
    "date" : "2025-09-12",
    "price" : 84.00,
    "dma50" : 86.88,
    "dma100" : 88.66,
    "dma200" : 86.54,
    "volume" : 193441.00
  }, {
    "date" : "2025-09-15",
    "price" : 83.01,
    "dma50" : 86.73,
    "dma100" : 88.70,
    "dma200" : 86.50,
    "volume" : 221972.00
  }, {
    "date" : "2025-09-16",
    "price" : 83.03,
    "dma50" : 86.58,
    "dma100" : 88.74,
    "dma200" : 86.47,
    "volume" : 109928.00
  }, {
    "date" : "2025-09-17",
    "price" : 83.08,
    "dma50" : 86.45,
    "dma100" : 88.81,
    "dma200" : 86.44,
    "volume" : 300797.00
  }, {
    "date" : "2025-09-18",
    "price" : 83.23,
    "dma50" : 86.32,
    "dma100" : 88.88,
    "dma200" : 86.40,
    "volume" : 186977.00
  }, {
    "date" : "2025-09-19",
    "price" : 82.48,
    "dma50" : 86.17,
    "dma100" : 88.95,
    "dma200" : 86.37,
    "volume" : 141961.00
  }, {
    "date" : "2025-09-22",
    "price" : 81.10,
    "dma50" : 85.97,
    "dma100" : 89.03,
    "dma200" : 86.31,
    "volume" : 186762.00
  }, {
    "date" : "2025-09-23",
    "price" : 81.05,
    "dma50" : 85.78,
    "dma100" : 89.12,
    "dma200" : 86.26,
    "volume" : 183937.00
  }, {
    "date" : "2025-09-24",
    "price" : 79.63,
    "dma50" : 85.54,
    "dma100" : 89.14,
    "dma200" : 86.19,
    "volume" : 189916.00
  }, {
    "date" : "2025-09-25",
    "price" : 78.21,
    "dma50" : 85.25,
    "dma100" : 89.16,
    "dma200" : 86.12,
    "volume" : 220375.00
  }, {
    "date" : "2025-09-26",
    "price" : 78.01,
    "dma50" : 84.97,
    "dma100" : 89.17,
    "dma200" : 86.03,
    "volume" : 248608.00
  }, {
    "date" : "2025-09-29",
    "price" : 75.08,
    "dma50" : 84.58,
    "dma100" : 89.17,
    "dma200" : 85.93,
    "volume" : 233274.00
  }, {
    "date" : "2025-09-30",
    "price" : 77.17,
    "dma50" : 84.29,
    "dma100" : 89.19,
    "dma200" : 85.84,
    "volume" : 223528.00
  }, {
    "date" : "2025-10-01",
    "price" : 76.80,
    "dma50" : 83.99,
    "dma100" : 89.16,
    "dma200" : 85.75,
    "volume" : 152518.00
  }, {
    "date" : "2025-10-03",
    "price" : 76.88,
    "dma50" : 83.71,
    "dma100" : 89.11,
    "dma200" : 85.66,
    "volume" : 159221.00
  }, {
    "date" : "2025-10-06",
    "price" : 76.98,
    "dma50" : 83.45,
    "dma100" : 89.02,
    "dma200" : 85.57,
    "volume" : 140962.00
  }, {
    "date" : "2025-10-07",
    "price" : 76.42,
    "dma50" : 83.17,
    "dma100" : 88.91,
    "dma200" : 85.48,
    "volume" : 224077.00
  }, {
    "date" : "2025-10-08",
    "price" : 75.17,
    "dma50" : 82.86,
    "dma100" : 88.76,
    "dma200" : 85.38,
    "volume" : 110562.00
  }, {
    "date" : "2025-10-09",
    "price" : 73.76,
    "dma50" : 82.50,
    "dma100" : 88.60,
    "dma200" : 85.26,
    "volume" : 255317.00
  }, {
    "date" : "2025-10-10",
    "price" : 73.67,
    "dma50" : 82.16,
    "dma100" : 88.45,
    "dma200" : 85.15,
    "volume" : 274997.00
  }, {
    "date" : "2025-10-13",
    "price" : 72.57,
    "dma50" : 81.78,
    "dma100" : 88.24,
    "dma200" : 85.02,
    "volume" : 215581.00
  }, {
    "date" : "2025-10-14",
    "price" : 72.42,
    "dma50" : 81.41,
    "dma100" : 88.04,
    "dma200" : 84.90,
    "volume" : 419339.00
  }, {
    "date" : "2025-10-15",
    "price" : 71.30,
    "dma50" : 81.02,
    "dma100" : 87.88,
    "dma200" : 84.76,
    "volume" : 247852.00
  }, {
    "date" : "2025-10-16",
    "price" : 72.12,
    "dma50" : 80.67,
    "dma100" : 87.70,
    "dma200" : 84.64,
    "volume" : 114046.00
  }, {
    "date" : "2025-10-17",
    "price" : 71.12,
    "dma50" : 80.29,
    "dma100" : 87.53,
    "dma200" : 84.50,
    "volume" : 110518.00
  }, {
    "date" : "2025-10-20",
    "price" : 71.17,
    "dma50" : 79.94,
    "dma100" : 87.34,
    "dma200" : 84.37,
    "volume" : 129092.00
  }, {
    "date" : "2025-10-21",
    "price" : 71.78,
    "dma50" : 79.62,
    "dma100" : 87.16,
    "dma200" : 84.24,
    "volume" : 100872.00
  }, {
    "date" : "2025-10-23",
    "price" : 72.18,
    "dma50" : 79.33,
    "dma100" : 87.00,
    "dma200" : 84.12,
    "volume" : 124568.00
  }, {
    "date" : "2025-10-24",
    "price" : 71.81,
    "dma50" : 79.03,
    "dma100" : 86.83,
    "dma200" : 84.00,
    "volume" : 129373.00
  }, {
    "date" : "2025-10-27",
    "price" : 71.60,
    "dma50" : 78.74,
    "dma100" : 86.66,
    "dma200" : 83.88,
    "volume" : 150699.00
  }, {
    "date" : "2025-10-28",
    "price" : 70.50,
    "dma50" : 78.42,
    "dma100" : 86.49,
    "dma200" : 83.75,
    "volume" : 142337.00
  }, {
    "date" : "2025-10-29",
    "price" : 71.64,
    "dma50" : 78.15,
    "dma100" : 86.34,
    "dma200" : 83.63,
    "volume" : 143053.00
  }, {
    "date" : "2025-10-30",
    "price" : 70.72,
    "dma50" : 77.86,
    "dma100" : 86.17,
    "dma200" : 83.50,
    "volume" : 157660.00
  }, {
    "date" : "2025-10-31",
    "price" : 70.03,
    "dma50" : 77.55,
    "dma100" : 85.91,
    "dma200" : 83.36,
    "volume" : 137686.00
  }, {
    "date" : "2025-11-03",
    "price" : 70.23,
    "dma50" : 77.26,
    "dma100" : 85.68,
    "dma200" : 83.23,
    "volume" : 175974.00
  }, {
    "date" : "2025-11-04",
    "price" : 68.58,
    "dma50" : 76.92,
    "dma100" : 85.40,
    "dma200" : 83.09,
    "volume" : 243490.00
  }, {
    "date" : "2025-11-06",
    "price" : 66.75,
    "dma50" : 76.53,
    "dma100" : 85.10,
    "dma200" : 82.92,
    "volume" : 271152.00
  }, {
    "date" : "2025-11-07",
    "price" : 66.46,
    "dma50" : 76.13,
    "dma100" : 84.80,
    "dma200" : 82.76,
    "volume" : 317345.00
  }, {
    "date" : "2025-11-10",
    "price" : 65.33,
    "dma50" : 75.71,
    "dma100" : 84.48,
    "dma200" : 82.59,
    "volume" : 266947.00
  }, {
    "date" : "2025-11-11",
    "price" : 64.71,
    "dma50" : 75.28,
    "dma100" : 84.17,
    "dma200" : 82.41,
    "volume" : 175187.00
  }, {
    "date" : "2025-11-12",
    "price" : 65.43,
    "dma50" : 74.89,
    "dma100" : 83.87,
    "dma200" : 82.24,
    "volume" : 162657.00
  }, {
    "date" : "2025-11-13",
    "price" : 64.59,
    "dma50" : 74.49,
    "dma100" : 83.60,
    "dma200" : 82.06,
    "volume" : 444421.00
  }, {
    "date" : "2025-11-14",
    "price" : 62.53,
    "dma50" : 74.02,
    "dma100" : 83.29,
    "dma200" : 81.87,
    "volume" : 442305.00
  }, {
    "date" : "2025-11-17",
    "price" : 62.13,
    "dma50" : 73.55,
    "dma100" : 82.98,
    "dma200" : 81.67,
    "volume" : 314781.00
  }, {
    "date" : "2025-11-18",
    "price" : 60.20,
    "dma50" : 73.03,
    "dma100" : 82.64,
    "dma200" : 81.46,
    "volume" : 2177638.00
  }, {
    "date" : "2025-11-19",
    "price" : 57.78,
    "dma50" : 72.43,
    "dma100" : 82.26,
    "dma200" : 81.22,
    "volume" : 679114.00
  }, {
    "date" : "2025-11-20",
    "price" : 58.56,
    "dma50" : 71.89,
    "dma100" : 81.88,
    "dma200" : 81.00,
    "volume" : 454500.00
  }, {
    "date" : "2025-11-21",
    "price" : 58.38,
    "dma50" : 71.36,
    "dma100" : 81.51,
    "dma200" : 80.77,
    "volume" : 436085.00
  }, {
    "date" : "2025-11-24",
    "price" : 56.68,
    "dma50" : 70.78,
    "dma100" : 81.09,
    "dma200" : 80.53,
    "volume" : 278543.00
  }, {
    "date" : "2025-11-25",
    "price" : 59.43,
    "dma50" : 70.34,
    "dma100" : 80.68,
    "dma200" : 80.32,
    "volume" : 757487.00
  }, {
    "date" : "2025-11-26",
    "price" : 61.28,
    "dma50" : 69.98,
    "dma100" : 80.31,
    "dma200" : 80.13,
    "volume" : 495606.00
  }, {
    "date" : "2025-11-27",
    "price" : 62.26,
    "dma50" : 69.68,
    "dma100" : 79.95,
    "dma200" : 79.96,
    "volume" : 263208.00
  }, {
    "date" : "2025-11-28",
    "price" : 62.02,
    "dma50" : 69.38,
    "dma100" : 79.58,
    "dma200" : 79.78,
    "volume" : 165124.00
  }, {
    "date" : "2025-12-01",
    "price" : 63.56,
    "dma50" : 69.15,
    "dma100" : 79.21,
    "dma200" : 79.62,
    "volume" : 359367.00
  }, {
    "date" : "2025-12-02",
    "price" : 62.18,
    "dma50" : 68.88,
    "dma100" : 78.82,
    "dma200" : 79.44,
    "volume" : 133138.00
  }, {
    "date" : "2025-12-03",
    "price" : 60.80,
    "dma50" : 68.56,
    "dma100" : 78.42,
    "dma200" : 79.26,
    "volume" : 152712.00
  }, {
    "date" : "2025-12-04",
    "price" : 62.29,
    "dma50" : 68.31,
    "dma100" : 78.04,
    "dma200" : 79.09,
    "volume" : 229554.00
  }, {
    "date" : "2025-12-05",
    "price" : 60.19,
    "dma50" : 67.99,
    "dma100" : 77.58,
    "dma200" : 78.90,
    "volume" : 114783.00
  }, {
    "date" : "2025-12-08",
    "price" : 58.60,
    "dma50" : 67.63,
    "dma100" : 77.16,
    "dma200" : 78.70,
    "volume" : 315619.00
  }, {
    "date" : "2025-12-09",
    "price" : 59.47,
    "dma50" : 67.31,
    "dma100" : 76.78,
    "dma200" : 78.51,
    "volume" : 359010.00
  }, {
    "date" : "2025-12-10",
    "price" : 59.07,
    "dma50" : 66.98,
    "dma100" : 76.44,
    "dma200" : 78.31,
    "volume" : 145851.00
  }, {
    "date" : "2025-12-11",
    "price" : 59.72,
    "dma50" : 66.70,
    "dma100" : 76.07,
    "dma200" : 78.13,
    "volume" : 413894.00
  }, {
    "date" : "2025-12-12",
    "price" : 61.29,
    "dma50" : 66.49,
    "dma100" : 75.74,
    "dma200" : 77.96,
    "volume" : 260772.00
  }, {
    "date" : "2025-12-15",
    "price" : 64.03,
    "dma50" : 66.39,
    "dma100" : 75.46,
    "dma200" : 77.82,
    "volume" : 793607.00
  }, {
    "date" : "2025-12-16",
    "price" : 62.28,
    "dma50" : 66.23,
    "dma100" : 75.18,
    "dma200" : 77.67,
    "volume" : 347867.00
  }, {
    "date" : "2025-12-17",
    "price" : 70.48,
    "dma50" : 66.40,
    "dma100" : 74.98,
    "dma200" : 77.60,
    "volume" : 81365503.00
  }, {
    "date" : "2025-12-18",
    "price" : 75.80,
    "dma50" : 66.76,
    "dma100" : 74.84,
    "dma200" : 77.58,
    "volume" : 97425802.00
  }, {
    "date" : "2025-12-19",
    "price" : 75.81,
    "dma50" : 67.12,
    "dma100" : 74.70,
    "dma200" : 77.56,
    "volume" : 39690581.00
  }, {
    "date" : "2025-12-22",
    "price" : 73.37,
    "dma50" : 67.36,
    "dma100" : 74.53,
    "dma200" : 77.52,
    "volume" : 7153420.00
  }, {
    "date" : "2025-12-23",
    "price" : 71.47,
    "dma50" : 67.53,
    "dma100" : 74.33,
    "dma200" : 77.46,
    "volume" : 2909963.00
  }, {
    "date" : "2025-12-24",
    "price" : 70.43,
    "dma50" : 67.64,
    "dma100" : 74.10,
    "dma200" : 77.39,
    "volume" : 2434138.00
  }, {
    "date" : "2025-12-26",
    "price" : 71.67,
    "dma50" : 67.80,
    "dma100" : 73.93,
    "dma200" : 77.33,
    "volume" : 3800795.00
  }, {
    "date" : "2025-12-29",
    "price" : 70.03,
    "dma50" : 67.88,
    "dma100" : 73.76,
    "dma200" : 77.26,
    "volume" : 1544001.00
  }, {
    "date" : "2025-12-30",
    "price" : 68.62,
    "dma50" : 67.91,
    "dma100" : 73.58,
    "dma200" : 77.17,
    "volume" : 1026342.00
  }, {
    "date" : "2025-12-31",
    "price" : 68.82,
    "dma50" : 67.95,
    "dma100" : 73.39,
    "dma200" : 77.09,
    "volume" : 1204603.00
  }, {
    "date" : "2026-01-01",
    "price" : 68.65,
    "dma50" : 67.98,
    "dma100" : 73.22,
    "dma200" : 77.01,
    "volume" : 762428.00
  }, {
    "date" : "2026-01-02",
    "price" : 69.44,
    "dma50" : 68.03,
    "dma100" : 73.08,
    "dma200" : 76.93,
    "volume" : 862927.00
  }, {
    "date" : "2026-01-05",
    "price" : 68.62,
    "dma50" : 68.06,
    "dma100" : 72.94,
    "dma200" : 76.85,
    "volume" : 1944026.00
  }, {
    "date" : "2026-01-06",
    "price" : 67.75,
    "dma50" : 68.04,
    "dma100" : 72.76,
    "dma200" : 76.76,
    "volume" : 834060.00
  }, {
    "date" : "2026-01-07",
    "price" : 67.12,
    "dma50" : 68.01,
    "dma100" : 72.55,
    "dma200" : 76.66,
    "volume" : 688571.00
  }, {
    "date" : "2026-01-08",
    "price" : 63.65,
    "dma50" : 67.84,
    "dma100" : 72.30,
    "dma200" : 76.53,
    "volume" : 1485867.00
  }, {
    "date" : "2026-01-09",
    "price" : 62.26,
    "dma50" : 67.62,
    "dma100" : 72.04,
    "dma200" : 76.39,
    "volume" : 806507.00
  }, {
    "date" : "2026-01-12",
    "price" : 62.67,
    "dma50" : 67.42,
    "dma100" : 71.79,
    "dma200" : 76.25,
    "volume" : 1360803.00
  }, {
    "date" : "2026-01-13",
    "price" : 60.90,
    "dma50" : 67.17,
    "dma100" : 71.51,
    "dma200" : 76.10,
    "volume" : 1039793.00
  }, {
    "date" : "2026-01-14",
    "price" : 59.88,
    "dma50" : 66.88,
    "dma100" : 71.23,
    "dma200" : 75.94,
    "volume" : 796751.00
  }, {
    "date" : "2026-01-16",
    "price" : 60.72,
    "dma50" : 66.64,
    "dma100" : 70.97,
    "dma200" : 75.79,
    "volume" : 950961.00
  }, {
    "date" : "2026-01-19",
    "price" : 59.94,
    "dma50" : 66.38,
    "dma100" : 70.73,
    "dma200" : 75.63,
    "volume" : 389348.00
  }, {
    "date" : "2026-01-20",
    "price" : 57.93,
    "dma50" : 66.05,
    "dma100" : 70.48,
    "dma200" : 75.45,
    "volume" : 620663.00
  }, {
    "date" : "2026-01-21",
    "price" : 56.82,
    "dma50" : 65.69,
    "dma100" : 70.21,
    "dma200" : 75.27,
    "volume" : 739695.00
  }, {
    "date" : "2026-01-22",
    "price" : 58.71,
    "dma50" : 65.41,
    "dma100" : 69.97,
    "dma200" : 75.10,
    "volume" : 477955.00
  }, {
    "date" : "2026-01-23",
    "price" : 57.52,
    "dma50" : 65.10,
    "dma100" : 69.71,
    "dma200" : 74.93,
    "volume" : 406081.00
  }, {
    "date" : "2026-01-27",
    "price" : 57.50,
    "dma50" : 64.80,
    "dma100" : 69.45,
    "dma200" : 74.76,
    "volume" : 393530.00
  }, {
    "date" : "2026-01-28",
    "price" : 59.40,
    "dma50" : 64.59,
    "dma100" : 69.22,
    "dma200" : 74.60,
    "volume" : 567644.00
  }, {
    "date" : "2026-01-29",
    "price" : 56.59,
    "dma50" : 64.28,
    "dma100" : 68.96,
    "dma200" : 74.42,
    "volume" : 628651.00
  }, {
    "date" : "2026-01-30",
    "price" : 56.00,
    "dma50" : 63.95,
    "dma100" : 68.69,
    "dma200" : 74.24,
    "volume" : 755290.00
  }, {
    "date" : "2026-02-01",
    "price" : 56.13,
    "dma50" : 63.65,
    "dma100" : 68.41,
    "dma200" : 74.06,
    "volume" : 476360.00
  }, {
    "date" : "2026-02-02",
    "price" : 56.26,
    "dma50" : 63.36,
    "dma100" : 68.15,
    "dma200" : 73.88,
    "volume" : 446422.00
  }, {
    "date" : "2026-02-03",
    "price" : 59.03,
    "dma50" : 63.19,
    "dma100" : 67.93,
    "dma200" : 73.74,
    "volume" : 615874.00
  }, {
    "date" : "2026-02-04",
    "price" : 59.84,
    "dma50" : 63.06,
    "dma100" : 67.70,
    "dma200" : 73.60,
    "volume" : 749928.00
  }, {
    "date" : "2026-02-05",
    "price" : 58.21,
    "dma50" : 62.87,
    "dma100" : 67.45,
    "dma200" : 73.44,
    "volume" : 400963.00
  }, {
    "date" : "2026-02-06",
    "price" : 59.06,
    "dma50" : 62.72,
    "dma100" : 67.20,
    "dma200" : 73.30,
    "volume" : 414491.00
  }, {
    "date" : "2026-02-09",
    "price" : 61.66,
    "dma50" : 62.68,
    "dma100" : 66.98,
    "dma200" : 73.19,
    "volume" : 1185092.00
  }, {
    "date" : "2026-02-10",
    "price" : 62.09,
    "dma50" : 62.65,
    "dma100" : 66.77,
    "dma200" : 73.07,
    "volume" : 394447.00
  }, {
    "date" : "2026-02-11",
    "price" : 66.26,
    "dma50" : 62.79,
    "dma100" : 66.61,
    "dma200" : 73.01,
    "volume" : 5513749.00
  }, {
    "date" : "2026-02-12",
    "price" : 65.23,
    "dma50" : 62.89,
    "dma100" : 66.43,
    "dma200" : 72.93,
    "volume" : 1170872.00
  } ],
  "latestTechnicalAttributes" : {
    "date" : "2026-02-12",
    "price" : 65.23,
    "dma50" : 62.89,
    "dma100" : 66.43,
    "dma200" : 72.93,
    "volume" : 1170872.00
  },
  "quarterlyResults" : [ {
    "date" : "2005-03-31",
    "sales" : 6.33,
    "salesGrowthYoY" : null,
    "grossProfitMargin" : 72.99,
    "grossProfit" : 4.62,
    "operatingProfitMargin" : 17.54,
    "operatingProfit" : 1.11,
    "netProfitMargin" : 4.11,
    "netProfit" : 0.26
  }, {
    "date" : "2005-06-30",
    "sales" : 4.82,
    "salesGrowthYoY" : null,
    "grossProfitMargin" : 73.03,
    "grossProfit" : 3.52,
    "operatingProfitMargin" : 10.37,
    "operatingProfit" : 0.50,
    "netProfitMargin" : 4.36,
    "netProfit" : 0.21
  }, {
    "date" : "2005-09-30",
    "sales" : 5.25,
    "salesGrowthYoY" : null,
    "grossProfitMargin" : 71.05,
    "grossProfit" : 3.73,
    "operatingProfitMargin" : 9.71,
    "operatingProfit" : 0.51,
    "netProfitMargin" : 3.24,
    "netProfit" : 0.17
  }, {
    "date" : "2005-12-31",
    "sales" : 5.63,
    "salesGrowthYoY" : null,
    "grossProfitMargin" : 67.50,
    "grossProfit" : 3.80,
    "operatingProfitMargin" : 9.59,
    "operatingProfit" : 0.54,
    "netProfitMargin" : 2.31,
    "netProfit" : 0.13
  }, {
    "date" : "2006-03-31",
    "sales" : 8.61,
    "salesGrowthYoY" : 36.02,
    "grossProfitMargin" : 60.05,
    "grossProfit" : 5.17,
    "operatingProfitMargin" : 12.66,
    "operatingProfit" : 1.09,
    "netProfitMargin" : 4.53,
    "netProfit" : 0.39
  }, {
    "date" : "2006-06-30",
    "sales" : 5.86,
    "salesGrowthYoY" : 21.58,
    "grossProfitMargin" : 72.87,
    "grossProfit" : 4.27,
    "operatingProfitMargin" : 9.56,
    "operatingProfit" : 0.56,
    "netProfitMargin" : 4.44,
    "netProfit" : 0.26
  }, {
    "date" : "2006-09-30",
    "sales" : 8.66,
    "salesGrowthYoY" : 64.95,
    "grossProfitMargin" : 67.90,
    "grossProfit" : 5.88,
    "operatingProfitMargin" : 15.13,
    "operatingProfit" : 1.31,
    "netProfitMargin" : 7.27,
    "netProfit" : 0.63
  }, {
    "date" : "2006-12-31",
    "sales" : 8.86,
    "salesGrowthYoY" : 57.37,
    "grossProfitMargin" : 67.83,
    "grossProfit" : 6.01,
    "operatingProfitMargin" : 12.87,
    "operatingProfit" : 1.14,
    "netProfitMargin" : 6.66,
    "netProfit" : 0.59
  }, {
    "date" : "2007-03-31",
    "sales" : 10.56,
    "salesGrowthYoY" : 22.65,
    "grossProfitMargin" : 61.55,
    "grossProfit" : 6.50,
    "operatingProfitMargin" : 11.36,
    "operatingProfit" : 1.20,
    "netProfitMargin" : 5.30,
    "netProfit" : 0.56
  }, {
    "date" : "2007-06-30",
    "sales" : 7.87,
    "salesGrowthYoY" : 34.30,
    "grossProfitMargin" : 72.17,
    "grossProfit" : 5.68,
    "operatingProfitMargin" : 13.60,
    "operatingProfit" : 1.07,
    "netProfitMargin" : 5.59,
    "netProfit" : 0.44
  }, {
    "date" : "2007-09-30",
    "sales" : 10.14,
    "salesGrowthYoY" : 17.09,
    "grossProfitMargin" : 64.50,
    "grossProfit" : 6.54,
    "operatingProfitMargin" : 16.07,
    "operatingProfit" : 1.63,
    "netProfitMargin" : 7.50,
    "netProfit" : 0.76
  }, {
    "date" : "2007-12-31",
    "sales" : 10.38,
    "salesGrowthYoY" : 17.16,
    "grossProfitMargin" : 67.53,
    "grossProfit" : 7.01,
    "operatingProfitMargin" : 15.99,
    "operatingProfit" : 1.66,
    "netProfitMargin" : 7.90,
    "netProfit" : 0.82
  }, {
    "date" : "2008-03-31",
    "sales" : 13.93,
    "salesGrowthYoY" : 31.91,
    "grossProfitMargin" : 59.73,
    "grossProfit" : 8.32,
    "operatingProfitMargin" : 14.93,
    "operatingProfit" : 2.08,
    "netProfitMargin" : 7.25,
    "netProfit" : 1.01
  }, {
    "date" : "2008-06-30",
    "sales" : 10.65,
    "salesGrowthYoY" : 35.32,
    "grossProfitMargin" : 70.23,
    "grossProfit" : 7.48,
    "operatingProfitMargin" : 9.48,
    "operatingProfit" : 1.01,
    "netProfitMargin" : 6.20,
    "netProfit" : 0.66
  }, {
    "date" : "2008-09-30",
    "sales" : 14.06,
    "salesGrowthYoY" : 38.66,
    "grossProfitMargin" : 60.53,
    "grossProfit" : 8.51,
    "operatingProfitMargin" : 13.73,
    "operatingProfit" : 1.93,
    "netProfitMargin" : 6.12,
    "netProfit" : 0.86
  }, {
    "date" : "2008-12-31",
    "sales" : 14.02,
    "salesGrowthYoY" : 35.07,
    "grossProfitMargin" : 62.05,
    "grossProfit" : 8.70,
    "operatingProfitMargin" : 13.98,
    "operatingProfit" : 1.96,
    "netProfitMargin" : 5.06,
    "netProfit" : 0.71
  }, {
    "date" : "2009-03-31",
    "sales" : 13.57,
    "salesGrowthYoY" : -2.58,
    "grossProfitMargin" : 58.88,
    "grossProfit" : 7.99,
    "operatingProfitMargin" : 17.32,
    "operatingProfit" : 2.35,
    "netProfitMargin" : 7.96,
    "netProfit" : 1.08
  }, {
    "date" : "2009-06-30",
    "sales" : 10.40,
    "salesGrowthYoY" : -2.35,
    "grossProfitMargin" : 68.27,
    "grossProfit" : 7.10,
    "operatingProfitMargin" : 16.54,
    "operatingProfit" : 1.72,
    "netProfitMargin" : 8.85,
    "netProfit" : 0.92
  }, {
    "date" : "2009-09-30",
    "sales" : 11.53,
    "salesGrowthYoY" : -17.99,
    "grossProfitMargin" : 66.52,
    "grossProfit" : 7.67,
    "operatingProfitMargin" : 17.52,
    "operatingProfit" : 2.02,
    "netProfitMargin" : 8.33,
    "netProfit" : 0.96
  }, {
    "date" : "2009-12-31",
    "sales" : 12.75,
    "salesGrowthYoY" : -9.06,
    "grossProfitMargin" : 64.31,
    "grossProfit" : 8.20,
    "operatingProfitMargin" : 15.22,
    "operatingProfit" : 1.94,
    "netProfitMargin" : 6.27,
    "netProfit" : 0.80
  }, {
    "date" : "2010-03-31",
    "sales" : 16.89,
    "salesGrowthYoY" : 24.47,
    "grossProfitMargin" : 59.98,
    "grossProfit" : 10.13,
    "operatingProfitMargin" : 17.76,
    "operatingProfit" : 3.00,
    "netProfitMargin" : 8.76,
    "netProfit" : 1.48
  }, {
    "date" : "2010-06-30",
    "sales" : 12.33,
    "salesGrowthYoY" : 18.56,
    "grossProfitMargin" : 69.26,
    "grossProfit" : 8.54,
    "operatingProfitMargin" : 15.65,
    "operatingProfit" : 1.93,
    "netProfitMargin" : 7.54,
    "netProfit" : 0.93
  }, {
    "date" : "2010-09-30",
    "sales" : 16.92,
    "salesGrowthYoY" : 46.75,
    "grossProfitMargin" : 64.72,
    "grossProfit" : 10.95,
    "operatingProfitMargin" : 18.09,
    "operatingProfit" : 3.06,
    "netProfitMargin" : 10.52,
    "netProfit" : 1.78
  }, {
    "date" : "2010-12-31",
    "sales" : 15.56,
    "salesGrowthYoY" : 22.04,
    "grossProfitMargin" : 66.52,
    "grossProfit" : 10.35,
    "operatingProfitMargin" : 18.70,
    "operatingProfit" : 2.91,
    "netProfitMargin" : 8.68,
    "netProfit" : 1.35
  }, {
    "date" : "2011-03-31",
    "sales" : 16.35,
    "salesGrowthYoY" : -3.20,
    "grossProfitMargin" : 62.69,
    "grossProfit" : 10.25,
    "operatingProfitMargin" : 17.98,
    "operatingProfit" : 2.94,
    "netProfitMargin" : 8.07,
    "netProfit" : 1.32
  }, {
    "date" : "2011-06-30",
    "sales" : 14.48,
    "salesGrowthYoY" : 17.44,
    "grossProfitMargin" : 65.61,
    "grossProfit" : 9.50,
    "operatingProfitMargin" : 12.64,
    "operatingProfit" : 1.83,
    "netProfitMargin" : 4.70,
    "netProfit" : 0.68
  }, {
    "date" : "2011-09-30",
    "sales" : 17.87,
    "salesGrowthYoY" : 5.61,
    "grossProfitMargin" : 62.00,
    "grossProfit" : 11.08,
    "operatingProfitMargin" : 16.23,
    "operatingProfit" : 2.90,
    "netProfitMargin" : 8.39,
    "netProfit" : 1.50
  }, {
    "date" : "2011-12-31",
    "sales" : 21.27,
    "salesGrowthYoY" : 36.70,
    "grossProfitMargin" : 60.84,
    "grossProfit" : 12.94,
    "operatingProfitMargin" : 19.51,
    "operatingProfit" : 4.15,
    "netProfitMargin" : 11.89,
    "netProfit" : 2.53
  }, {
    "date" : "2012-03-31",
    "sales" : 24.57,
    "salesGrowthYoY" : 50.28,
    "grossProfitMargin" : 55.07,
    "grossProfit" : 13.53,
    "operatingProfitMargin" : 20.43,
    "operatingProfit" : 5.02,
    "netProfitMargin" : 10.42,
    "netProfit" : 2.56
  }, {
    "date" : "2012-06-30",
    "sales" : 16.74,
    "salesGrowthYoY" : 15.61,
    "grossProfitMargin" : 66.49,
    "grossProfit" : 11.13,
    "operatingProfitMargin" : 13.38,
    "operatingProfit" : 2.24,
    "netProfitMargin" : 5.20,
    "netProfit" : 0.87
  }, {
    "date" : "2012-09-30",
    "sales" : 22.83,
    "salesGrowthYoY" : 27.76,
    "grossProfitMargin" : 62.90,
    "grossProfit" : 14.36,
    "operatingProfitMargin" : 18.44,
    "operatingProfit" : 4.21,
    "netProfitMargin" : 8.23,
    "netProfit" : 1.88
  }, {
    "date" : "2012-12-31",
    "sales" : 23.62,
    "salesGrowthYoY" : 11.05,
    "grossProfitMargin" : 61.18,
    "grossProfit" : 14.45,
    "operatingProfitMargin" : 19.43,
    "operatingProfit" : 4.59,
    "netProfitMargin" : 10.50,
    "netProfit" : 2.48
  }, {
    "date" : "2013-03-31",
    "sales" : 25.52,
    "salesGrowthYoY" : 3.87,
    "grossProfitMargin" : 60.07,
    "grossProfit" : 15.33,
    "operatingProfitMargin" : 19.55,
    "operatingProfit" : 4.99,
    "netProfitMargin" : 11.05,
    "netProfit" : 2.82
  }, {
    "date" : "2013-06-30",
    "sales" : 18.16,
    "salesGrowthYoY" : 8.48,
    "grossProfitMargin" : 66.80,
    "grossProfit" : 12.13,
    "operatingProfitMargin" : 13.88,
    "operatingProfit" : 2.52,
    "netProfitMargin" : 6.61,
    "netProfit" : 1.20
  }, {
    "date" : "2013-09-30",
    "sales" : 22.76,
    "salesGrowthYoY" : -0.31,
    "grossProfitMargin" : 67.97,
    "grossProfit" : 15.47,
    "operatingProfitMargin" : 22.54,
    "operatingProfit" : 5.13,
    "netProfitMargin" : 10.90,
    "netProfit" : 2.48
  }, {
    "date" : "2013-12-31",
    "sales" : 23.64,
    "salesGrowthYoY" : 0.08,
    "grossProfitMargin" : 64.13,
    "grossProfit" : 15.16,
    "operatingProfitMargin" : 22.08,
    "operatingProfit" : 5.22,
    "netProfitMargin" : 13.20,
    "netProfit" : 3.12
  }, {
    "date" : "2014-03-31",
    "sales" : 25.03,
    "salesGrowthYoY" : -1.92,
    "grossProfitMargin" : 61.69,
    "grossProfit" : 15.44,
    "operatingProfitMargin" : 21.57,
    "operatingProfit" : 5.40,
    "netProfitMargin" : 11.15,
    "netProfit" : 2.79
  }, {
    "date" : "2014-06-30",
    "sales" : 18.94,
    "salesGrowthYoY" : 4.30,
    "grossProfitMargin" : 70.70,
    "grossProfit" : 13.39,
    "operatingProfitMargin" : 17.48,
    "operatingProfit" : 3.31,
    "netProfitMargin" : 8.82,
    "netProfit" : 1.67
  }, {
    "date" : "2014-09-30",
    "sales" : 26.27,
    "salesGrowthYoY" : 15.42,
    "grossProfitMargin" : 64.52,
    "grossProfit" : 16.95,
    "operatingProfitMargin" : 20.90,
    "operatingProfit" : 5.49,
    "netProfitMargin" : 9.33,
    "netProfit" : 2.45
  }, {
    "date" : "2014-12-31",
    "sales" : 24.10,
    "salesGrowthYoY" : 1.95,
    "grossProfitMargin" : 65.64,
    "grossProfit" : 15.82,
    "operatingProfitMargin" : 17.88,
    "operatingProfit" : 4.31,
    "netProfitMargin" : 7.18,
    "netProfit" : 1.73
  }, {
    "date" : "2015-03-31",
    "sales" : 24.98,
    "salesGrowthYoY" : -0.20,
    "grossProfitMargin" : 67.65,
    "grossProfit" : 16.90,
    "operatingProfitMargin" : 22.10,
    "operatingProfit" : 5.52,
    "netProfitMargin" : 6.29,
    "netProfit" : 1.57
  }, {
    "date" : "2015-06-30",
    "sales" : 19.63,
    "salesGrowthYoY" : 3.64,
    "grossProfitMargin" : 69.64,
    "grossProfit" : 13.67,
    "operatingProfitMargin" : 14.57,
    "operatingProfit" : 2.86,
    "netProfitMargin" : 2.70,
    "netProfit" : 0.53
  }, {
    "date" : "2015-09-30",
    "sales" : 27.18,
    "salesGrowthYoY" : 3.46,
    "grossProfitMargin" : 64.75,
    "grossProfit" : 17.60,
    "operatingProfitMargin" : 21.08,
    "operatingProfit" : 5.73,
    "netProfitMargin" : 6.66,
    "netProfit" : 1.81
  }, {
    "date" : "2015-12-31",
    "sales" : 24.44,
    "salesGrowthYoY" : 1.41,
    "grossProfitMargin" : 64.81,
    "grossProfit" : 15.84,
    "operatingProfitMargin" : 19.15,
    "operatingProfit" : 4.68,
    "netProfitMargin" : 4.01,
    "netProfit" : 0.98
  }, {
    "date" : "2016-03-31",
    "sales" : 23.75,
    "salesGrowthYoY" : -4.92,
    "grossProfitMargin" : 63.37,
    "grossProfit" : 15.05,
    "operatingProfitMargin" : 14.11,
    "operatingProfit" : 3.35,
    "netProfitMargin" : 4.04,
    "netProfit" : 0.96
  }, {
    "date" : "2016-06-30",
    "sales" : 20.52,
    "salesGrowthYoY" : 4.53,
    "grossProfitMargin" : 71.15,
    "grossProfit" : 14.60,
    "operatingProfitMargin" : 19.15,
    "operatingProfit" : 3.93,
    "netProfitMargin" : 4.34,
    "netProfit" : 0.89
  }, {
    "date" : "2016-09-30",
    "sales" : 23.00,
    "salesGrowthYoY" : -15.38,
    "grossProfitMargin" : 69.83,
    "grossProfit" : 16.06,
    "operatingProfitMargin" : 18.91,
    "operatingProfit" : 4.35,
    "netProfitMargin" : 5.83,
    "netProfit" : 1.34
  }, {
    "date" : "2016-12-31",
    "sales" : 21.94,
    "salesGrowthYoY" : -10.23,
    "grossProfitMargin" : 68.96,
    "grossProfit" : 15.13,
    "operatingProfitMargin" : 18.28,
    "operatingProfit" : 4.01,
    "netProfitMargin" : 6.06,
    "netProfit" : 1.33
  }, {
    "date" : "2017-03-31",
    "sales" : 33.79,
    "salesGrowthYoY" : 42.27,
    "grossProfitMargin" : 65.97,
    "grossProfit" : 22.29,
    "operatingProfitMargin" : 25.48,
    "operatingProfit" : 8.61,
    "netProfitMargin" : 10.48,
    "netProfit" : 3.54
  }, {
    "date" : "2017-06-30",
    "sales" : 18.89,
    "salesGrowthYoY" : -7.94,
    "grossProfitMargin" : 71.20,
    "grossProfit" : 13.45,
    "operatingProfitMargin" : 12.65,
    "operatingProfit" : 2.39,
    "netProfitMargin" : 1.96,
    "netProfit" : 0.37
  }, {
    "date" : "2017-09-30",
    "sales" : 26.92,
    "salesGrowthYoY" : 17.04,
    "grossProfitMargin" : 69.28,
    "grossProfit" : 18.65,
    "operatingProfitMargin" : 23.25,
    "operatingProfit" : 6.26,
    "netProfitMargin" : 10.44,
    "netProfit" : 2.81
  }, {
    "date" : "2017-12-31",
    "sales" : 25.37,
    "salesGrowthYoY" : 15.63,
    "grossProfitMargin" : 67.44,
    "grossProfit" : 17.11,
    "operatingProfitMargin" : 18.21,
    "operatingProfit" : 4.62,
    "netProfitMargin" : 4.97,
    "netProfit" : 1.26
  }, {
    "date" : "2018-03-31",
    "sales" : 37.94,
    "salesGrowthYoY" : 12.28,
    "grossProfitMargin" : 61.18,
    "grossProfit" : 23.21,
    "operatingProfitMargin" : 21.85,
    "operatingProfit" : 8.29,
    "netProfitMargin" : 10.86,
    "netProfit" : 4.12
  }, {
    "date" : "2018-06-30",
    "sales" : 27.12,
    "salesGrowthYoY" : 43.57,
    "grossProfitMargin" : 70.46,
    "grossProfit" : 19.11,
    "operatingProfitMargin" : 24.37,
    "operatingProfit" : 6.61,
    "netProfitMargin" : 16.08,
    "netProfit" : 4.36
  }, {
    "date" : "2018-09-30",
    "sales" : 31.18,
    "salesGrowthYoY" : 15.82,
    "grossProfitMargin" : 66.58,
    "grossProfit" : 20.76,
    "operatingProfitMargin" : 18.02,
    "operatingProfit" : 5.62,
    "netProfitMargin" : 9.20,
    "netProfit" : 2.87
  }, {
    "date" : "2018-12-31",
    "sales" : 30.49,
    "salesGrowthYoY" : 20.18,
    "grossProfitMargin" : 68.84,
    "grossProfit" : 20.99,
    "operatingProfitMargin" : 21.45,
    "operatingProfit" : 6.54,
    "netProfitMargin" : 8.76,
    "netProfit" : 2.67
  }, {
    "date" : "2019-03-31",
    "sales" : 38.97,
    "salesGrowthYoY" : 2.71,
    "grossProfitMargin" : 60.30,
    "grossProfit" : 23.50,
    "operatingProfitMargin" : 24.61,
    "operatingProfit" : 9.59,
    "netProfitMargin" : 13.83,
    "netProfit" : 5.39
  }, {
    "date" : "2019-06-30",
    "sales" : 26.04,
    "salesGrowthYoY" : -3.98,
    "grossProfitMargin" : 72.35,
    "grossProfit" : 18.84,
    "operatingProfitMargin" : 20.24,
    "operatingProfit" : 5.27,
    "netProfitMargin" : 9.10,
    "netProfit" : 2.37
  }, {
    "date" : "2019-09-30",
    "sales" : 38.14,
    "salesGrowthYoY" : 22.32,
    "grossProfitMargin" : 66.15,
    "grossProfit" : 25.23,
    "operatingProfitMargin" : 25.30,
    "operatingProfit" : 9.65,
    "netProfitMargin" : 17.02,
    "netProfit" : 6.49
  }, {
    "date" : "2019-12-31",
    "sales" : 34.16,
    "salesGrowthYoY" : 12.04,
    "grossProfitMargin" : 66.77,
    "grossProfit" : 22.81,
    "operatingProfitMargin" : 19.38,
    "operatingProfit" : 6.62,
    "netProfitMargin" : 11.45,
    "netProfit" : 3.91
  }, {
    "date" : "2020-03-31",
    "sales" : 23.33,
    "salesGrowthYoY" : -40.13,
    "grossProfitMargin" : 66.22,
    "grossProfit" : 15.45,
    "operatingProfitMargin" : -0.43,
    "operatingProfit" : -0.10,
    "netProfitMargin" : 0.34,
    "netProfit" : 0.08
  }, {
    "date" : "2020-06-30",
    "sales" : 19.32,
    "salesGrowthYoY" : -25.81,
    "grossProfitMargin" : 71.27,
    "grossProfit" : 13.77,
    "operatingProfitMargin" : 21.79,
    "operatingProfit" : 4.21,
    "netProfitMargin" : 12.27,
    "netProfit" : 2.37
  }, {
    "date" : "2020-09-30",
    "sales" : 30.21,
    "salesGrowthYoY" : -20.79,
    "grossProfitMargin" : 68.75,
    "grossProfit" : 20.77,
    "operatingProfitMargin" : 34.03,
    "operatingProfit" : 10.28,
    "netProfitMargin" : 23.50,
    "netProfit" : 7.10
  }, {
    "date" : "2020-12-31",
    "sales" : 33.55,
    "salesGrowthYoY" : -1.79,
    "grossProfitMargin" : 64.95,
    "grossProfit" : 21.79,
    "operatingProfitMargin" : 29.00,
    "operatingProfit" : 9.73,
    "netProfitMargin" : 20.00,
    "netProfit" : 6.71
  }, {
    "date" : "2021-03-31",
    "sales" : 32.64,
    "salesGrowthYoY" : 39.91,
    "grossProfitMargin" : 65.47,
    "grossProfit" : 21.37,
    "operatingProfitMargin" : 13.91,
    "operatingProfit" : 4.54,
    "netProfitMargin" : 9.93,
    "netProfit" : 3.24
  }, {
    "date" : "2021-06-30",
    "sales" : 32.77,
    "salesGrowthYoY" : 69.62,
    "grossProfitMargin" : 72.99,
    "grossProfit" : 23.92,
    "operatingProfitMargin" : 32.68,
    "operatingProfit" : 10.71,
    "netProfitMargin" : 22.89,
    "netProfit" : 7.50
  }, {
    "date" : "2021-09-30",
    "sales" : 37.42,
    "salesGrowthYoY" : 23.87,
    "grossProfitMargin" : 69.24,
    "grossProfit" : 25.91,
    "operatingProfitMargin" : 26.83,
    "operatingProfit" : 10.04,
    "netProfitMargin" : 19.19,
    "netProfit" : 7.18
  }, {
    "date" : "2021-12-31",
    "sales" : 40.16,
    "salesGrowthYoY" : 19.70,
    "grossProfitMargin" : 64.82,
    "grossProfit" : 26.03,
    "operatingProfitMargin" : 23.68,
    "operatingProfit" : 9.51,
    "netProfitMargin" : 17.60,
    "netProfit" : 7.07
  }, {
    "date" : "2022-03-31",
    "sales" : 41.25,
    "salesGrowthYoY" : 26.38,
    "grossProfitMargin" : 60.32,
    "grossProfit" : 24.88,
    "operatingProfitMargin" : 19.35,
    "operatingProfit" : 7.98,
    "netProfitMargin" : 10.91,
    "netProfit" : 4.50
  }, {
    "date" : "2022-06-30",
    "sales" : 35.74,
    "salesGrowthYoY" : 9.06,
    "grossProfitMargin" : 71.66,
    "grossProfit" : 25.61,
    "operatingProfitMargin" : 25.60,
    "operatingProfit" : 9.15,
    "netProfitMargin" : 15.86,
    "netProfit" : 5.67
  }, {
    "date" : "2022-09-30",
    "sales" : 46.91,
    "salesGrowthYoY" : 25.36,
    "grossProfitMargin" : 65.57,
    "grossProfit" : 30.76,
    "operatingProfitMargin" : 22.38,
    "operatingProfit" : 10.50,
    "netProfitMargin" : 13.98,
    "netProfit" : 6.56
  }, {
    "date" : "2022-12-31",
    "sales" : 47.27,
    "salesGrowthYoY" : 17.70,
    "grossProfitMargin" : 65.67,
    "grossProfit" : 31.04,
    "operatingProfitMargin" : 23.19,
    "operatingProfit" : 10.96,
    "netProfitMargin" : 16.73,
    "netProfit" : 7.91
  }, {
    "date" : "2023-03-31",
    "sales" : 60.73,
    "salesGrowthYoY" : 47.22,
    "grossProfitMargin" : 58.67,
    "grossProfit" : 35.63,
    "operatingProfitMargin" : 27.48,
    "operatingProfit" : 16.69,
    "netProfitMargin" : 16.70,
    "netProfit" : 10.14
  }, {
    "date" : "2023-06-30",
    "sales" : 45.90,
    "salesGrowthYoY" : 28.43,
    "grossProfitMargin" : 65.66,
    "grossProfit" : 30.14,
    "operatingProfitMargin" : 23.70,
    "operatingProfit" : 10.88,
    "netProfitMargin" : 14.34,
    "netProfit" : 6.58
  }, {
    "date" : "2023-09-30",
    "sales" : 70.22,
    "salesGrowthYoY" : 49.69,
    "grossProfitMargin" : 58.80,
    "grossProfit" : 41.29,
    "operatingProfitMargin" : 27.13,
    "operatingProfit" : 19.05,
    "netProfitMargin" : 17.33,
    "netProfit" : 12.17
  }, {
    "date" : "2023-12-31",
    "sales" : 48.01,
    "salesGrowthYoY" : 1.57,
    "grossProfitMargin" : 68.17,
    "grossProfit" : 32.73,
    "operatingProfitMargin" : 25.54,
    "operatingProfit" : 12.26,
    "netProfitMargin" : 15.89,
    "netProfit" : 7.63
  }, {
    "date" : "2024-03-31",
    "sales" : 65.68,
    "salesGrowthYoY" : 8.15,
    "grossProfitMargin" : 60.64,
    "grossProfit" : 39.83,
    "operatingProfitMargin" : 25.18,
    "operatingProfit" : 16.54,
    "netProfitMargin" : 15.04,
    "netProfit" : 9.88
  }, {
    "date" : "2024-06-30",
    "sales" : 44.70,
    "salesGrowthYoY" : -2.61,
    "grossProfitMargin" : 69.96,
    "grossProfit" : 31.27,
    "operatingProfitMargin" : 22.21,
    "operatingProfit" : 9.93,
    "netProfitMargin" : 10.29,
    "netProfit" : 4.60
  }, {
    "date" : "2024-09-30",
    "sales" : 70.25,
    "salesGrowthYoY" : 0.04,
    "grossProfitMargin" : 61.32,
    "grossProfit" : 43.08,
    "operatingProfitMargin" : 24.67,
    "operatingProfit" : 17.33,
    "netProfitMargin" : 15.33,
    "netProfit" : 10.77
  }, {
    "date" : "2024-12-31",
    "sales" : 57.52,
    "salesGrowthYoY" : 19.81,
    "grossProfitMargin" : 59.37,
    "grossProfit" : 34.15,
    "operatingProfitMargin" : 16.48,
    "operatingProfit" : 9.48,
    "netProfitMargin" : 6.22,
    "netProfit" : 3.58
  }, {
    "date" : "2025-03-31",
    "sales" : 67.90,
    "salesGrowthYoY" : 3.38,
    "grossProfitMargin" : 63.14,
    "grossProfit" : 42.87,
    "operatingProfitMargin" : 27.53,
    "operatingProfit" : 18.69,
    "netProfitMargin" : 17.44,
    "netProfit" : 11.84
  }, {
    "date" : "2025-06-30",
    "sales" : 51.63,
    "salesGrowthYoY" : 15.50,
    "grossProfitMargin" : 66.28,
    "grossProfit" : 34.22,
    "operatingProfitMargin" : 23.11,
    "operatingProfit" : 11.93,
    "netProfitMargin" : 10.79,
    "netProfit" : 5.57
  }, {
    "date" : "2025-09-30",
    "sales" : 48.75,
    "salesGrowthYoY" : -30.60,
    "grossProfitMargin" : 68.47,
    "grossProfit" : 33.38,
    "operatingProfitMargin" : 17.31,
    "operatingProfit" : 8.44,
    "netProfitMargin" : 7.41,
    "netProfit" : 3.61
  }, {
    "date" : "2025-12-31",
    "sales" : 57.79,
    "salesGrowthYoY" : 0.47,
    "grossProfitMargin" : 63.94,
    "grossProfit" : 36.95,
    "operatingProfitMargin" : 20.78,
    "operatingProfit" : 12.01,
    "netProfitMargin" : 10.95,
    "netProfit" : 6.33
  } ],
  "latestQuarterlyResult" : {
    "date" : "2025-12-31",
    "sales" : 57.79,
    "salesGrowthYoY" : 0.47,
    "grossProfitMargin" : 63.94,
    "grossProfit" : 36.95,
    "operatingProfitMargin" : 20.78,
    "operatingProfit" : 12.01,
    "netProfitMargin" : 10.95,
    "netProfit" : 6.33
  },
  "companyScore" : {
    "priceHigherThanDma50" : 5.00,
    "priceHigherThanDma100" : 0.00,
    "priceHigherThanDma200" : 0.00,
    "dma50HigherThanDma100" : 0.00,
    "dma50HigherThanDma200" : 0.00,
    "dma100HigherThanDma200" : 0.00,
    "pricePercentageAboveDma50" : 4.81,
    "pricePercentageAboveDma100" : 5.09,
    "pricePercentageAboveDma200" : 5.53,
    "weeklyVolumeHigherThanYearlyVolume" : 5.00,
    "salesGrowthPercentile" : 7.40,
    "operatingProfitMarginPercentile" : 12.62,
    "netProfitMarginPercentile" : 7.14,
    "totalTechnicalScore" : 25.43,
    "totalFundamentalScore" : 27.16,
    "totalScore" : 52.59
  }
}