{
  "metadata" : {
    "screenerCompanyId" : "1433",
    "companyCode" : "RTNPOWER",
    "companyName" : "RattanIndia Pow.",
    "screenerCompanyLink" : "https://www.screener.in/company/RTNPOWER/consolidated/",
    "screenerTechnicalHistoryLink" : "https://www.screener.in/api/company/1433/chart/?q=Price-DMA50-DMA200-Volume&days=365",
    "screenerQuarterlyResultsLink" : "https://www.screener.in/api/company/1433/chart/?q=GPM-OPM-NPM-Quarter+Sales&days=10000",
    "attributes" : {
      "companyCode" : "RTNPOWER",
      "companyName" : "RattanIndia Pow.",
      "marketCap" : 4710.00,
      "peRatio" : 34.80,
      "description" : "RattanIndia Power Limited is one of India’s largest private power generation company, with installed capacity of 2,700 MW thermal power plants at Amravati and Nashik (1,350 MW at each location) in Maharashtra, India. [1]"
    },
    "companyScore" : {
      "priceHigherThanDma50" : 0.00,
      "priceHigherThanDma100" : 0.00,
      "priceHigherThanDma200" : 0.00,
      "dma50HigherThanDma100" : 0.00,
      "dma50HigherThanDma200" : 0.00,
      "dma100HigherThanDma200" : 0.00,
      "pricePercentageAboveDma50" : 5.22,
      "pricePercentageAboveDma100" : 5.60,
      "pricePercentageAboveDma200" : 5.90,
      "weeklyVolumeHigherThanYearlyVolume" : 0.00,
      "salesGrowthPercentile" : 7.42,
      "operatingProfitMarginPercentile" : 19.82,
      "netProfitMarginPercentile" : 7.58,
      "totalTechnicalScore" : 16.73,
      "totalFundamentalScore" : 34.81,
      "totalScore" : 51.54
    }
  },
  "attributes" : {
    "companyCode" : "RTNPOWER",
    "companyName" : "RattanIndia Pow.",
    "marketCap" : 4710.00,
    "peRatio" : 34.80,
    "description" : "RattanIndia Power Limited is one of India’s largest private power generation company, with installed capacity of 2,700 MW thermal power plants at Amravati and Nashik (1,350 MW at each location) in Maharashtra, India. [1]"
  },
  "technicalHistory" : [ {
    "date" : "2025-02-14",
    "price" : 9.59,
    "dma50" : 12.09,
    "dma100" : null,
    "dma200" : 13.06,
    "volume" : 26167985.00
  }, {
    "date" : "2025-02-17",
    "price" : 9.61,
    "dma50" : 11.99,
    "dma100" : null,
    "dma200" : 13.02,
    "volume" : 18527875.00
  }, {
    "date" : "2025-02-18",
    "price" : 9.37,
    "dma50" : 11.89,
    "dma100" : null,
    "dma200" : 12.99,
    "volume" : 13685252.00
  }, {
    "date" : "2025-02-19",
    "price" : 9.84,
    "dma50" : 11.81,
    "dma100" : null,
    "dma200" : 12.95,
    "volume" : 15404548.00
  }, {
    "date" : "2025-02-20",
    "price" : 10.05,
    "dma50" : 11.74,
    "dma100" : null,
    "dma200" : 12.92,
    "volume" : 11692377.00
  }, {
    "date" : "2025-02-21",
    "price" : 9.85,
    "dma50" : 11.66,
    "dma100" : null,
    "dma200" : 12.89,
    "volume" : 16749748.00
  }, {
    "date" : "2025-02-24",
    "price" : 9.67,
    "dma50" : 11.58,
    "dma100" : null,
    "dma200" : 12.86,
    "volume" : 9067951.00
  }, {
    "date" : "2025-02-25",
    "price" : 9.61,
    "dma50" : 11.51,
    "dma100" : null,
    "dma200" : 12.83,
    "volume" : 8642172.00
  }, {
    "date" : "2025-02-27",
    "price" : 9.36,
    "dma50" : 11.42,
    "dma100" : null,
    "dma200" : 12.80,
    "volume" : 11364480.00
  }, {
    "date" : "2025-02-28",
    "price" : 8.91,
    "dma50" : 11.32,
    "dma100" : null,
    "dma200" : 12.76,
    "volume" : 25169255.00
  }, {
    "date" : "2025-03-03",
    "price" : 8.74,
    "dma50" : 11.22,
    "dma100" : null,
    "dma200" : 12.72,
    "volume" : 28910508.00
  }, {
    "date" : "2025-03-04",
    "price" : 8.79,
    "dma50" : 11.13,
    "dma100" : null,
    "dma200" : 12.68,
    "volume" : 17061185.00
  }, {
    "date" : "2025-03-05",
    "price" : 9.33,
    "dma50" : 11.06,
    "dma100" : null,
    "dma200" : 12.64,
    "volume" : 14333460.00
  }, {
    "date" : "2025-03-06",
    "price" : 9.44,
    "dma50" : 10.99,
    "dma100" : null,
    "dma200" : 12.61,
    "volume" : 16862549.00
  }, {
    "date" : "2025-03-07",
    "price" : 10.26,
    "dma50" : 10.96,
    "dma100" : null,
    "dma200" : 12.59,
    "volume" : 33303618.00
  }, {
    "date" : "2025-03-10",
    "price" : 9.80,
    "dma50" : 10.92,
    "dma100" : null,
    "dma200" : 12.56,
    "volume" : 20558623.00
  }, {
    "date" : "2025-03-11",
    "price" : 9.43,
    "dma50" : 10.86,
    "dma100" : null,
    "dma200" : 12.53,
    "volume" : 15319821.00
  }, {
    "date" : "2025-03-12",
    "price" : 9.41,
    "dma50" : 10.80,
    "dma100" : null,
    "dma200" : 12.50,
    "volume" : 11278472.00
  }, {
    "date" : "2025-03-13",
    "price" : 9.25,
    "dma50" : 10.74,
    "dma100" : null,
    "dma200" : 12.47,
    "volume" : 10738016.00
  }, {
    "date" : "2025-03-17",
    "price" : 9.08,
    "dma50" : 10.68,
    "dma100" : null,
    "dma200" : 12.43,
    "volume" : 14429507.00
  }, {
    "date" : "2025-03-18",
    "price" : 9.56,
    "dma50" : 10.63,
    "dma100" : null,
    "dma200" : 12.40,
    "volume" : 17736732.00
  }, {
    "date" : "2025-03-19",
    "price" : 10.05,
    "dma50" : 10.61,
    "dma100" : null,
    "dma200" : 12.38,
    "volume" : 21262689.00
  }, {
    "date" : "2025-03-20",
    "price" : 10.06,
    "dma50" : 10.59,
    "dma100" : null,
    "dma200" : 12.36,
    "volume" : 17518401.00
  }, {
    "date" : "2025-03-21",
    "price" : 10.26,
    "dma50" : 10.58,
    "dma100" : null,
    "dma200" : 12.34,
    "volume" : 18115492.00
  }, {
    "date" : "2025-03-24",
    "price" : 10.38,
    "dma50" : 10.57,
    "dma100" : null,
    "dma200" : 12.32,
    "volume" : 17222498.00
  }, {
    "date" : "2025-03-25",
    "price" : 9.94,
    "dma50" : 10.54,
    "dma100" : null,
    "dma200" : 12.29,
    "volume" : 24932745.00
  }, {
    "date" : "2025-03-26",
    "price" : 9.66,
    "dma50" : 10.51,
    "dma100" : null,
    "dma200" : 12.27,
    "volume" : 21835465.00
  }, {
    "date" : "2025-03-27",
    "price" : 10.17,
    "dma50" : 10.50,
    "dma100" : null,
    "dma200" : 12.25,
    "volume" : 38112421.00
  }, {
    "date" : "2025-03-28",
    "price" : 9.79,
    "dma50" : 10.47,
    "dma100" : null,
    "dma200" : 12.22,
    "volume" : 20736162.00
  }, {
    "date" : "2025-04-01",
    "price" : 10.03,
    "dma50" : 10.45,
    "dma100" : null,
    "dma200" : 12.20,
    "volume" : 12166353.00
  }, {
    "date" : "2025-04-02",
    "price" : 10.04,
    "dma50" : 10.44,
    "dma100" : null,
    "dma200" : 12.18,
    "volume" : 10284322.00
  }, {
    "date" : "2025-04-03",
    "price" : 10.27,
    "dma50" : 10.43,
    "dma100" : null,
    "dma200" : 12.16,
    "volume" : 14197390.00
  }, {
    "date" : "2025-04-04",
    "price" : 9.95,
    "dma50" : 10.41,
    "dma100" : null,
    "dma200" : 12.14,
    "volume" : 13345978.00
  }, {
    "date" : "2025-04-07",
    "price" : 9.46,
    "dma50" : 10.37,
    "dma100" : null,
    "dma200" : 12.11,
    "volume" : 16070192.00
  }, {
    "date" : "2025-04-08",
    "price" : 9.59,
    "dma50" : 10.34,
    "dma100" : null,
    "dma200" : 12.09,
    "volume" : 10016695.00
  }, {
    "date" : "2025-04-09",
    "price" : 9.39,
    "dma50" : 10.30,
    "dma100" : null,
    "dma200" : 12.06,
    "volume" : 7154515.00
  }, {
    "date" : "2025-04-11",
    "price" : 9.72,
    "dma50" : 10.28,
    "dma100" : null,
    "dma200" : 12.04,
    "volume" : 10764146.00
  }, {
    "date" : "2025-04-15",
    "price" : 10.11,
    "dma50" : 10.27,
    "dma100" : null,
    "dma200" : 12.02,
    "volume" : 14235607.00
  }, {
    "date" : "2025-04-16",
    "price" : 10.23,
    "dma50" : 10.27,
    "dma100" : null,
    "dma200" : 12.00,
    "volume" : 9496787.00
  }, {
    "date" : "2025-04-17",
    "price" : 10.18,
    "dma50" : 10.27,
    "dma100" : null,
    "dma200" : 11.98,
    "volume" : 9258646.00
  }, {
    "date" : "2025-04-21",
    "price" : 10.54,
    "dma50" : 10.28,
    "dma100" : null,
    "dma200" : 11.97,
    "volume" : 17557517.00
  }, {
    "date" : "2025-04-22",
    "price" : 11.64,
    "dma50" : 10.33,
    "dma100" : null,
    "dma200" : 11.96,
    "volume" : 57308826.00
  }, {
    "date" : "2025-04-23",
    "price" : 11.33,
    "dma50" : 10.37,
    "dma100" : null,
    "dma200" : 11.96,
    "volume" : 26169363.00
  }, {
    "date" : "2025-04-24",
    "price" : 11.32,
    "dma50" : 10.41,
    "dma100" : null,
    "dma200" : 11.95,
    "volume" : 16043460.00
  }, {
    "date" : "2025-04-25",
    "price" : 10.61,
    "dma50" : 10.42,
    "dma100" : null,
    "dma200" : 11.94,
    "volume" : 29299971.00
  }, {
    "date" : "2025-04-28",
    "price" : 10.50,
    "dma50" : 10.42,
    "dma100" : null,
    "dma200" : 11.92,
    "volume" : 12032806.00
  }, {
    "date" : "2025-04-29",
    "price" : 10.46,
    "dma50" : 10.42,
    "dma100" : null,
    "dma200" : 11.91,
    "volume" : 9728345.00
  }, {
    "date" : "2025-04-30",
    "price" : 9.96,
    "dma50" : 10.40,
    "dma100" : null,
    "dma200" : 11.89,
    "volume" : 21754587.00
  }, {
    "date" : "2025-05-02",
    "price" : 9.92,
    "dma50" : 10.39,
    "dma100" : null,
    "dma200" : 11.87,
    "volume" : 12315846.00
  }, {
    "date" : "2025-05-05",
    "price" : 10.31,
    "dma50" : 10.38,
    "dma100" : null,
    "dma200" : 11.85,
    "volume" : 13425022.00
  }, {
    "date" : "2025-05-06",
    "price" : 10.01,
    "dma50" : 10.37,
    "dma100" : null,
    "dma200" : 11.84,
    "volume" : 14555076.00
  }, {
    "date" : "2025-05-07",
    "price" : 10.40,
    "dma50" : 10.37,
    "dma100" : null,
    "dma200" : 11.82,
    "volume" : 44863429.00
  }, {
    "date" : "2025-05-08",
    "price" : 10.05,
    "dma50" : 10.36,
    "dma100" : null,
    "dma200" : 11.80,
    "volume" : 17735272.00
  }, {
    "date" : "2025-05-09",
    "price" : 9.85,
    "dma50" : 10.34,
    "dma100" : null,
    "dma200" : 11.78,
    "volume" : 23553507.00
  }, {
    "date" : "2025-05-12",
    "price" : 10.41,
    "dma50" : 10.34,
    "dma100" : null,
    "dma200" : 11.77,
    "volume" : 19100166.00
  }, {
    "date" : "2025-05-13",
    "price" : 10.40,
    "dma50" : 10.34,
    "dma100" : null,
    "dma200" : 11.76,
    "volume" : 11114104.00
  }, {
    "date" : "2025-05-14",
    "price" : 10.50,
    "dma50" : 10.35,
    "dma100" : null,
    "dma200" : 11.74,
    "volume" : 15970043.00
  }, {
    "date" : "2025-05-15",
    "price" : 10.57,
    "dma50" : 10.36,
    "dma100" : null,
    "dma200" : 11.73,
    "volume" : 12170451.00
  }, {
    "date" : "2025-05-16",
    "price" : 10.83,
    "dma50" : 10.38,
    "dma100" : null,
    "dma200" : 11.72,
    "volume" : 18561995.00
  }, {
    "date" : "2025-05-19",
    "price" : 11.04,
    "dma50" : 10.40,
    "dma100" : null,
    "dma200" : 11.72,
    "volume" : 22458234.00
  }, {
    "date" : "2025-05-20",
    "price" : 10.83,
    "dma50" : 10.42,
    "dma100" : null,
    "dma200" : 11.71,
    "volume" : 18380154.00
  }, {
    "date" : "2025-05-21",
    "price" : 10.73,
    "dma50" : 10.43,
    "dma100" : null,
    "dma200" : 11.70,
    "volume" : 14769066.00
  }, {
    "date" : "2025-05-22",
    "price" : 10.70,
    "dma50" : 10.44,
    "dma100" : null,
    "dma200" : 11.69,
    "volume" : 10863603.00
  }, {
    "date" : "2025-05-23",
    "price" : 10.89,
    "dma50" : 10.46,
    "dma100" : null,
    "dma200" : 11.68,
    "volume" : 30088714.00
  }, {
    "date" : "2025-05-26",
    "price" : 11.06,
    "dma50" : 10.48,
    "dma100" : null,
    "dma200" : 11.67,
    "volume" : 19769380.00
  }, {
    "date" : "2025-05-27",
    "price" : 11.09,
    "dma50" : 10.51,
    "dma100" : null,
    "dma200" : 11.67,
    "volume" : 14388786.00
  }, {
    "date" : "2025-05-28",
    "price" : 11.06,
    "dma50" : 10.53,
    "dma100" : null,
    "dma200" : 11.66,
    "volume" : 10684161.00
  }, {
    "date" : "2025-05-29",
    "price" : 10.96,
    "dma50" : 10.54,
    "dma100" : null,
    "dma200" : 11.66,
    "volume" : 12703071.00
  }, {
    "date" : "2025-05-30",
    "price" : 11.36,
    "dma50" : 10.58,
    "dma100" : null,
    "dma200" : 11.65,
    "volume" : 61548329.00
  }, {
    "date" : "2025-06-02",
    "price" : 11.50,
    "dma50" : 10.61,
    "dma100" : null,
    "dma200" : 11.65,
    "volume" : 25523956.00
  }, {
    "date" : "2025-06-03",
    "price" : 11.17,
    "dma50" : 10.63,
    "dma100" : null,
    "dma200" : 11.65,
    "volume" : 19596316.00
  }, {
    "date" : "2025-06-04",
    "price" : 11.11,
    "dma50" : 10.65,
    "dma100" : null,
    "dma200" : 11.64,
    "volume" : 17582084.00
  }, {
    "date" : "2025-06-05",
    "price" : 11.13,
    "dma50" : 10.67,
    "dma100" : null,
    "dma200" : 11.64,
    "volume" : 14740276.00
  }, {
    "date" : "2025-06-06",
    "price" : 11.19,
    "dma50" : 10.69,
    "dma100" : null,
    "dma200" : 11.63,
    "volume" : 21453791.00
  }, {
    "date" : "2025-06-09",
    "price" : 11.94,
    "dma50" : 10.74,
    "dma100" : null,
    "dma200" : 11.63,
    "volume" : 93101255.00
  }, {
    "date" : "2025-06-10",
    "price" : 14.29,
    "dma50" : 10.88,
    "dma100" : null,
    "dma200" : 11.66,
    "volume" : 357537419.00
  }, {
    "date" : "2025-06-11",
    "price" : 15.24,
    "dma50" : 11.05,
    "dma100" : null,
    "dma200" : 11.70,
    "volume" : 652698216.00
  }, {
    "date" : "2025-06-12",
    "price" : 14.01,
    "dma50" : 11.17,
    "dma100" : null,
    "dma200" : 11.72,
    "volume" : 286377698.00
  }, {
    "date" : "2025-06-13",
    "price" : 14.02,
    "dma50" : 11.28,
    "dma100" : null,
    "dma200" : 11.74,
    "volume" : 181183462.00
  }, {
    "date" : "2025-06-16",
    "price" : 13.97,
    "dma50" : 11.38,
    "dma100" : null,
    "dma200" : 11.76,
    "volume" : 137190845.00
  }, {
    "date" : "2025-06-17",
    "price" : 13.25,
    "dma50" : 11.46,
    "dma100" : null,
    "dma200" : 11.78,
    "volume" : 87181165.00
  }, {
    "date" : "2025-06-18",
    "price" : 13.24,
    "dma50" : 11.53,
    "dma100" : null,
    "dma200" : 11.79,
    "volume" : 88333573.00
  }, {
    "date" : "2025-06-19",
    "price" : 12.75,
    "dma50" : 11.58,
    "dma100" : null,
    "dma200" : 11.80,
    "volume" : 91575175.00
  }, {
    "date" : "2025-06-20",
    "price" : 13.89,
    "dma50" : 11.67,
    "dma100" : null,
    "dma200" : 11.82,
    "volume" : 333242101.00
  }, {
    "date" : "2025-06-23",
    "price" : 13.59,
    "dma50" : 11.74,
    "dma100" : null,
    "dma200" : 11.84,
    "volume" : 99809834.00
  }, {
    "date" : "2025-06-24",
    "price" : 13.91,
    "dma50" : 11.83,
    "dma100" : null,
    "dma200" : 11.86,
    "volume" : 217466524.00
  }, {
    "date" : "2025-06-25",
    "price" : 14.09,
    "dma50" : 11.92,
    "dma100" : null,
    "dma200" : 11.88,
    "volume" : 114596970.00
  }, {
    "date" : "2025-06-26",
    "price" : 14.10,
    "dma50" : 12.00,
    "dma100" : null,
    "dma200" : 11.91,
    "volume" : 110160836.00
  }, {
    "date" : "2025-06-27",
    "price" : 14.39,
    "dma50" : 12.10,
    "dma100" : null,
    "dma200" : 11.93,
    "volume" : 186878837.00
  }, {
    "date" : "2025-06-30",
    "price" : 15.52,
    "dma50" : 12.23,
    "dma100" : null,
    "dma200" : 11.97,
    "volume" : 480905515.00
  }, {
    "date" : "2025-07-01",
    "price" : 15.80,
    "dma50" : 12.37,
    "dma100" : null,
    "dma200" : 12.01,
    "volume" : 258105497.00
  }, {
    "date" : "2025-07-02",
    "price" : 14.77,
    "dma50" : 12.46,
    "dma100" : null,
    "dma200" : 12.03,
    "volume" : 231080148.00
  }, {
    "date" : "2025-07-03",
    "price" : 14.81,
    "dma50" : 12.56,
    "dma100" : null,
    "dma200" : 12.06,
    "volume" : 152241830.00
  }, {
    "date" : "2025-07-04",
    "price" : 14.75,
    "dma50" : 12.64,
    "dma100" : null,
    "dma200" : 12.09,
    "volume" : 82829085.00
  }, {
    "date" : "2025-07-07",
    "price" : 15.92,
    "dma50" : 12.77,
    "dma100" : null,
    "dma200" : 12.13,
    "volume" : 400460713.00
  }, {
    "date" : "2025-07-08",
    "price" : 15.81,
    "dma50" : 12.89,
    "dma100" : null,
    "dma200" : 12.16,
    "volume" : 328186187.00
  }, {
    "date" : "2025-07-09",
    "price" : 15.80,
    "dma50" : 13.00,
    "dma100" : null,
    "dma200" : 12.20,
    "volume" : 240345620.00
  }, {
    "date" : "2025-07-10",
    "price" : 16.23,
    "dma50" : 13.13,
    "dma100" : null,
    "dma200" : 12.24,
    "volume" : 357684692.00
  }, {
    "date" : "2025-07-11",
    "price" : 16.12,
    "dma50" : 13.25,
    "dma100" : null,
    "dma200" : 12.28,
    "volume" : 213383297.00
  }, {
    "date" : "2025-07-14",
    "price" : 15.81,
    "dma50" : 13.35,
    "dma100" : null,
    "dma200" : 12.31,
    "volume" : 248240463.00
  }, {
    "date" : "2025-07-15",
    "price" : 15.66,
    "dma50" : 13.44,
    "dma100" : 11.38,
    "dma200" : 12.35,
    "volume" : 137571416.00
  }, {
    "date" : "2025-07-16",
    "price" : 15.42,
    "dma50" : 13.52,
    "dma100" : 11.44,
    "dma200" : 12.38,
    "volume" : 90746689.00
  }, {
    "date" : "2025-07-17",
    "price" : 15.09,
    "dma50" : 13.58,
    "dma100" : 11.49,
    "dma200" : 12.40,
    "volume" : 77886423.00
  }, {
    "date" : "2025-07-18",
    "price" : 15.17,
    "dma50" : 13.64,
    "dma100" : 11.55,
    "dma200" : 12.43,
    "volume" : 74548317.00
  }, {
    "date" : "2025-07-21",
    "price" : 15.07,
    "dma50" : 13.70,
    "dma100" : 11.60,
    "dma200" : 12.46,
    "volume" : 44864309.00
  }, {
    "date" : "2025-07-22",
    "price" : 15.09,
    "dma50" : 13.75,
    "dma100" : 11.65,
    "dma200" : 12.48,
    "volume" : 51278354.00
  }, {
    "date" : "2025-07-23",
    "price" : 14.43,
    "dma50" : 13.78,
    "dma100" : 11.70,
    "dma200" : 12.50,
    "volume" : 144291441.00
  }, {
    "date" : "2025-07-24",
    "price" : 13.52,
    "dma50" : 13.77,
    "dma100" : 11.74,
    "dma200" : 12.51,
    "volume" : 112310296.00
  }, {
    "date" : "2025-07-25",
    "price" : 13.34,
    "dma50" : 13.75,
    "dma100" : 11.78,
    "dma200" : 12.52,
    "volume" : 85652649.00
  }, {
    "date" : "2025-07-28",
    "price" : 12.94,
    "dma50" : 13.72,
    "dma100" : 11.82,
    "dma200" : 12.52,
    "volume" : 70378083.00
  }, {
    "date" : "2025-07-29",
    "price" : 13.35,
    "dma50" : 13.70,
    "dma100" : 11.86,
    "dma200" : 12.53,
    "volume" : 114670951.00
  }, {
    "date" : "2025-07-30",
    "price" : 12.97,
    "dma50" : 13.68,
    "dma100" : 11.90,
    "dma200" : 12.54,
    "volume" : 62311410.00
  }, {
    "date" : "2025-07-31",
    "price" : 12.77,
    "dma50" : 13.64,
    "dma100" : 11.94,
    "dma200" : 12.54,
    "volume" : 66008290.00
  }, {
    "date" : "2025-08-01",
    "price" : 12.82,
    "dma50" : 13.61,
    "dma100" : 11.97,
    "dma200" : 12.54,
    "volume" : 46598514.00
  }, {
    "date" : "2025-08-04",
    "price" : 12.70,
    "dma50" : 13.57,
    "dma100" : 12.00,
    "dma200" : 12.54,
    "volume" : 42636483.00
  }, {
    "date" : "2025-08-05",
    "price" : 12.65,
    "dma50" : 13.54,
    "dma100" : 12.02,
    "dma200" : 12.55,
    "volume" : 33791571.00
  }, {
    "date" : "2025-08-06",
    "price" : 12.36,
    "dma50" : 13.49,
    "dma100" : 12.05,
    "dma200" : 12.54,
    "volume" : 35515939.00
  }, {
    "date" : "2025-08-07",
    "price" : 12.09,
    "dma50" : 13.44,
    "dma100" : 12.08,
    "dma200" : 12.54,
    "volume" : 46894706.00
  }, {
    "date" : "2025-08-08",
    "price" : 11.85,
    "dma50" : 13.37,
    "dma100" : 12.11,
    "dma200" : 12.53,
    "volume" : 34794591.00
  }, {
    "date" : "2025-08-11",
    "price" : 12.10,
    "dma50" : 13.32,
    "dma100" : 12.14,
    "dma200" : 12.53,
    "volume" : 41610153.00
  }, {
    "date" : "2025-08-12",
    "price" : 11.90,
    "dma50" : 13.27,
    "dma100" : 12.16,
    "dma200" : 12.52,
    "volume" : 22592259.00
  }, {
    "date" : "2025-08-13",
    "price" : 12.07,
    "dma50" : 13.22,
    "dma100" : 12.18,
    "dma200" : 12.52,
    "volume" : 22688134.00
  }, {
    "date" : "2025-08-14",
    "price" : 12.03,
    "dma50" : 13.17,
    "dma100" : 12.20,
    "dma200" : 12.51,
    "volume" : 19901316.00
  }, {
    "date" : "2025-08-18",
    "price" : 12.14,
    "dma50" : 13.13,
    "dma100" : 12.22,
    "dma200" : 12.51,
    "volume" : 26063262.00
  }, {
    "date" : "2025-08-19",
    "price" : 12.66,
    "dma50" : 13.11,
    "dma100" : 12.24,
    "dma200" : 12.51,
    "volume" : 35361859.00
  }, {
    "date" : "2025-08-20",
    "price" : 12.50,
    "dma50" : 13.09,
    "dma100" : 12.27,
    "dma200" : 12.51,
    "volume" : 23099470.00
  }, {
    "date" : "2025-08-21",
    "price" : 12.39,
    "dma50" : 13.06,
    "dma100" : 12.29,
    "dma200" : 12.51,
    "volume" : 36486447.00
  }, {
    "date" : "2025-08-22",
    "price" : 12.24,
    "dma50" : 13.03,
    "dma100" : 12.32,
    "dma200" : 12.51,
    "volume" : 17837310.00
  }, {
    "date" : "2025-08-25",
    "price" : 12.17,
    "dma50" : 13.00,
    "dma100" : 12.34,
    "dma200" : 12.50,
    "volume" : 15396043.00
  }, {
    "date" : "2025-08-26",
    "price" : 11.93,
    "dma50" : 12.96,
    "dma100" : 12.36,
    "dma200" : 12.50,
    "volume" : 29635546.00
  }, {
    "date" : "2025-08-28",
    "price" : 12.42,
    "dma50" : 12.93,
    "dma100" : 12.38,
    "dma200" : 12.50,
    "volume" : 63804706.00
  }, {
    "date" : "2025-08-29",
    "price" : 12.29,
    "dma50" : 12.91,
    "dma100" : 12.40,
    "dma200" : 12.49,
    "volume" : 32130775.00
  }, {
    "date" : "2025-09-01",
    "price" : 12.21,
    "dma50" : 12.88,
    "dma100" : 12.42,
    "dma200" : 12.49,
    "volume" : 16905812.00
  }, {
    "date" : "2025-09-02",
    "price" : 12.21,
    "dma50" : 12.86,
    "dma100" : 12.45,
    "dma200" : 12.49,
    "volume" : 22275613.00
  }, {
    "date" : "2025-09-03",
    "price" : 12.21,
    "dma50" : 12.83,
    "dma100" : 12.48,
    "dma200" : 12.49,
    "volume" : 14382100.00
  }, {
    "date" : "2025-09-04",
    "price" : 12.12,
    "dma50" : 12.80,
    "dma100" : 12.51,
    "dma200" : 12.48,
    "volume" : 17468172.00
  }, {
    "date" : "2025-09-05",
    "price" : 12.49,
    "dma50" : 12.79,
    "dma100" : 12.53,
    "dma200" : 12.48,
    "volume" : 54669853.00
  }, {
    "date" : "2025-09-08",
    "price" : 12.50,
    "dma50" : 12.78,
    "dma100" : 12.56,
    "dma200" : 12.48,
    "volume" : 25000719.00
  }, {
    "date" : "2025-09-09",
    "price" : 12.26,
    "dma50" : 12.76,
    "dma100" : 12.58,
    "dma200" : 12.48,
    "volume" : 16432629.00
  }, {
    "date" : "2025-09-10",
    "price" : 12.23,
    "dma50" : 12.74,
    "dma100" : 12.60,
    "dma200" : 12.48,
    "volume" : 16610346.00
  }, {
    "date" : "2025-09-11",
    "price" : 12.29,
    "dma50" : 12.72,
    "dma100" : 12.62,
    "dma200" : 12.48,
    "volume" : 15022621.00
  }, {
    "date" : "2025-09-12",
    "price" : 12.16,
    "dma50" : 12.70,
    "dma100" : 12.62,
    "dma200" : 12.47,
    "volume" : 15033133.00
  }, {
    "date" : "2025-09-15",
    "price" : 12.17,
    "dma50" : 12.68,
    "dma100" : 12.63,
    "dma200" : 12.47,
    "volume" : 12808386.00
  }, {
    "date" : "2025-09-16",
    "price" : 12.25,
    "dma50" : 12.66,
    "dma100" : 12.64,
    "dma200" : 12.47,
    "volume" : 14199359.00
  }, {
    "date" : "2025-09-17",
    "price" : 12.30,
    "dma50" : 12.65,
    "dma100" : 12.66,
    "dma200" : 12.47,
    "volume" : 13025623.00
  }, {
    "date" : "2025-09-18",
    "price" : 12.35,
    "dma50" : 12.63,
    "dma100" : 12.67,
    "dma200" : 12.46,
    "volume" : 19088553.00
  }, {
    "date" : "2025-09-19",
    "price" : 12.41,
    "dma50" : 12.63,
    "dma100" : 12.69,
    "dma200" : 12.46,
    "volume" : 20385631.00
  }, {
    "date" : "2025-09-22",
    "price" : 12.24,
    "dma50" : 12.61,
    "dma100" : 12.72,
    "dma200" : 12.46,
    "volume" : 16206413.00
  }, {
    "date" : "2025-09-23",
    "price" : 12.09,
    "dma50" : 12.59,
    "dma100" : 12.74,
    "dma200" : 12.46,
    "volume" : 14236792.00
  }, {
    "date" : "2025-09-24",
    "price" : 11.92,
    "dma50" : 12.56,
    "dma100" : 12.75,
    "dma200" : 12.45,
    "volume" : 14060361.00
  }, {
    "date" : "2025-09-25",
    "price" : 11.78,
    "dma50" : 12.53,
    "dma100" : 12.77,
    "dma200" : 12.45,
    "volume" : 12512288.00
  }, {
    "date" : "2025-09-26",
    "price" : 11.53,
    "dma50" : 12.49,
    "dma100" : 12.78,
    "dma200" : 12.44,
    "volume" : 13643114.00
  }, {
    "date" : "2025-09-29",
    "price" : 11.49,
    "dma50" : 12.45,
    "dma100" : 12.80,
    "dma200" : 12.43,
    "volume" : 15963158.00
  }, {
    "date" : "2025-09-30",
    "price" : 11.22,
    "dma50" : 12.41,
    "dma100" : 12.81,
    "dma200" : 12.42,
    "volume" : 17241169.00
  }, {
    "date" : "2025-10-01",
    "price" : 11.53,
    "dma50" : 12.37,
    "dma100" : 12.82,
    "dma200" : 12.41,
    "volume" : 13750633.00
  }, {
    "date" : "2025-10-03",
    "price" : 11.66,
    "dma50" : 12.34,
    "dma100" : 12.83,
    "dma200" : 12.40,
    "volume" : 16220161.00
  }, {
    "date" : "2025-10-06",
    "price" : 11.38,
    "dma50" : 12.31,
    "dma100" : 12.84,
    "dma200" : 12.39,
    "volume" : 14046605.00
  }, {
    "date" : "2025-10-07",
    "price" : 11.24,
    "dma50" : 12.26,
    "dma100" : 12.85,
    "dma200" : 12.38,
    "volume" : 12912743.00
  }, {
    "date" : "2025-10-08",
    "price" : 11.23,
    "dma50" : 12.22,
    "dma100" : 12.85,
    "dma200" : 12.37,
    "volume" : 13309680.00
  }, {
    "date" : "2025-10-09",
    "price" : 11.12,
    "dma50" : 12.18,
    "dma100" : 12.86,
    "dma200" : 12.35,
    "volume" : 12693822.00
  }, {
    "date" : "2025-10-10",
    "price" : 11.48,
    "dma50" : 12.15,
    "dma100" : 12.86,
    "dma200" : 12.35,
    "volume" : 41523091.00
  }, {
    "date" : "2025-10-13",
    "price" : 11.26,
    "dma50" : 12.12,
    "dma100" : 12.87,
    "dma200" : 12.33,
    "volume" : 12509024.00
  }, {
    "date" : "2025-10-14",
    "price" : 11.09,
    "dma50" : 12.08,
    "dma100" : 12.87,
    "dma200" : 12.32,
    "volume" : 14322380.00
  }, {
    "date" : "2025-10-15",
    "price" : 11.13,
    "dma50" : 12.04,
    "dma100" : 12.87,
    "dma200" : 12.31,
    "volume" : 14700065.00
  }, {
    "date" : "2025-10-16",
    "price" : 11.12,
    "dma50" : 12.00,
    "dma100" : 12.87,
    "dma200" : 12.30,
    "volume" : 9307826.00
  }, {
    "date" : "2025-10-17",
    "price" : 11.04,
    "dma50" : 11.97,
    "dma100" : 12.87,
    "dma200" : 12.29,
    "volume" : 13682598.00
  }, {
    "date" : "2025-10-20",
    "price" : 11.10,
    "dma50" : 11.93,
    "dma100" : 12.87,
    "dma200" : 12.27,
    "volume" : 14755609.00
  }, {
    "date" : "2025-10-21",
    "price" : 11.14,
    "dma50" : 11.90,
    "dma100" : 12.88,
    "dma200" : 12.26,
    "volume" : 3754606.00
  }, {
    "date" : "2025-10-23",
    "price" : 11.20,
    "dma50" : 11.87,
    "dma100" : 12.87,
    "dma200" : 12.25,
    "volume" : 15676872.00
  }, {
    "date" : "2025-10-24",
    "price" : 11.11,
    "dma50" : 11.84,
    "dma100" : 12.87,
    "dma200" : 12.24,
    "volume" : 7612556.00
  }, {
    "date" : "2025-10-27",
    "price" : 11.17,
    "dma50" : 11.82,
    "dma100" : 12.87,
    "dma200" : 12.23,
    "volume" : 21231682.00
  }, {
    "date" : "2025-10-28",
    "price" : 11.08,
    "dma50" : 11.79,
    "dma100" : 12.87,
    "dma200" : 12.22,
    "volume" : 9996528.00
  }, {
    "date" : "2025-10-29",
    "price" : 11.45,
    "dma50" : 11.78,
    "dma100" : 12.87,
    "dma200" : 12.21,
    "volume" : 27481679.00
  }, {
    "date" : "2025-10-30",
    "price" : 11.39,
    "dma50" : 11.76,
    "dma100" : 12.88,
    "dma200" : 12.20,
    "volume" : 21238331.00
  }, {
    "date" : "2025-10-31",
    "price" : 10.92,
    "dma50" : 11.73,
    "dma100" : 12.86,
    "dma200" : 12.19,
    "volume" : 35889244.00
  }, {
    "date" : "2025-11-03",
    "price" : 10.86,
    "dma50" : 11.69,
    "dma100" : 12.83,
    "dma200" : 12.18,
    "volume" : 20437778.00
  }, {
    "date" : "2025-11-04",
    "price" : 10.80,
    "dma50" : 11.66,
    "dma100" : 12.79,
    "dma200" : 12.16,
    "volume" : 15875419.00
  }, {
    "date" : "2025-11-06",
    "price" : 10.50,
    "dma50" : 11.61,
    "dma100" : 12.75,
    "dma200" : 12.15,
    "volume" : 18207337.00
  }, {
    "date" : "2025-11-07",
    "price" : 10.38,
    "dma50" : 11.56,
    "dma100" : 12.71,
    "dma200" : 12.13,
    "volume" : 17096801.00
  }, {
    "date" : "2025-11-10",
    "price" : 10.38,
    "dma50" : 11.52,
    "dma100" : 12.68,
    "dma200" : 12.11,
    "volume" : 13051584.00
  }, {
    "date" : "2025-11-11",
    "price" : 10.34,
    "dma50" : 11.47,
    "dma100" : 12.65,
    "dma200" : 12.09,
    "volume" : 12811328.00
  }, {
    "date" : "2025-11-12",
    "price" : 10.33,
    "dma50" : 11.43,
    "dma100" : 12.62,
    "dma200" : 12.08,
    "volume" : 9878196.00
  }, {
    "date" : "2025-11-13",
    "price" : 10.28,
    "dma50" : 11.38,
    "dma100" : 12.60,
    "dma200" : 12.06,
    "volume" : 16329838.00
  }, {
    "date" : "2025-11-14",
    "price" : 10.23,
    "dma50" : 11.34,
    "dma100" : 12.56,
    "dma200" : 12.04,
    "volume" : 9681685.00
  }, {
    "date" : "2025-11-17",
    "price" : 10.25,
    "dma50" : 11.29,
    "dma100" : 12.53,
    "dma200" : 12.02,
    "volume" : 13942390.00
  }, {
    "date" : "2025-11-18",
    "price" : 10.06,
    "dma50" : 11.25,
    "dma100" : 12.49,
    "dma200" : 12.00,
    "volume" : 14831367.00
  }, {
    "date" : "2025-11-19",
    "price" : 10.16,
    "dma50" : 11.20,
    "dma100" : 12.45,
    "dma200" : 11.98,
    "volume" : 44246713.00
  }, {
    "date" : "2025-11-20",
    "price" : 10.25,
    "dma50" : 11.17,
    "dma100" : 12.41,
    "dma200" : 11.97,
    "volume" : 47756097.00
  }, {
    "date" : "2025-11-21",
    "price" : 10.12,
    "dma50" : 11.12,
    "dma100" : 12.37,
    "dma200" : 11.95,
    "volume" : 17546726.00
  }, {
    "date" : "2025-11-24",
    "price" : 9.95,
    "dma50" : 11.08,
    "dma100" : 12.31,
    "dma200" : 11.93,
    "volume" : 14969547.00
  }, {
    "date" : "2025-11-25",
    "price" : 9.90,
    "dma50" : 11.03,
    "dma100" : 12.25,
    "dma200" : 11.91,
    "volume" : 14331383.00
  }, {
    "date" : "2025-11-26",
    "price" : 10.04,
    "dma50" : 10.99,
    "dma100" : 12.20,
    "dma200" : 11.89,
    "volume" : 12404164.00
  }, {
    "date" : "2025-11-27",
    "price" : 10.09,
    "dma50" : 10.96,
    "dma100" : 12.16,
    "dma200" : 11.87,
    "volume" : 12394296.00
  }, {
    "date" : "2025-11-28",
    "price" : 10.02,
    "dma50" : 10.92,
    "dma100" : 12.11,
    "dma200" : 11.85,
    "volume" : 10815200.00
  }, {
    "date" : "2025-12-01",
    "price" : 10.01,
    "dma50" : 10.89,
    "dma100" : 12.05,
    "dma200" : 11.84,
    "volume" : 7769708.00
  }, {
    "date" : "2025-12-02",
    "price" : 9.92,
    "dma50" : 10.85,
    "dma100" : 11.99,
    "dma200" : 11.82,
    "volume" : 9028127.00
  }, {
    "date" : "2025-12-03",
    "price" : 9.73,
    "dma50" : 10.80,
    "dma100" : 11.93,
    "dma200" : 11.80,
    "volume" : 13217264.00
  }, {
    "date" : "2025-12-04",
    "price" : 9.79,
    "dma50" : 10.76,
    "dma100" : 11.87,
    "dma200" : 11.78,
    "volume" : 13290601.00
  }, {
    "date" : "2025-12-05",
    "price" : 9.70,
    "dma50" : 10.72,
    "dma100" : 11.80,
    "dma200" : 11.76,
    "volume" : 10999944.00
  }, {
    "date" : "2025-12-08",
    "price" : 9.34,
    "dma50" : 10.67,
    "dma100" : 11.74,
    "dma200" : 11.73,
    "volume" : 14954353.00
  }, {
    "date" : "2025-12-09",
    "price" : 9.57,
    "dma50" : 10.63,
    "dma100" : 11.68,
    "dma200" : 11.71,
    "volume" : 19972621.00
  }, {
    "date" : "2025-12-10",
    "price" : 9.48,
    "dma50" : 10.58,
    "dma100" : 11.62,
    "dma200" : 11.69,
    "volume" : 11506029.00
  }, {
    "date" : "2025-12-11",
    "price" : 9.57,
    "dma50" : 10.54,
    "dma100" : 11.56,
    "dma200" : 11.67,
    "volume" : 12274002.00
  }, {
    "date" : "2025-12-12",
    "price" : 9.62,
    "dma50" : 10.50,
    "dma100" : 11.51,
    "dma200" : 11.65,
    "volume" : 9193382.00
  }, {
    "date" : "2025-12-15",
    "price" : 9.60,
    "dma50" : 10.47,
    "dma100" : 11.45,
    "dma200" : 11.63,
    "volume" : 8571680.00
  }, {
    "date" : "2025-12-16",
    "price" : 9.46,
    "dma50" : 10.43,
    "dma100" : 11.40,
    "dma200" : 11.60,
    "volume" : 8122388.00
  }, {
    "date" : "2025-12-17",
    "price" : 9.40,
    "dma50" : 10.39,
    "dma100" : 11.35,
    "dma200" : 11.58,
    "volume" : 8627215.00
  }, {
    "date" : "2025-12-18",
    "price" : 9.32,
    "dma50" : 10.35,
    "dma100" : 11.30,
    "dma200" : 11.56,
    "volume" : 11375276.00
  }, {
    "date" : "2025-12-19",
    "price" : 9.70,
    "dma50" : 10.32,
    "dma100" : 11.27,
    "dma200" : 11.54,
    "volume" : 17647821.00
  }, {
    "date" : "2025-12-22",
    "price" : 9.54,
    "dma50" : 10.29,
    "dma100" : 11.23,
    "dma200" : 11.52,
    "volume" : 9786596.00
  }, {
    "date" : "2025-12-23",
    "price" : 9.62,
    "dma50" : 10.26,
    "dma100" : 11.20,
    "dma200" : 11.50,
    "volume" : 9961393.00
  }, {
    "date" : "2025-12-24",
    "price" : 9.52,
    "dma50" : 10.24,
    "dma100" : 11.16,
    "dma200" : 11.48,
    "volume" : 14381210.00
  }, {
    "date" : "2025-12-26",
    "price" : 9.52,
    "dma50" : 10.21,
    "dma100" : 11.13,
    "dma200" : 11.46,
    "volume" : 14082676.00
  }, {
    "date" : "2025-12-29",
    "price" : 9.28,
    "dma50" : 10.17,
    "dma100" : 11.09,
    "dma200" : 11.44,
    "volume" : 13370868.00
  }, {
    "date" : "2025-12-30",
    "price" : 9.23,
    "dma50" : 10.13,
    "dma100" : 11.06,
    "dma200" : 11.42,
    "volume" : 10688915.00
  }, {
    "date" : "2025-12-31",
    "price" : 9.44,
    "dma50" : 10.11,
    "dma100" : 11.03,
    "dma200" : 11.40,
    "volume" : 13994206.00
  }, {
    "date" : "2026-01-01",
    "price" : 9.45,
    "dma50" : 10.08,
    "dma100" : 11.00,
    "dma200" : 11.38,
    "volume" : 12234021.00
  }, {
    "date" : "2026-01-02",
    "price" : 9.76,
    "dma50" : 10.07,
    "dma100" : 10.97,
    "dma200" : 11.36,
    "volume" : 23670673.00
  }, {
    "date" : "2026-01-05",
    "price" : 9.61,
    "dma50" : 10.05,
    "dma100" : 10.95,
    "dma200" : 11.35,
    "volume" : 13279938.00
  }, {
    "date" : "2026-01-06",
    "price" : 9.39,
    "dma50" : 10.02,
    "dma100" : 10.93,
    "dma200" : 11.33,
    "volume" : 13994739.00
  }, {
    "date" : "2026-01-07",
    "price" : 9.37,
    "dma50" : 10.00,
    "dma100" : 10.90,
    "dma200" : 11.31,
    "volume" : 10373737.00
  }, {
    "date" : "2026-01-08",
    "price" : 9.19,
    "dma50" : 9.97,
    "dma100" : 10.87,
    "dma200" : 11.29,
    "volume" : 13937450.00
  }, {
    "date" : "2026-01-09",
    "price" : 9.03,
    "dma50" : 9.93,
    "dma100" : 10.84,
    "dma200" : 11.26,
    "volume" : 15157064.00
  }, {
    "date" : "2026-01-12",
    "price" : 8.87,
    "dma50" : 9.89,
    "dma100" : 10.81,
    "dma200" : 11.24,
    "volume" : 26677051.00
  }, {
    "date" : "2026-01-13",
    "price" : 8.91,
    "dma50" : 9.85,
    "dma100" : 10.77,
    "dma200" : 11.22,
    "volume" : 11108473.00
  }, {
    "date" : "2026-01-14",
    "price" : 8.84,
    "dma50" : 9.81,
    "dma100" : 10.73,
    "dma200" : 11.19,
    "volume" : 8667057.00
  }, {
    "date" : "2026-01-16",
    "price" : 8.65,
    "dma50" : 9.77,
    "dma100" : 10.70,
    "dma200" : 11.17,
    "volume" : 17569858.00
  }, {
    "date" : "2026-01-19",
    "price" : 8.52,
    "dma50" : 9.72,
    "dma100" : 10.66,
    "dma200" : 11.14,
    "volume" : 14590308.00
  }, {
    "date" : "2026-01-20",
    "price" : 8.24,
    "dma50" : 9.66,
    "dma100" : 10.62,
    "dma200" : 11.11,
    "volume" : 21069080.00
  }, {
    "date" : "2026-01-21",
    "price" : 8.05,
    "dma50" : 9.60,
    "dma100" : 10.58,
    "dma200" : 11.08,
    "volume" : 25174970.00
  }, {
    "date" : "2026-01-22",
    "price" : 8.25,
    "dma50" : 9.54,
    "dma100" : 10.54,
    "dma200" : 11.05,
    "volume" : 15494074.00
  }, {
    "date" : "2026-01-23",
    "price" : 8.03,
    "dma50" : 9.48,
    "dma100" : 10.50,
    "dma200" : 11.02,
    "volume" : 12554576.00
  }, {
    "date" : "2026-01-27",
    "price" : 8.03,
    "dma50" : 9.43,
    "dma100" : 10.46,
    "dma200" : 10.99,
    "volume" : 15949095.00
  }, {
    "date" : "2026-01-28",
    "price" : 8.47,
    "dma50" : 9.39,
    "dma100" : 10.42,
    "dma200" : 10.97,
    "volume" : 21492091.00
  }, {
    "date" : "2026-01-29",
    "price" : 8.24,
    "dma50" : 9.34,
    "dma100" : 10.38,
    "dma200" : 10.94,
    "volume" : 14853773.00
  }, {
    "date" : "2026-01-30",
    "price" : 8.51,
    "dma50" : 9.31,
    "dma100" : 10.34,
    "dma200" : 10.92,
    "volume" : 46845846.00
  }, {
    "date" : "2026-02-01",
    "price" : 8.76,
    "dma50" : 9.29,
    "dma100" : 10.31,
    "dma200" : 10.90,
    "volume" : 53424664.00
  }, {
    "date" : "2026-02-02",
    "price" : 8.67,
    "dma50" : 9.27,
    "dma100" : 10.27,
    "dma200" : 10.87,
    "volume" : 18317708.00
  }, {
    "date" : "2026-02-03",
    "price" : 8.97,
    "dma50" : 9.25,
    "dma100" : 10.23,
    "dma200" : 10.86,
    "volume" : 16973241.00
  }, {
    "date" : "2026-02-04",
    "price" : 9.13,
    "dma50" : 9.25,
    "dma100" : 10.20,
    "dma200" : 10.84,
    "volume" : 18354422.00
  }, {
    "date" : "2026-02-05",
    "price" : 9.10,
    "dma50" : 9.24,
    "dma100" : 10.17,
    "dma200" : 10.82,
    "volume" : 11713360.00
  }, {
    "date" : "2026-02-06",
    "price" : 8.91,
    "dma50" : 9.23,
    "dma100" : 10.14,
    "dma200" : 10.80,
    "volume" : 10086382.00
  }, {
    "date" : "2026-02-09",
    "price" : 9.12,
    "dma50" : 9.23,
    "dma100" : 10.11,
    "dma200" : 10.79,
    "volume" : 14739642.00
  }, {
    "date" : "2026-02-10",
    "price" : 9.21,
    "dma50" : 9.23,
    "dma100" : 10.08,
    "dma200" : 10.77,
    "volume" : 13606472.00
  }, {
    "date" : "2026-02-11",
    "price" : 9.13,
    "dma50" : 9.22,
    "dma100" : 10.05,
    "dma200" : 10.75,
    "volume" : 12763067.00
  }, {
    "date" : "2026-02-12",
    "price" : 8.92,
    "dma50" : 9.21,
    "dma100" : 10.01,
    "dma200" : 10.74,
    "volume" : 11814598.00
  }, {
    "date" : "2026-02-13",
    "price" : 8.78,
    "dma50" : 9.19,
    "dma100" : 9.98,
    "dma200" : 10.72,
    "volume" : 9276262.00
  } ],
  "latestTechnicalAttributes" : {
    "date" : "2026-02-13",
    "price" : 8.78,
    "dma50" : 9.19,
    "dma100" : 9.98,
    "dma200" : 10.72,
    "volume" : 9276262.00
  },
  "quarterlyResults" : [ {
    "date" : "2009-09-30",
    "sales" : 0.00,
    "salesGrowthYoY" : null,
    "grossProfitMargin" : 0.00,
    "grossProfit" : 0.00,
    "operatingProfitMargin" : 0.00,
    "operatingProfit" : 0.00,
    "netProfitMargin" : 0.00,
    "netProfit" : 0.00
  }, {
    "date" : "2009-12-31",
    "sales" : 0.70,
    "salesGrowthYoY" : null,
    "grossProfitMargin" : 100.00,
    "grossProfit" : 0.70,
    "operatingProfitMargin" : -1378.57,
    "operatingProfit" : -9.65,
    "netProfitMargin" : 1372.86,
    "netProfit" : 9.61
  }, {
    "date" : "2010-03-31",
    "sales" : 0.10,
    "salesGrowthYoY" : null,
    "grossProfitMargin" : 100.00,
    "grossProfit" : 0.10,
    "operatingProfitMargin" : -6670.00,
    "operatingProfit" : -6.67,
    "netProfitMargin" : 12780.00,
    "netProfit" : 12.78
  }, {
    "date" : "2010-06-30",
    "sales" : 0.00,
    "salesGrowthYoY" : null,
    "grossProfitMargin" : 0.00,
    "grossProfit" : 0.00,
    "operatingProfitMargin" : 0.00,
    "operatingProfit" : 0.00,
    "netProfitMargin" : 0.00,
    "netProfit" : 0.00
  }, {
    "date" : "2010-09-30",
    "sales" : 0.00,
    "salesGrowthYoY" : 0.00,
    "grossProfitMargin" : 0.00,
    "grossProfit" : 0.00,
    "operatingProfitMargin" : 0.00,
    "operatingProfit" : 0.00,
    "netProfitMargin" : 0.00,
    "netProfit" : 0.00
  }, {
    "date" : "2010-12-31",
    "sales" : 0.75,
    "salesGrowthYoY" : 7.14,
    "grossProfitMargin" : 100.00,
    "grossProfit" : 0.75,
    "operatingProfitMargin" : -498.67,
    "operatingProfit" : -3.74,
    "netProfitMargin" : 93.33,
    "netProfit" : 0.70
  }, {
    "date" : "2011-03-31",
    "sales" : 0.00,
    "salesGrowthYoY" : -100.00,
    "grossProfitMargin" : 0.00,
    "grossProfit" : 0.00,
    "operatingProfitMargin" : 0.00,
    "operatingProfit" : 0.00,
    "netProfitMargin" : 0.00,
    "netProfit" : 0.00
  }, {
    "date" : "2011-06-30",
    "sales" : 0.00,
    "salesGrowthYoY" : 0.00,
    "grossProfitMargin" : 0.00,
    "grossProfit" : 0.00,
    "operatingProfitMargin" : 0.00,
    "operatingProfit" : 0.00,
    "netProfitMargin" : 0.00,
    "netProfit" : 0.00
  }, {
    "date" : "2011-09-30",
    "sales" : 0.00,
    "salesGrowthYoY" : 0.00,
    "grossProfitMargin" : 0.00,
    "grossProfit" : 0.00,
    "operatingProfitMargin" : 0.00,
    "operatingProfit" : 0.00,
    "netProfitMargin" : 0.00,
    "netProfit" : 0.00
  }, {
    "date" : "2011-12-31",
    "sales" : 1.15,
    "salesGrowthYoY" : 53.33,
    "grossProfitMargin" : 100.00,
    "grossProfit" : 1.15,
    "operatingProfitMargin" : -53.91,
    "operatingProfit" : -0.62,
    "netProfitMargin" : 499.13,
    "netProfit" : 5.74
  }, {
    "date" : "2012-03-31",
    "sales" : 0.00,
    "salesGrowthYoY" : 0.00,
    "grossProfitMargin" : 0.00,
    "grossProfit" : 0.00,
    "operatingProfitMargin" : 0.00,
    "operatingProfit" : 0.00,
    "netProfitMargin" : 0.00,
    "netProfit" : 0.00
  }, {
    "date" : "2012-06-30",
    "sales" : 0.00,
    "salesGrowthYoY" : 0.00,
    "grossProfitMargin" : 0.00,
    "grossProfit" : 0.00,
    "operatingProfitMargin" : 0.00,
    "operatingProfit" : 0.00,
    "netProfitMargin" : 0.00,
    "netProfit" : 0.00
  }, {
    "date" : "2012-09-30",
    "sales" : 0.00,
    "salesGrowthYoY" : 0.00,
    "grossProfitMargin" : 0.00,
    "grossProfit" : 0.00,
    "operatingProfitMargin" : 0.00,
    "operatingProfit" : 0.00,
    "netProfitMargin" : 0.00,
    "netProfit" : 0.00
  }, {
    "date" : "2012-12-31",
    "sales" : 0.00,
    "salesGrowthYoY" : -100.00,
    "grossProfitMargin" : 0.00,
    "grossProfit" : 0.00,
    "operatingProfitMargin" : 0.00,
    "operatingProfit" : 0.00,
    "netProfitMargin" : 0.00,
    "netProfit" : 0.00
  }, {
    "date" : "2013-03-31",
    "sales" : 0.00,
    "salesGrowthYoY" : 0.00,
    "grossProfitMargin" : 0.00,
    "grossProfit" : 0.00,
    "operatingProfitMargin" : 0.00,
    "operatingProfit" : 0.00,
    "netProfitMargin" : 0.00,
    "netProfit" : 0.00
  }, {
    "date" : "2013-06-30",
    "sales" : 9.87,
    "salesGrowthYoY" : 100.00,
    "grossProfitMargin" : 44.88,
    "grossProfit" : 4.43,
    "operatingProfitMargin" : -204.96,
    "operatingProfit" : -20.23,
    "netProfitMargin" : -372.64,
    "netProfit" : -36.78
  }, {
    "date" : "2013-09-30",
    "sales" : 101.96,
    "salesGrowthYoY" : 100.00,
    "grossProfitMargin" : 37.80,
    "grossProfit" : 38.54,
    "operatingProfitMargin" : 25.19,
    "operatingProfit" : 25.68,
    "netProfitMargin" : -28.01,
    "netProfit" : -28.56
  }, {
    "date" : "2013-12-31",
    "sales" : 116.29,
    "salesGrowthYoY" : 100.00,
    "grossProfitMargin" : 53.90,
    "grossProfit" : 62.68,
    "operatingProfitMargin" : 42.92,
    "operatingProfit" : 49.91,
    "netProfitMargin" : -4.45,
    "netProfit" : -5.17
  }, {
    "date" : "2014-03-31",
    "sales" : 150.88,
    "salesGrowthYoY" : 100.00,
    "grossProfitMargin" : 46.22,
    "grossProfit" : 69.74,
    "operatingProfitMargin" : 34.82,
    "operatingProfit" : 52.54,
    "netProfitMargin" : -3.16,
    "netProfit" : -4.77
  }, {
    "date" : "2014-06-30",
    "sales" : 143.59,
    "salesGrowthYoY" : 1354.81,
    "grossProfitMargin" : 39.63,
    "grossProfit" : 56.90,
    "operatingProfitMargin" : 21.89,
    "operatingProfit" : 31.43,
    "netProfitMargin" : -53.33,
    "netProfit" : -76.58
  }, {
    "date" : "2014-09-30",
    "sales" : 181.19,
    "salesGrowthYoY" : 77.71,
    "grossProfitMargin" : 45.34,
    "grossProfit" : 82.15,
    "operatingProfitMargin" : 22.71,
    "operatingProfit" : 41.15,
    "netProfitMargin" : -37.16,
    "netProfit" : -67.33
  }, {
    "date" : "2014-12-31",
    "sales" : 146.08,
    "salesGrowthYoY" : 25.62,
    "grossProfitMargin" : 42.09,
    "grossProfit" : 61.49,
    "operatingProfitMargin" : 25.97,
    "operatingProfit" : 37.94,
    "netProfitMargin" : -45.53,
    "netProfit" : -66.51
  }, {
    "date" : "2015-03-31",
    "sales" : 146.46,
    "salesGrowthYoY" : -2.93,
    "grossProfitMargin" : 26.20,
    "grossProfit" : 38.37,
    "operatingProfitMargin" : 0.66,
    "operatingProfit" : 0.97,
    "netProfitMargin" : -88.37,
    "netProfit" : -129.43
  }, {
    "date" : "2015-06-30",
    "sales" : 226.48,
    "salesGrowthYoY" : 57.73,
    "grossProfitMargin" : 33.20,
    "grossProfit" : 75.19,
    "operatingProfitMargin" : 13.71,
    "operatingProfit" : 31.05,
    "netProfitMargin" : -107.88,
    "netProfit" : -244.33
  }, {
    "date" : "2015-09-30",
    "sales" : 613.35,
    "salesGrowthYoY" : 238.51,
    "grossProfitMargin" : 40.55,
    "grossProfit" : 248.71,
    "operatingProfitMargin" : 35.58,
    "operatingProfit" : 218.23,
    "netProfitMargin" : -13.50,
    "netProfit" : -82.80
  }, {
    "date" : "2015-12-31",
    "sales" : 794.73,
    "salesGrowthYoY" : 444.04,
    "grossProfitMargin" : 41.40,
    "grossProfit" : 329.02,
    "operatingProfitMargin" : 37.63,
    "operatingProfit" : 299.06,
    "netProfitMargin" : -0.53,
    "netProfit" : -4.21
  }, {
    "date" : "2016-03-31",
    "sales" : 906.50,
    "salesGrowthYoY" : 518.94,
    "grossProfitMargin" : 49.79,
    "grossProfit" : 451.35,
    "operatingProfitMargin" : 46.70,
    "operatingProfit" : 423.34,
    "netProfitMargin" : 24.61,
    "netProfit" : 223.09
  }, {
    "date" : "2016-06-30",
    "sales" : 640.88,
    "salesGrowthYoY" : 182.97,
    "grossProfitMargin" : 49.90,
    "grossProfit" : 319.80,
    "operatingProfitMargin" : 44.65,
    "operatingProfit" : 286.15,
    "netProfitMargin" : 0.78,
    "netProfit" : 5.00
  }, {
    "date" : "2016-09-30",
    "sales" : 261.14,
    "salesGrowthYoY" : -57.42,
    "grossProfitMargin" : 89.74,
    "grossProfit" : 234.35,
    "operatingProfitMargin" : 75.35,
    "operatingProfit" : 196.77,
    "netProfitMargin" : -19.43,
    "netProfit" : -50.74
  }, {
    "date" : "2016-12-31",
    "sales" : 300.27,
    "salesGrowthYoY" : -62.22,
    "grossProfitMargin" : 74.82,
    "grossProfit" : 224.66,
    "operatingProfitMargin" : 65.07,
    "operatingProfit" : 195.39,
    "netProfitMargin" : -19.82,
    "netProfit" : -59.51
  }, {
    "date" : "2017-03-31",
    "sales" : 132.21,
    "salesGrowthYoY" : -85.42,
    "grossProfitMargin" : 67.25,
    "grossProfit" : 88.91,
    "operatingProfitMargin" : 42.84,
    "operatingProfit" : 56.64,
    "netProfitMargin" : -162.81,
    "netProfit" : -215.25
  }, {
    "date" : "2017-06-30",
    "sales" : 482.21,
    "salesGrowthYoY" : -24.76,
    "grossProfitMargin" : 44.36,
    "grossProfit" : 213.91,
    "operatingProfitMargin" : 30.80,
    "operatingProfit" : 148.52,
    "netProfitMargin" : -28.40,
    "netProfit" : -136.95
  }, {
    "date" : "2017-09-30",
    "sales" : 464.04,
    "salesGrowthYoY" : 77.70,
    "grossProfitMargin" : 52.63,
    "grossProfit" : 244.22,
    "operatingProfitMargin" : 45.08,
    "operatingProfit" : 209.19,
    "netProfitMargin" : -19.36,
    "netProfit" : -89.84
  }, {
    "date" : "2017-12-31",
    "sales" : 414.21,
    "salesGrowthYoY" : 37.95,
    "grossProfitMargin" : 38.57,
    "grossProfit" : 159.76,
    "operatingProfitMargin" : 26.34,
    "operatingProfit" : 109.10,
    "netProfitMargin" : -45.30,
    "netProfit" : -187.64
  }, {
    "date" : "2018-03-31",
    "sales" : 654.92,
    "salesGrowthYoY" : 395.36,
    "grossProfitMargin" : 33.08,
    "grossProfit" : 216.65,
    "operatingProfitMargin" : 20.36,
    "operatingProfit" : 133.34,
    "netProfitMargin" : -0.61,
    "netProfit" : -4.00
  }, {
    "date" : "2018-06-30",
    "sales" : 690.72,
    "salesGrowthYoY" : 43.24,
    "grossProfitMargin" : 42.21,
    "grossProfit" : 291.55,
    "operatingProfitMargin" : 35.17,
    "operatingProfit" : 242.93,
    "netProfitMargin" : -1.10,
    "netProfit" : -7.60
  }, {
    "date" : "2018-09-30",
    "sales" : 616.79,
    "salesGrowthYoY" : 32.92,
    "grossProfitMargin" : 38.82,
    "grossProfit" : 239.44,
    "operatingProfitMargin" : 32.98,
    "operatingProfit" : 203.42,
    "netProfitMargin" : -10.56,
    "netProfit" : -65.13
  }, {
    "date" : "2018-12-31",
    "sales" : 315.22,
    "salesGrowthYoY" : -23.90,
    "grossProfitMargin" : 42.48,
    "grossProfit" : 133.91,
    "operatingProfitMargin" : 24.08,
    "operatingProfit" : 75.90,
    "netProfitMargin" : -59.82,
    "netProfit" : -188.56
  }, {
    "date" : "2019-03-31",
    "sales" : 286.54,
    "salesGrowthYoY" : -56.25,
    "grossProfitMargin" : 75.21,
    "grossProfit" : 215.51,
    "operatingProfitMargin" : 52.76,
    "operatingProfit" : 151.18,
    "netProfitMargin" : -67.33,
    "netProfit" : -192.93
  }, {
    "date" : "2019-06-30",
    "sales" : 560.85,
    "salesGrowthYoY" : -18.80,
    "grossProfitMargin" : 39.20,
    "grossProfit" : 219.85,
    "operatingProfitMargin" : 33.21,
    "operatingProfit" : 186.26,
    "netProfitMargin" : -14.78,
    "netProfit" : -82.89
  }, {
    "date" : "2019-09-30",
    "sales" : 546.91,
    "salesGrowthYoY" : -11.33,
    "grossProfitMargin" : 44.62,
    "grossProfit" : 244.03,
    "operatingProfitMargin" : 37.37,
    "operatingProfit" : 204.38,
    "netProfitMargin" : -13.38,
    "netProfit" : -73.18
  }, {
    "date" : "2019-12-31",
    "sales" : 371.79,
    "salesGrowthYoY" : 17.95,
    "grossProfitMargin" : 57.58,
    "grossProfit" : 214.08,
    "operatingProfitMargin" : 24.31,
    "operatingProfit" : 90.38,
    "netProfitMargin" : -150.82,
    "netProfit" : -560.73
  }, {
    "date" : "2020-03-31",
    "sales" : 294.33,
    "salesGrowthYoY" : 2.72,
    "grossProfitMargin" : 69.38,
    "grossProfit" : 204.21,
    "operatingProfitMargin" : 38.03,
    "operatingProfit" : 111.93,
    "netProfitMargin" : -17.64,
    "netProfit" : -51.92
  }, {
    "date" : "2020-06-30",
    "sales" : 195.74,
    "salesGrowthYoY" : -65.10,
    "grossProfitMargin" : 95.41,
    "grossProfit" : 186.76,
    "operatingProfitMargin" : 77.20,
    "operatingProfit" : 151.11,
    "netProfitMargin" : -0.02,
    "netProfit" : -0.04
  }, {
    "date" : "2020-09-30",
    "sales" : 198.13,
    "salesGrowthYoY" : -63.77,
    "grossProfitMargin" : 95.28,
    "grossProfit" : 188.78,
    "operatingProfitMargin" : 73.03,
    "operatingProfit" : 144.69,
    "netProfitMargin" : 0.14,
    "netProfit" : 0.28
  }, {
    "date" : "2020-12-31",
    "sales" : 303.86,
    "salesGrowthYoY" : -18.27,
    "grossProfitMargin" : 70.54,
    "grossProfit" : 214.34,
    "operatingProfitMargin" : 57.04,
    "operatingProfit" : 173.32,
    "netProfitMargin" : 11.01,
    "netProfit" : 33.45
  }, {
    "date" : "2021-03-31",
    "sales" : 862.13,
    "salesGrowthYoY" : 192.91,
    "grossProfitMargin" : 28.20,
    "grossProfit" : 243.12,
    "operatingProfitMargin" : -11.30,
    "operatingProfit" : -97.42,
    "netProfitMargin" : 7.31,
    "netProfit" : 63.02
  }, {
    "date" : "2021-06-30",
    "sales" : 874.36,
    "salesGrowthYoY" : 346.69,
    "grossProfitMargin" : 29.79,
    "grossProfit" : 260.47,
    "operatingProfitMargin" : 24.50,
    "operatingProfit" : 214.22,
    "netProfitMargin" : 9.96,
    "netProfit" : 87.09
  }, {
    "date" : "2021-09-30",
    "sales" : 757.14,
    "salesGrowthYoY" : 282.14,
    "grossProfitMargin" : 27.44,
    "grossProfit" : 207.76,
    "operatingProfitMargin" : 20.27,
    "operatingProfit" : 153.47,
    "netProfitMargin" : 2.55,
    "netProfit" : 19.31
  }, {
    "date" : "2021-12-31",
    "sales" : 804.79,
    "salesGrowthYoY" : 164.86,
    "grossProfitMargin" : 37.03,
    "grossProfit" : 298.01,
    "operatingProfitMargin" : 30.86,
    "operatingProfit" : 248.36,
    "netProfitMargin" : 12.98,
    "netProfit" : 104.46
  }, {
    "date" : "2022-03-31",
    "sales" : 823.23,
    "salesGrowthYoY" : -4.51,
    "grossProfitMargin" : 29.79,
    "grossProfit" : 245.24,
    "operatingProfitMargin" : 23.26,
    "operatingProfit" : 191.48,
    "netProfitMargin" : 16.68,
    "netProfit" : 137.31
  }, {
    "date" : "2022-06-30",
    "sales" : 842.79,
    "salesGrowthYoY" : -3.61,
    "grossProfitMargin" : 32.04,
    "grossProfit" : 270.03,
    "operatingProfitMargin" : 25.58,
    "operatingProfit" : 215.59,
    "netProfitMargin" : 13.52,
    "netProfit" : 113.95
  }, {
    "date" : "2022-09-30",
    "sales" : 638.07,
    "salesGrowthYoY" : -15.73,
    "grossProfitMargin" : 28.12,
    "grossProfit" : 179.43,
    "operatingProfitMargin" : 19.19,
    "operatingProfit" : 122.45,
    "netProfitMargin" : 1.79,
    "netProfit" : 11.42
  }, {
    "date" : "2022-12-31",
    "sales" : 849.72,
    "salesGrowthYoY" : 5.58,
    "grossProfitMargin" : 31.56,
    "grossProfit" : 268.17,
    "operatingProfitMargin" : 23.82,
    "operatingProfit" : 202.40,
    "netProfitMargin" : 11.41,
    "netProfit" : 96.95
  }, {
    "date" : "2023-03-31",
    "sales" : 900.58,
    "salesGrowthYoY" : 9.40,
    "grossProfitMargin" : 31.46,
    "grossProfit" : 283.32,
    "operatingProfitMargin" : 24.21,
    "operatingProfit" : 218.03,
    "netProfitMargin" : 12.25,
    "netProfit" : 110.32
  }, {
    "date" : "2023-06-30",
    "sales" : 847.27,
    "salesGrowthYoY" : 0.53,
    "grossProfitMargin" : 25.07,
    "grossProfit" : 212.41,
    "operatingProfitMargin" : 18.26,
    "operatingProfit" : 154.71,
    "netProfitMargin" : 4.93,
    "netProfit" : 41.77
  }, {
    "date" : "2023-09-30",
    "sales" : 796.39,
    "salesGrowthYoY" : 24.81,
    "grossProfitMargin" : 23.15,
    "grossProfit" : 184.36,
    "operatingProfitMargin" : 13.65,
    "operatingProfit" : 108.71,
    "netProfitMargin" : -2.70,
    "netProfit" : -21.50
  }, {
    "date" : "2023-12-31",
    "sales" : 806.38,
    "salesGrowthYoY" : -5.10,
    "grossProfitMargin" : 29.45,
    "grossProfit" : 237.48,
    "operatingProfitMargin" : 21.38,
    "operatingProfit" : 172.40,
    "netProfitMargin" : 5.73,
    "netProfit" : 46.21
  }, {
    "date" : "2024-03-31",
    "sales" : 913.96,
    "salesGrowthYoY" : 1.49,
    "grossProfitMargin" : 29.14,
    "grossProfit" : 266.33,
    "operatingProfitMargin" : 21.42,
    "operatingProfit" : 195.77,
    "netProfitMargin" : 16.50,
    "netProfit" : 150.80
  }, {
    "date" : "2024-06-30",
    "sales" : 931.83,
    "salesGrowthYoY" : 9.98,
    "grossProfitMargin" : 26.50,
    "grossProfit" : 246.93,
    "operatingProfitMargin" : 19.25,
    "operatingProfit" : 179.38,
    "netProfitMargin" : 9.82,
    "netProfit" : 91.51
  }, {
    "date" : "2024-09-30",
    "sales" : 682.43,
    "salesGrowthYoY" : -14.31,
    "grossProfitMargin" : 22.84,
    "grossProfit" : 155.87,
    "operatingProfitMargin" : 12.41,
    "operatingProfit" : 84.69,
    "netProfitMargin" : -0.41,
    "netProfit" : -2.80
  }, {
    "date" : "2024-12-31",
    "sales" : 733.32,
    "salesGrowthYoY" : -9.06,
    "grossProfitMargin" : 24.06,
    "grossProfit" : 176.44,
    "operatingProfitMargin" : 11.05,
    "operatingProfit" : 81.03,
    "netProfitMargin" : 0.39,
    "netProfit" : 2.86
  }, {
    "date" : "2025-03-31",
    "sales" : 936.25,
    "salesGrowthYoY" : 2.44,
    "grossProfitMargin" : 29.69,
    "grossProfit" : 277.97,
    "operatingProfitMargin" : 21.66,
    "operatingProfit" : 202.79,
    "netProfitMargin" : 13.29,
    "netProfit" : 124.43
  }, {
    "date" : "2025-06-30",
    "sales" : 821.96,
    "salesGrowthYoY" : -11.79,
    "grossProfitMargin" : 20.48,
    "grossProfit" : 168.34,
    "operatingProfitMargin" : 10.65,
    "operatingProfit" : 87.54,
    "netProfitMargin" : -1.78,
    "netProfit" : -14.63
  }, {
    "date" : "2025-09-30",
    "sales" : 653.72,
    "salesGrowthYoY" : -4.21,
    "grossProfitMargin" : 17.55,
    "grossProfit" : 114.73,
    "operatingProfitMargin" : 6.50,
    "operatingProfit" : 42.49,
    "netProfitMargin" : -5.05,
    "netProfit" : -33.01
  }, {
    "date" : "2025-12-31",
    "sales" : 727.99,
    "salesGrowthYoY" : -0.73,
    "grossProfitMargin" : 27.16,
    "grossProfit" : 197.72,
    "operatingProfitMargin" : 16.24,
    "operatingProfit" : 118.23,
    "netProfitMargin" : 7.25,
    "netProfit" : 52.78
  } ],
  "latestQuarterlyResult" : {
    "date" : "2025-12-31",
    "sales" : 727.99,
    "salesGrowthYoY" : -0.73,
    "grossProfitMargin" : 27.16,
    "grossProfit" : 197.72,
    "operatingProfitMargin" : 16.24,
    "operatingProfit" : 118.23,
    "netProfitMargin" : 7.25,
    "netProfit" : 52.78
  },
  "companyScore" : {
    "priceHigherThanDma50" : 0.00,
    "priceHigherThanDma100" : 0.00,
    "priceHigherThanDma200" : 0.00,
    "dma50HigherThanDma100" : 0.00,
    "dma50HigherThanDma200" : 0.00,
    "dma100HigherThanDma200" : 0.00,
    "pricePercentageAboveDma50" : 5.22,
    "pricePercentageAboveDma100" : 5.60,
    "pricePercentageAboveDma200" : 5.90,
    "weeklyVolumeHigherThanYearlyVolume" : 0.00,
    "salesGrowthPercentile" : 7.42,
    "operatingProfitMarginPercentile" : 19.82,
    "netProfitMarginPercentile" : 7.58,
    "totalTechnicalScore" : 16.73,
    "totalFundamentalScore" : 34.81,
    "totalScore" : 51.54
  }
}