{
  "metadata" : {
    "screenerCompanyId" : "2832",
    "companyCode" : "SAFARI",
    "companyName" : "Safari Inds.",
    "screenerCompanyLink" : "https://www.screener.in/company/SAFARI/consolidated/",
    "screenerTechnicalHistoryLink" : "https://www.screener.in/api/company/2832/chart/?q=Price-DMA50-DMA200-Volume&days=365",
    "screenerQuarterlyResultsLink" : "https://www.screener.in/api/company/2832/chart/?q=GPM-OPM-NPM-Quarter+Sales&days=10000",
    "attributes" : {
      "companyCode" : "SAFARI",
      "companyName" : "Safari Inds.",
      "marketCap" : 9702.00,
      "peRatio" : 58.40,
      "description" : "Safari Industries is in the business of manufacturing and trading of luggage and luggage accessories. There are two broad categories of luggage i.e hard luggage and soft luggage. Hard luggages are mainly made of PolyPropylene (PP) and Polycarbonate (PC) and manufactured in-house by Safari at its Plant located at Halol, Gujarat. Soft luggages are made of fabrics of various kinds and are mainly imported.[1]"
    },
    "companyScore" : {
      "priceHigherThanDma50" : 0.00,
      "priceHigherThanDma100" : 0.00,
      "priceHigherThanDma200" : 0.00,
      "dma50HigherThanDma100" : 0.00,
      "dma50HigherThanDma200" : 0.00,
      "dma100HigherThanDma200" : 5.00,
      "pricePercentageAboveDma50" : 5.31,
      "pricePercentageAboveDma100" : 5.45,
      "pricePercentageAboveDma200" : 5.41,
      "weeklyVolumeHigherThanYearlyVolume" : 0.00,
      "salesGrowthPercentile" : 8.35,
      "operatingProfitMarginPercentile" : 18.50,
      "netProfitMarginPercentile" : 9.49,
      "totalTechnicalScore" : 21.17,
      "totalFundamentalScore" : 36.35,
      "totalScore" : 57.52
    }
  },
  "attributes" : {
    "companyCode" : "SAFARI",
    "companyName" : "Safari Inds.",
    "marketCap" : 9702.00,
    "peRatio" : 58.40,
    "description" : "Safari Industries is in the business of manufacturing and trading of luggage and luggage accessories. There are two broad categories of luggage i.e hard luggage and soft luggage. Hard luggages are mainly made of PolyPropylene (PP) and Polycarbonate (PC) and manufactured in-house by Safari at its Plant located at Halol, Gujarat. Soft luggages are made of fabrics of various kinds and are mainly imported.[1]"
  },
  "technicalHistory" : [ {
    "date" : "2025-02-03",
    "price" : 2486.15,
    "dma50" : 2461.50,
    "dma100" : null,
    "dma200" : 2318.43,
    "volume" : 156112.00
  }, {
    "date" : "2025-02-04",
    "price" : 2383.40,
    "dma50" : 2458.44,
    "dma100" : null,
    "dma200" : 2319.07,
    "volume" : 76535.00
  }, {
    "date" : "2025-02-05",
    "price" : 2352.90,
    "dma50" : 2454.30,
    "dma100" : null,
    "dma200" : 2319.41,
    "volume" : 179192.00
  }, {
    "date" : "2025-02-06",
    "price" : 2289.65,
    "dma50" : 2447.84,
    "dma100" : null,
    "dma200" : 2319.11,
    "volume" : 115416.00
  }, {
    "date" : "2025-02-07",
    "price" : 2179.90,
    "dma50" : 2437.33,
    "dma100" : null,
    "dma200" : 2317.73,
    "volume" : 279348.00
  }, {
    "date" : "2025-02-10",
    "price" : 2044.65,
    "dma50" : 2421.94,
    "dma100" : null,
    "dma200" : 2315.01,
    "volume" : 296482.00
  }, {
    "date" : "2025-02-11",
    "price" : 2033.55,
    "dma50" : 2406.70,
    "dma100" : null,
    "dma200" : 2312.21,
    "volume" : 390384.00
  }, {
    "date" : "2025-02-12",
    "price" : 1992.85,
    "dma50" : 2390.47,
    "dma100" : null,
    "dma200" : 2309.03,
    "volume" : 53369.00
  }, {
    "date" : "2025-02-13",
    "price" : 2010.95,
    "dma50" : 2375.59,
    "dma100" : null,
    "dma200" : 2306.07,
    "volume" : 43870.00
  }, {
    "date" : "2025-02-14",
    "price" : 1975.15,
    "dma50" : 2359.89,
    "dma100" : null,
    "dma200" : 2302.77,
    "volume" : 29350.00
  }, {
    "date" : "2025-02-17",
    "price" : 1922.50,
    "dma50" : 2342.74,
    "dma100" : null,
    "dma200" : 2298.99,
    "volume" : 64117.00
  }, {
    "date" : "2025-02-18",
    "price" : 1880.35,
    "dma50" : 2324.60,
    "dma100" : null,
    "dma200" : 2294.82,
    "volume" : 74729.00
  }, {
    "date" : "2025-02-19",
    "price" : 1983.40,
    "dma50" : 2311.22,
    "dma100" : null,
    "dma200" : 2291.73,
    "volume" : 37403.00
  }, {
    "date" : "2025-02-20",
    "price" : 2160.15,
    "dma50" : 2305.30,
    "dma100" : null,
    "dma200" : 2290.42,
    "volume" : 98998.00
  }, {
    "date" : "2025-02-21",
    "price" : 2177.90,
    "dma50" : 2300.30,
    "dma100" : null,
    "dma200" : 2289.30,
    "volume" : 33963.00
  }, {
    "date" : "2025-02-24",
    "price" : 2200.50,
    "dma50" : 2296.39,
    "dma100" : null,
    "dma200" : 2288.41,
    "volume" : 38118.00
  }, {
    "date" : "2025-02-25",
    "price" : 2231.70,
    "dma50" : 2293.85,
    "dma100" : null,
    "dma200" : 2287.85,
    "volume" : 32156.00
  }, {
    "date" : "2025-02-27",
    "price" : 2202.30,
    "dma50" : 2290.26,
    "dma100" : null,
    "dma200" : 2287.00,
    "volume" : 27497.00
  }, {
    "date" : "2025-02-28",
    "price" : 2136.05,
    "dma50" : 2284.21,
    "dma100" : null,
    "dma200" : 2285.50,
    "volume" : 74849.00
  }, {
    "date" : "2025-03-03",
    "price" : 2022.85,
    "dma50" : 2273.96,
    "dma100" : null,
    "dma200" : 2282.88,
    "volume" : 45616.00
  }, {
    "date" : "2025-03-04",
    "price" : 2018.80,
    "dma50" : 2263.96,
    "dma100" : null,
    "dma200" : 2280.25,
    "volume" : 27779.00
  }, {
    "date" : "2025-03-05",
    "price" : 2091.55,
    "dma50" : 2257.20,
    "dma100" : null,
    "dma200" : 2278.38,
    "volume" : 37825.00
  }, {
    "date" : "2025-03-06",
    "price" : 2122.95,
    "dma50" : 2251.93,
    "dma100" : null,
    "dma200" : 2276.83,
    "volume" : 13700.00
  }, {
    "date" : "2025-03-07",
    "price" : 2087.80,
    "dma50" : 2245.50,
    "dma100" : null,
    "dma200" : 2274.95,
    "volume" : 18146.00
  }, {
    "date" : "2025-03-10",
    "price" : 1976.20,
    "dma50" : 2234.93,
    "dma100" : null,
    "dma200" : 2271.98,
    "volume" : 28395.00
  }, {
    "date" : "2025-03-11",
    "price" : 2004.35,
    "dma50" : 2225.89,
    "dma100" : null,
    "dma200" : 2269.31,
    "volume" : 58272.00
  }, {
    "date" : "2025-03-12",
    "price" : 1965.10,
    "dma50" : 2215.67,
    "dma100" : null,
    "dma200" : 2266.29,
    "volume" : 19558.00
  }, {
    "date" : "2025-03-13",
    "price" : 1997.45,
    "dma50" : 2207.11,
    "dma100" : null,
    "dma200" : 2263.61,
    "volume" : 59917.00
  }, {
    "date" : "2025-03-17",
    "price" : 1973.50,
    "dma50" : 2197.95,
    "dma100" : null,
    "dma200" : 2260.73,
    "volume" : 21305.00
  }, {
    "date" : "2025-03-18",
    "price" : 2054.50,
    "dma50" : 2192.32,
    "dma100" : null,
    "dma200" : 2258.67,
    "volume" : 24817.00
  }, {
    "date" : "2025-03-19",
    "price" : 2043.50,
    "dma50" : 2186.49,
    "dma100" : null,
    "dma200" : 2256.53,
    "volume" : 26374.00
  }, {
    "date" : "2025-03-20",
    "price" : 2077.95,
    "dma50" : 2182.23,
    "dma100" : null,
    "dma200" : 2254.76,
    "volume" : 16920.00
  }, {
    "date" : "2025-03-21",
    "price" : 2065.10,
    "dma50" : 2177.64,
    "dma100" : null,
    "dma200" : 2252.87,
    "volume" : 17375.00
  }, {
    "date" : "2025-03-24",
    "price" : 2007.45,
    "dma50" : 2170.96,
    "dma100" : null,
    "dma200" : 2250.43,
    "volume" : 34557.00
  }, {
    "date" : "2025-03-25",
    "price" : 1960.00,
    "dma50" : 2162.69,
    "dma100" : null,
    "dma200" : 2247.54,
    "volume" : 53213.00
  }, {
    "date" : "2025-03-26",
    "price" : 1939.40,
    "dma50" : 2153.93,
    "dma100" : null,
    "dma200" : 2244.47,
    "volume" : 23728.00
  }, {
    "date" : "2025-03-27",
    "price" : 1939.35,
    "dma50" : 2145.52,
    "dma100" : null,
    "dma200" : 2241.43,
    "volume" : 33081.00
  }, {
    "date" : "2025-03-28",
    "price" : 1976.50,
    "dma50" : 2138.89,
    "dma100" : null,
    "dma200" : 2238.80,
    "volume" : 37605.00
  }, {
    "date" : "2025-04-01",
    "price" : 1942.35,
    "dma50" : 2131.18,
    "dma100" : null,
    "dma200" : 2235.85,
    "volume" : 22525.00
  }, {
    "date" : "2025-04-02",
    "price" : 1936.80,
    "dma50" : 2123.56,
    "dma100" : null,
    "dma200" : 2232.87,
    "volume" : 54239.00
  }, {
    "date" : "2025-04-03",
    "price" : 1930.55,
    "dma50" : 2115.99,
    "dma100" : null,
    "dma200" : 2229.86,
    "volume" : 19490.00
  }, {
    "date" : "2025-04-04",
    "price" : 1917.45,
    "dma50" : 2108.20,
    "dma100" : null,
    "dma200" : 2226.76,
    "volume" : 21457.00
  }, {
    "date" : "2025-04-07",
    "price" : 1928.40,
    "dma50" : 2101.15,
    "dma100" : null,
    "dma200" : 2223.79,
    "volume" : 47222.00
  }, {
    "date" : "2025-04-08",
    "price" : 1973.95,
    "dma50" : 2096.16,
    "dma100" : null,
    "dma200" : 2221.30,
    "volume" : 23773.00
  }, {
    "date" : "2025-04-09",
    "price" : 1952.10,
    "dma50" : 2090.51,
    "dma100" : null,
    "dma200" : 2218.62,
    "volume" : 47970.00
  }, {
    "date" : "2025-04-11",
    "price" : 2090.40,
    "dma50" : 2090.51,
    "dma100" : null,
    "dma200" : 2217.35,
    "volume" : 74058.00
  }, {
    "date" : "2025-04-15",
    "price" : 2114.60,
    "dma50" : 2091.46,
    "dma100" : null,
    "dma200" : 2216.32,
    "volume" : 42512.00
  }, {
    "date" : "2025-04-16",
    "price" : 2129.90,
    "dma50" : 2092.96,
    "dma100" : null,
    "dma200" : 2215.46,
    "volume" : 11598.00
  }, {
    "date" : "2025-04-17",
    "price" : 2108.80,
    "dma50" : 2093.58,
    "dma100" : null,
    "dma200" : 2214.40,
    "volume" : 149699.00
  }, {
    "date" : "2025-04-21",
    "price" : 2071.00,
    "dma50" : 2092.70,
    "dma100" : null,
    "dma200" : 2212.98,
    "volume" : 49888.00
  }, {
    "date" : "2025-04-22",
    "price" : 2071.60,
    "dma50" : 2091.87,
    "dma100" : null,
    "dma200" : 2211.57,
    "volume" : 20191.00
  }, {
    "date" : "2025-04-23",
    "price" : 2051.10,
    "dma50" : 2090.27,
    "dma100" : null,
    "dma200" : 2209.97,
    "volume" : 16061.00
  }, {
    "date" : "2025-04-24",
    "price" : 2011.40,
    "dma50" : 2087.18,
    "dma100" : null,
    "dma200" : 2208.00,
    "volume" : 22607.00
  }, {
    "date" : "2025-04-25",
    "price" : 1997.20,
    "dma50" : 2083.65,
    "dma100" : null,
    "dma200" : 2205.90,
    "volume" : 20958.00
  }, {
    "date" : "2025-04-28",
    "price" : 1984.40,
    "dma50" : 2079.76,
    "dma100" : null,
    "dma200" : 2203.70,
    "volume" : 30314.00
  }, {
    "date" : "2025-04-29",
    "price" : 2002.30,
    "dma50" : 2076.72,
    "dma100" : null,
    "dma200" : 2201.69,
    "volume" : 91616.00
  }, {
    "date" : "2025-04-30",
    "price" : 2004.10,
    "dma50" : 2073.87,
    "dma100" : null,
    "dma200" : 2199.73,
    "volume" : 43749.00
  }, {
    "date" : "2025-05-02",
    "price" : 1962.50,
    "dma50" : 2069.51,
    "dma100" : null,
    "dma200" : 2197.37,
    "volume" : 20288.00
  }, {
    "date" : "2025-05-05",
    "price" : 1996.00,
    "dma50" : 2066.62,
    "dma100" : null,
    "dma200" : 2195.36,
    "volume" : 22685.00
  }, {
    "date" : "2025-05-06",
    "price" : 1962.10,
    "dma50" : 2062.52,
    "dma100" : null,
    "dma200" : 2193.04,
    "volume" : 162757.00
  }, {
    "date" : "2025-05-07",
    "price" : 2095.30,
    "dma50" : 2063.81,
    "dma100" : null,
    "dma200" : 2192.07,
    "volume" : 62408.00
  }, {
    "date" : "2025-05-08",
    "price" : 2091.70,
    "dma50" : 2064.90,
    "dma100" : null,
    "dma200" : 2191.07,
    "volume" : 39270.00
  }, {
    "date" : "2025-05-09",
    "price" : 2096.80,
    "dma50" : 2066.15,
    "dma100" : null,
    "dma200" : 2190.13,
    "volume" : 23805.00
  }, {
    "date" : "2025-05-12",
    "price" : 2125.80,
    "dma50" : 2068.49,
    "dma100" : null,
    "dma200" : 2189.49,
    "volume" : 22161.00
  }, {
    "date" : "2025-05-13",
    "price" : 2158.80,
    "dma50" : 2072.03,
    "dma100" : null,
    "dma200" : 2189.19,
    "volume" : 22914.00
  }, {
    "date" : "2025-05-14",
    "price" : 2214.00,
    "dma50" : 2077.60,
    "dma100" : null,
    "dma200" : 2189.43,
    "volume" : 26302.00
  }, {
    "date" : "2025-05-15",
    "price" : 2260.00,
    "dma50" : 2084.75,
    "dma100" : null,
    "dma200" : 2190.13,
    "volume" : 18558.00
  }, {
    "date" : "2025-05-16",
    "price" : 2275.40,
    "dma50" : 2092.23,
    "dma100" : null,
    "dma200" : 2190.98,
    "volume" : 21485.00
  }, {
    "date" : "2025-05-19",
    "price" : 2257.80,
    "dma50" : 2098.72,
    "dma100" : null,
    "dma200" : 2191.65,
    "volume" : 58481.00
  }, {
    "date" : "2025-05-20",
    "price" : 2278.90,
    "dma50" : 2105.79,
    "dma100" : null,
    "dma200" : 2192.52,
    "volume" : 23444.00
  }, {
    "date" : "2025-05-21",
    "price" : 2254.20,
    "dma50" : 2111.61,
    "dma100" : null,
    "dma200" : 2193.13,
    "volume" : 22727.00
  }, {
    "date" : "2025-05-22",
    "price" : 2289.80,
    "dma50" : 2118.60,
    "dma100" : null,
    "dma200" : 2194.09,
    "volume" : 142099.00
  }, {
    "date" : "2025-05-23",
    "price" : 2263.70,
    "dma50" : 2124.29,
    "dma100" : null,
    "dma200" : 2194.78,
    "volume" : 16892.00
  }, {
    "date" : "2025-05-26",
    "price" : 2280.80,
    "dma50" : 2130.43,
    "dma100" : null,
    "dma200" : 2195.64,
    "volume" : 16229.00
  }, {
    "date" : "2025-05-27",
    "price" : 2295.30,
    "dma50" : 2136.89,
    "dma100" : null,
    "dma200" : 2196.63,
    "volume" : 21002.00
  }, {
    "date" : "2025-05-28",
    "price" : 2251.20,
    "dma50" : 2141.37,
    "dma100" : null,
    "dma200" : 2197.17,
    "volume" : 14114.00
  }, {
    "date" : "2025-05-29",
    "price" : 2285.50,
    "dma50" : 2147.03,
    "dma100" : null,
    "dma200" : 2198.05,
    "volume" : 38365.00
  }, {
    "date" : "2025-05-30",
    "price" : 2307.70,
    "dma50" : 2153.33,
    "dma100" : null,
    "dma200" : 2199.14,
    "volume" : 74084.00
  }, {
    "date" : "2025-06-02",
    "price" : 2292.50,
    "dma50" : 2158.78,
    "dma100" : null,
    "dma200" : 2200.07,
    "volume" : 29746.00
  }, {
    "date" : "2025-06-03",
    "price" : 2294.20,
    "dma50" : 2164.09,
    "dma100" : null,
    "dma200" : 2201.01,
    "volume" : 554951.00
  }, {
    "date" : "2025-06-04",
    "price" : 2250.20,
    "dma50" : 2167.47,
    "dma100" : null,
    "dma200" : 2201.50,
    "volume" : 64422.00
  }, {
    "date" : "2025-06-05",
    "price" : 2250.50,
    "dma50" : 2170.73,
    "dma100" : null,
    "dma200" : 2201.99,
    "volume" : 37765.00
  }, {
    "date" : "2025-06-06",
    "price" : 2193.30,
    "dma50" : 2171.61,
    "dma100" : null,
    "dma200" : 2201.90,
    "volume" : 16346.00
  }, {
    "date" : "2025-06-09",
    "price" : 2200.70,
    "dma50" : 2172.75,
    "dma100" : null,
    "dma200" : 2201.89,
    "volume" : 57579.00
  }, {
    "date" : "2025-06-10",
    "price" : 2192.10,
    "dma50" : 2173.51,
    "dma100" : null,
    "dma200" : 2201.79,
    "volume" : 18442.00
  }, {
    "date" : "2025-06-11",
    "price" : 2177.60,
    "dma50" : 2173.67,
    "dma100" : null,
    "dma200" : 2201.55,
    "volume" : 13329.00
  }, {
    "date" : "2025-06-12",
    "price" : 2176.50,
    "dma50" : 2173.78,
    "dma100" : null,
    "dma200" : 2201.30,
    "volume" : 22228.00
  }, {
    "date" : "2025-06-13",
    "price" : 2160.60,
    "dma50" : 2173.27,
    "dma100" : null,
    "dma200" : 2200.90,
    "volume" : 14171.00
  }, {
    "date" : "2025-06-16",
    "price" : 2134.00,
    "dma50" : 2171.73,
    "dma100" : null,
    "dma200" : 2200.23,
    "volume" : 18760.00
  }, {
    "date" : "2025-06-17",
    "price" : 2136.00,
    "dma50" : 2170.33,
    "dma100" : null,
    "dma200" : 2199.59,
    "volume" : 20935.00
  }, {
    "date" : "2025-06-18",
    "price" : 2120.80,
    "dma50" : 2168.38,
    "dma100" : null,
    "dma200" : 2198.81,
    "volume" : 6685.00
  }, {
    "date" : "2025-06-19",
    "price" : 2145.20,
    "dma50" : 2167.47,
    "dma100" : null,
    "dma200" : 2198.27,
    "volume" : 21114.00
  }, {
    "date" : "2025-06-20",
    "price" : 2117.80,
    "dma50" : 2165.53,
    "dma100" : null,
    "dma200" : 2197.47,
    "volume" : 72460.00
  }, {
    "date" : "2025-06-23",
    "price" : 2135.90,
    "dma50" : 2164.36,
    "dma100" : null,
    "dma200" : 2196.86,
    "volume" : 15780.00
  }, {
    "date" : "2025-06-24",
    "price" : 2149.90,
    "dma50" : 2163.80,
    "dma100" : null,
    "dma200" : 2196.39,
    "volume" : 13535.00
  }, {
    "date" : "2025-06-25",
    "price" : 2149.30,
    "dma50" : 2163.23,
    "dma100" : null,
    "dma200" : 2195.93,
    "volume" : 8336.00
  }, {
    "date" : "2025-06-26",
    "price" : 2132.50,
    "dma50" : 2162.02,
    "dma100" : null,
    "dma200" : 2195.29,
    "volume" : 13766.00
  }, {
    "date" : "2025-06-27",
    "price" : 2127.10,
    "dma50" : 2160.65,
    "dma100" : null,
    "dma200" : 2194.62,
    "volume" : 14479.00
  }, {
    "date" : "2025-06-30",
    "price" : 2158.00,
    "dma50" : 2160.55,
    "dma100" : null,
    "dma200" : 2194.25,
    "volume" : 11933.00
  }, {
    "date" : "2025-07-01",
    "price" : 2195.40,
    "dma50" : 2161.92,
    "dma100" : null,
    "dma200" : 2194.26,
    "volume" : 21317.00
  }, {
    "date" : "2025-07-02",
    "price" : 2160.70,
    "dma50" : 2161.87,
    "dma100" : 2107.55,
    "dma200" : 2193.93,
    "volume" : 20615.00
  }, {
    "date" : "2025-07-03",
    "price" : 2174.80,
    "dma50" : 2162.38,
    "dma100" : 2105.46,
    "dma200" : 2193.74,
    "volume" : 15765.00
  }, {
    "date" : "2025-07-04",
    "price" : 2200.80,
    "dma50" : 2163.88,
    "dma100" : 2103.94,
    "dma200" : 2193.81,
    "volume" : 22171.00
  }, {
    "date" : "2025-07-07",
    "price" : 2237.20,
    "dma50" : 2166.76,
    "dma100" : 2103.42,
    "dma200" : 2194.24,
    "volume" : 21446.00
  }, {
    "date" : "2025-07-08",
    "price" : 2229.90,
    "dma50" : 2169.23,
    "dma100" : 2103.92,
    "dma200" : 2194.60,
    "volume" : 14539.00
  }, {
    "date" : "2025-07-09",
    "price" : 2225.60,
    "dma50" : 2171.44,
    "dma100" : 2105.72,
    "dma200" : 2194.90,
    "volume" : 9626.00
  }, {
    "date" : "2025-07-10",
    "price" : 2230.40,
    "dma50" : 2173.76,
    "dma100" : 2107.69,
    "dma200" : 2195.26,
    "volume" : 7354.00
  }, {
    "date" : "2025-07-11",
    "price" : 2219.40,
    "dma50" : 2175.55,
    "dma100" : 2109.96,
    "dma200" : 2195.50,
    "volume" : 10498.00
  }, {
    "date" : "2025-07-14",
    "price" : 2188.40,
    "dma50" : 2176.05,
    "dma100" : 2111.73,
    "dma200" : 2195.43,
    "volume" : 37121.00
  }, {
    "date" : "2025-07-15",
    "price" : 2205.40,
    "dma50" : 2177.20,
    "dma100" : 2114.04,
    "dma200" : 2195.53,
    "volume" : 10142.00
  }, {
    "date" : "2025-07-16",
    "price" : 2200.10,
    "dma50" : 2178.10,
    "dma100" : 2116.81,
    "dma200" : 2195.57,
    "volume" : 14598.00
  }, {
    "date" : "2025-07-17",
    "price" : 2213.30,
    "dma50" : 2179.48,
    "dma100" : 2120.14,
    "dma200" : 2195.75,
    "volume" : 13681.00
  }, {
    "date" : "2025-07-18",
    "price" : 2199.90,
    "dma50" : 2180.28,
    "dma100" : 2122.31,
    "dma200" : 2195.79,
    "volume" : 13840.00
  }, {
    "date" : "2025-07-21",
    "price" : 2153.60,
    "dma50" : 2179.23,
    "dma100" : 2122.24,
    "dma200" : 2195.37,
    "volume" : 30199.00
  }, {
    "date" : "2025-07-22",
    "price" : 2142.60,
    "dma50" : 2177.80,
    "dma100" : 2121.89,
    "dma200" : 2194.84,
    "volume" : 37365.00
  }, {
    "date" : "2025-07-23",
    "price" : 2138.40,
    "dma50" : 2176.25,
    "dma100" : 2121.27,
    "dma200" : 2194.28,
    "volume" : 6677.00
  }, {
    "date" : "2025-07-24",
    "price" : 2120.80,
    "dma50" : 2174.08,
    "dma100" : 2120.16,
    "dma200" : 2193.55,
    "volume" : 8275.00
  }, {
    "date" : "2025-07-25",
    "price" : 2110.40,
    "dma50" : 2171.58,
    "dma100" : 2119.24,
    "dma200" : 2192.72,
    "volume" : 10971.00
  }, {
    "date" : "2025-07-28",
    "price" : 2029.80,
    "dma50" : 2166.02,
    "dma100" : 2118.18,
    "dma200" : 2191.10,
    "volume" : 38678.00
  }, {
    "date" : "2025-07-29",
    "price" : 2056.60,
    "dma50" : 2161.73,
    "dma100" : 2118.51,
    "dma200" : 2189.76,
    "volume" : 14732.00
  }, {
    "date" : "2025-07-30",
    "price" : 2035.40,
    "dma50" : 2156.78,
    "dma100" : 2118.68,
    "dma200" : 2188.23,
    "volume" : 8825.00
  }, {
    "date" : "2025-07-31",
    "price" : 2098.20,
    "dma50" : 2154.48,
    "dma100" : 2118.75,
    "dma200" : 2187.33,
    "volume" : 35354.00
  }, {
    "date" : "2025-08-01",
    "price" : 2100.80,
    "dma50" : 2152.37,
    "dma100" : 2118.52,
    "dma200" : 2186.47,
    "volume" : 121619.00
  }, {
    "date" : "2025-08-04",
    "price" : 2098.10,
    "dma50" : 2150.25,
    "dma100" : 2118.63,
    "dma200" : 2185.59,
    "volume" : 52798.00
  }, {
    "date" : "2025-08-05",
    "price" : 2089.30,
    "dma50" : 2147.86,
    "dma100" : 2119.76,
    "dma200" : 2184.63,
    "volume" : 18577.00
  }, {
    "date" : "2025-08-06",
    "price" : 2057.50,
    "dma50" : 2144.31,
    "dma100" : 2120.29,
    "dma200" : 2183.37,
    "volume" : 12513.00
  }, {
    "date" : "2025-08-07",
    "price" : 2055.40,
    "dma50" : 2140.83,
    "dma100" : 2121.19,
    "dma200" : 2182.10,
    "volume" : 21546.00
  }, {
    "date" : "2025-08-08",
    "price" : 2047.40,
    "dma50" : 2137.16,
    "dma100" : 2121.69,
    "dma200" : 2180.76,
    "volume" : 9529.00
  }, {
    "date" : "2025-08-11",
    "price" : 2026.30,
    "dma50" : 2132.81,
    "dma100" : 2122.22,
    "dma200" : 2179.22,
    "volume" : 50315.00
  }, {
    "date" : "2025-08-12",
    "price" : 2021.40,
    "dma50" : 2128.44,
    "dma100" : 2121.89,
    "dma200" : 2177.65,
    "volume" : 52755.00
  }, {
    "date" : "2025-08-13",
    "price" : 2046.20,
    "dma50" : 2125.22,
    "dma100" : 2121.92,
    "dma200" : 2176.34,
    "volume" : 27105.00
  }, {
    "date" : "2025-08-14",
    "price" : 2054.80,
    "dma50" : 2122.46,
    "dma100" : 2121.68,
    "dma200" : 2175.13,
    "volume" : 57877.00
  }, {
    "date" : "2025-08-18",
    "price" : 2064.60,
    "dma50" : 2120.19,
    "dma100" : 2121.68,
    "dma200" : 2174.03,
    "volume" : 62779.00
  }, {
    "date" : "2025-08-19",
    "price" : 2036.80,
    "dma50" : 2116.92,
    "dma100" : 2121.97,
    "dma200" : 2172.67,
    "volume" : 26738.00
  }, {
    "date" : "2025-08-20",
    "price" : 2015.00,
    "dma50" : 2112.92,
    "dma100" : 2122.52,
    "dma200" : 2171.10,
    "volume" : 99342.00
  }, {
    "date" : "2025-08-21",
    "price" : 2014.60,
    "dma50" : 2109.07,
    "dma100" : 2123.28,
    "dma200" : 2169.54,
    "volume" : 136344.00
  }, {
    "date" : "2025-08-22",
    "price" : 2013.90,
    "dma50" : 2105.33,
    "dma100" : 2124.02,
    "dma200" : 2167.99,
    "volume" : 28826.00
  }, {
    "date" : "2025-08-25",
    "price" : 2159.00,
    "dma50" : 2107.44,
    "dma100" : 2125.85,
    "dma200" : 2167.90,
    "volume" : 426475.00
  }, {
    "date" : "2025-08-26",
    "price" : 2119.60,
    "dma50" : 2107.92,
    "dma100" : 2127.62,
    "dma200" : 2167.42,
    "volume" : 60607.00
  }, {
    "date" : "2025-08-28",
    "price" : 2110.20,
    "dma50" : 2108.01,
    "dma100" : 2129.35,
    "dma200" : 2166.85,
    "volume" : 11696.00
  }, {
    "date" : "2025-08-29",
    "price" : 2143.10,
    "dma50" : 2109.38,
    "dma100" : 2131.48,
    "dma200" : 2166.62,
    "volume" : 34773.00
  }, {
    "date" : "2025-09-01",
    "price" : 2120.60,
    "dma50" : 2109.82,
    "dma100" : 2133.51,
    "dma200" : 2166.16,
    "volume" : 13679.00
  }, {
    "date" : "2025-09-02",
    "price" : 2159.00,
    "dma50" : 2111.75,
    "dma100" : 2135.82,
    "dma200" : 2166.09,
    "volume" : 12619.00
  }, {
    "date" : "2025-09-03",
    "price" : 2153.90,
    "dma50" : 2113.40,
    "dma100" : 2137.61,
    "dma200" : 2165.97,
    "volume" : 48344.00
  }, {
    "date" : "2025-09-04",
    "price" : 2153.30,
    "dma50" : 2114.97,
    "dma100" : 2139.63,
    "dma200" : 2165.84,
    "volume" : 10093.00
  }, {
    "date" : "2025-09-05",
    "price" : 2146.30,
    "dma50" : 2116.20,
    "dma100" : 2140.19,
    "dma200" : 2165.64,
    "volume" : 315595.00
  }, {
    "date" : "2025-09-08",
    "price" : 2125.90,
    "dma50" : 2116.58,
    "dma100" : 2140.30,
    "dma200" : 2165.25,
    "volume" : 18995.00
  }, {
    "date" : "2025-09-09",
    "price" : 2196.10,
    "dma50" : 2119.70,
    "dma100" : 2140.96,
    "dma200" : 2165.56,
    "volume" : 44289.00
  }, {
    "date" : "2025-09-10",
    "price" : 2232.00,
    "dma50" : 2124.10,
    "dma100" : 2142.19,
    "dma200" : 2166.22,
    "volume" : 48637.00
  }, {
    "date" : "2025-09-11",
    "price" : 2211.40,
    "dma50" : 2127.52,
    "dma100" : 2143.60,
    "dma200" : 2166.67,
    "volume" : 83502.00
  }, {
    "date" : "2025-09-12",
    "price" : 2259.00,
    "dma50" : 2132.68,
    "dma100" : 2145.47,
    "dma200" : 2167.59,
    "volume" : 43792.00
  }, {
    "date" : "2025-09-15",
    "price" : 2248.10,
    "dma50" : 2137.21,
    "dma100" : 2147.44,
    "dma200" : 2168.39,
    "volume" : 32478.00
  }, {
    "date" : "2025-09-16",
    "price" : 2282.60,
    "dma50" : 2142.91,
    "dma100" : 2150.15,
    "dma200" : 2169.52,
    "volume" : 56731.00
  }, {
    "date" : "2025-09-17",
    "price" : 2269.50,
    "dma50" : 2147.87,
    "dma100" : 2152.88,
    "dma200" : 2170.52,
    "volume" : 12392.00
  }, {
    "date" : "2025-09-18",
    "price" : 2256.10,
    "dma50" : 2152.12,
    "dma100" : 2155.59,
    "dma200" : 2171.37,
    "volume" : 11703.00
  }, {
    "date" : "2025-09-19",
    "price" : 2273.00,
    "dma50" : 2156.86,
    "dma100" : 2158.30,
    "dma200" : 2172.38,
    "volume" : 25098.00
  }, {
    "date" : "2025-09-22",
    "price" : 2252.20,
    "dma50" : 2160.60,
    "dma100" : 2160.78,
    "dma200" : 2173.17,
    "volume" : 24418.00
  }, {
    "date" : "2025-09-23",
    "price" : 2204.00,
    "dma50" : 2162.30,
    "dma100" : 2163.20,
    "dma200" : 2173.48,
    "volume" : 13169.00
  }, {
    "date" : "2025-09-24",
    "price" : 2212.80,
    "dma50" : 2164.28,
    "dma100" : 2165.36,
    "dma200" : 2173.87,
    "volume" : 17062.00
  }, {
    "date" : "2025-09-25",
    "price" : 2217.70,
    "dma50" : 2166.37,
    "dma100" : 2167.92,
    "dma200" : 2174.31,
    "volume" : 8552.00
  }, {
    "date" : "2025-09-26",
    "price" : 2191.20,
    "dma50" : 2167.35,
    "dma100" : 2168.88,
    "dma200" : 2174.48,
    "volume" : 15137.00
  }, {
    "date" : "2025-09-29",
    "price" : 2187.30,
    "dma50" : 2168.13,
    "dma100" : 2169.83,
    "dma200" : 2174.60,
    "volume" : 24051.00
  }, {
    "date" : "2025-09-30",
    "price" : 2188.30,
    "dma50" : 2168.92,
    "dma100" : 2170.75,
    "dma200" : 2174.74,
    "volume" : 18105.00
  }, {
    "date" : "2025-10-01",
    "price" : 2183.20,
    "dma50" : 2169.48,
    "dma100" : 2171.32,
    "dma200" : 2174.83,
    "volume" : 7657.00
  }, {
    "date" : "2025-10-03",
    "price" : 2173.90,
    "dma50" : 2169.65,
    "dma100" : 2171.47,
    "dma200" : 2174.82,
    "volume" : 11065.00
  }, {
    "date" : "2025-10-06",
    "price" : 2189.80,
    "dma50" : 2170.44,
    "dma100" : 2171.23,
    "dma200" : 2174.96,
    "volume" : 9076.00
  }, {
    "date" : "2025-10-07",
    "price" : 2192.70,
    "dma50" : 2171.32,
    "dma100" : 2170.56,
    "dma200" : 2175.14,
    "volume" : 8477.00
  }, {
    "date" : "2025-10-08",
    "price" : 2258.60,
    "dma50" : 2174.74,
    "dma100" : 2170.39,
    "dma200" : 2175.97,
    "volume" : 35446.00
  }, {
    "date" : "2025-10-09",
    "price" : 2268.40,
    "dma50" : 2178.41,
    "dma100" : 2170.50,
    "dma200" : 2176.89,
    "volume" : 33950.00
  }, {
    "date" : "2025-10-10",
    "price" : 2236.40,
    "dma50" : 2180.69,
    "dma100" : 2170.07,
    "dma200" : 2177.48,
    "volume" : 15087.00
  }, {
    "date" : "2025-10-13",
    "price" : 2207.20,
    "dma50" : 2181.73,
    "dma100" : 2169.60,
    "dma200" : 2177.78,
    "volume" : 14668.00
  }, {
    "date" : "2025-10-14",
    "price" : 2183.60,
    "dma50" : 2181.80,
    "dma100" : 2168.54,
    "dma200" : 2177.84,
    "volume" : 10333.00
  }, {
    "date" : "2025-10-15",
    "price" : 2222.40,
    "dma50" : 2183.39,
    "dma100" : 2168.13,
    "dma200" : 2178.28,
    "volume" : 25661.00
  }, {
    "date" : "2025-10-16",
    "price" : 2202.90,
    "dma50" : 2184.16,
    "dma100" : 2167.35,
    "dma200" : 2178.53,
    "volume" : 7257.00
  }, {
    "date" : "2025-10-17",
    "price" : 2158.60,
    "dma50" : 2183.15,
    "dma100" : 2165.98,
    "dma200" : 2178.33,
    "volume" : 10502.00
  }, {
    "date" : "2025-10-20",
    "price" : 2102.40,
    "dma50" : 2179.99,
    "dma100" : 2164.49,
    "dma200" : 2177.57,
    "volume" : 16771.00
  }, {
    "date" : "2025-10-21",
    "price" : 2117.60,
    "dma50" : 2177.54,
    "dma100" : 2162.82,
    "dma200" : 2176.98,
    "volume" : 2601.00
  }, {
    "date" : "2025-10-23",
    "price" : 2082.50,
    "dma50" : 2173.81,
    "dma100" : 2160.56,
    "dma200" : 2176.04,
    "volume" : 12897.00
  }, {
    "date" : "2025-10-24",
    "price" : 2118.10,
    "dma50" : 2171.63,
    "dma100" : 2158.82,
    "dma200" : 2175.46,
    "volume" : 30919.00
  }, {
    "date" : "2025-10-27",
    "price" : 2150.30,
    "dma50" : 2170.79,
    "dma100" : 2157.38,
    "dma200" : 2175.21,
    "volume" : 18749.00
  }, {
    "date" : "2025-10-28",
    "price" : 2130.30,
    "dma50" : 2169.20,
    "dma100" : 2156.18,
    "dma200" : 2174.76,
    "volume" : 23060.00
  }, {
    "date" : "2025-10-29",
    "price" : 2159.20,
    "dma50" : 2168.81,
    "dma100" : 2155.27,
    "dma200" : 2174.61,
    "volume" : 25329.00
  }, {
    "date" : "2025-10-30",
    "price" : 2149.40,
    "dma50" : 2168.05,
    "dma100" : 2154.83,
    "dma200" : 2174.36,
    "volume" : 7678.00
  }, {
    "date" : "2025-10-31",
    "price" : 2134.80,
    "dma50" : 2166.75,
    "dma100" : 2154.17,
    "dma200" : 2173.96,
    "volume" : 15247.00
  }, {
    "date" : "2025-11-03",
    "price" : 2154.30,
    "dma50" : 2166.26,
    "dma100" : 2153.79,
    "dma200" : 2173.77,
    "volume" : 59637.00
  }, {
    "date" : "2025-11-04",
    "price" : 2105.00,
    "dma50" : 2163.86,
    "dma100" : 2153.07,
    "dma200" : 2173.08,
    "volume" : 73243.00
  }, {
    "date" : "2025-11-06",
    "price" : 2083.00,
    "dma50" : 2160.69,
    "dma100" : 2152.13,
    "dma200" : 2172.19,
    "volume" : 28102.00
  }, {
    "date" : "2025-11-07",
    "price" : 2048.50,
    "dma50" : 2156.29,
    "dma100" : 2151.01,
    "dma200" : 2170.96,
    "volume" : 7911.00
  }, {
    "date" : "2025-11-10",
    "price" : 2147.50,
    "dma50" : 2155.94,
    "dma100" : 2151.14,
    "dma200" : 2170.72,
    "volume" : 427222.00
  }, {
    "date" : "2025-11-11",
    "price" : 2187.80,
    "dma50" : 2157.19,
    "dma100" : 2151.66,
    "dma200" : 2170.89,
    "volume" : 97149.00
  }, {
    "date" : "2025-11-12",
    "price" : 2173.90,
    "dma50" : 2157.85,
    "dma100" : 2152.19,
    "dma200" : 2170.92,
    "volume" : 57614.00
  }, {
    "date" : "2025-11-13",
    "price" : 2253.70,
    "dma50" : 2161.61,
    "dma100" : 2153.28,
    "dma200" : 2171.75,
    "volume" : 100968.00
  }, {
    "date" : "2025-11-14",
    "price" : 2241.00,
    "dma50" : 2164.72,
    "dma100" : 2154.51,
    "dma200" : 2172.43,
    "volume" : 14526.00
  }, {
    "date" : "2025-11-17",
    "price" : 2299.10,
    "dma50" : 2169.99,
    "dma100" : 2156.14,
    "dma200" : 2173.69,
    "volume" : 82945.00
  }, {
    "date" : "2025-11-18",
    "price" : 2300.50,
    "dma50" : 2175.11,
    "dma100" : 2157.65,
    "dma200" : 2174.96,
    "volume" : 18301.00
  }, {
    "date" : "2025-11-19",
    "price" : 2288.30,
    "dma50" : 2179.55,
    "dma100" : 2159.04,
    "dma200" : 2176.08,
    "volume" : 21401.00
  }, {
    "date" : "2025-11-20",
    "price" : 2280.00,
    "dma50" : 2183.49,
    "dma100" : 2160.51,
    "dma200" : 2177.12,
    "volume" : 19784.00
  }, {
    "date" : "2025-11-21",
    "price" : 2275.00,
    "dma50" : 2187.07,
    "dma100" : 2161.99,
    "dma200" : 2178.09,
    "volume" : 11110.00
  }, {
    "date" : "2025-11-24",
    "price" : 2382.90,
    "dma50" : 2194.75,
    "dma100" : 2164.24,
    "dma200" : 2180.13,
    "volume" : 196822.00
  }, {
    "date" : "2025-11-25",
    "price" : 2465.50,
    "dma50" : 2205.37,
    "dma100" : 2166.94,
    "dma200" : 2182.97,
    "volume" : 127485.00
  }, {
    "date" : "2025-11-26",
    "price" : 2492.60,
    "dma50" : 2216.63,
    "dma100" : 2170.26,
    "dma200" : 2186.05,
    "volume" : 52594.00
  }, {
    "date" : "2025-11-27",
    "price" : 2446.10,
    "dma50" : 2225.63,
    "dma100" : 2172.97,
    "dma200" : 2188.64,
    "volume" : 26666.00
  }, {
    "date" : "2025-11-28",
    "price" : 2429.80,
    "dma50" : 2233.64,
    "dma100" : 2175.26,
    "dma200" : 2191.04,
    "volume" : 22187.00
  }, {
    "date" : "2025-12-01",
    "price" : 2435.40,
    "dma50" : 2241.55,
    "dma100" : 2177.25,
    "dma200" : 2193.47,
    "volume" : 19062.00
  }, {
    "date" : "2025-12-02",
    "price" : 2351.80,
    "dma50" : 2245.88,
    "dma100" : 2178.47,
    "dma200" : 2195.04,
    "volume" : 66426.00
  }, {
    "date" : "2025-12-03",
    "price" : 2440.30,
    "dma50" : 2253.50,
    "dma100" : 2180.61,
    "dma200" : 2197.49,
    "volume" : 38341.00
  }, {
    "date" : "2025-12-04",
    "price" : 2390.10,
    "dma50" : 2258.86,
    "dma100" : 2182.21,
    "dma200" : 2199.40,
    "volume" : 20049.00
  }, {
    "date" : "2025-12-05",
    "price" : 2379.30,
    "dma50" : 2263.58,
    "dma100" : 2183.81,
    "dma200" : 2201.19,
    "volume" : 20886.00
  }, {
    "date" : "2025-12-08",
    "price" : 2332.70,
    "dma50" : 2266.29,
    "dma100" : 2185.25,
    "dma200" : 2202.50,
    "volume" : 40785.00
  }, {
    "date" : "2025-12-09",
    "price" : 2375.10,
    "dma50" : 2270.56,
    "dma100" : 2186.95,
    "dma200" : 2204.22,
    "volume" : 17839.00
  }, {
    "date" : "2025-12-10",
    "price" : 2322.00,
    "dma50" : 2272.58,
    "dma100" : 2188.17,
    "dma200" : 2205.39,
    "volume" : 8093.00
  }, {
    "date" : "2025-12-11",
    "price" : 2308.70,
    "dma50" : 2273.99,
    "dma100" : 2189.12,
    "dma200" : 2206.42,
    "volume" : 7960.00
  }, {
    "date" : "2025-12-12",
    "price" : 2295.40,
    "dma50" : 2274.83,
    "dma100" : 2190.08,
    "dma200" : 2207.30,
    "volume" : 27796.00
  }, {
    "date" : "2025-12-15",
    "price" : 2288.40,
    "dma50" : 2275.36,
    "dma100" : 2191.42,
    "dma200" : 2208.11,
    "volume" : 11963.00
  }, {
    "date" : "2025-12-16",
    "price" : 2261.00,
    "dma50" : 2274.80,
    "dma100" : 2192.61,
    "dma200" : 2208.64,
    "volume" : 18244.00
  }, {
    "date" : "2025-12-17",
    "price" : 2224.60,
    "dma50" : 2272.83,
    "dma100" : 2193.47,
    "dma200" : 2208.79,
    "volume" : 19398.00
  }, {
    "date" : "2025-12-18",
    "price" : 2196.80,
    "dma50" : 2269.85,
    "dma100" : 2194.23,
    "dma200" : 2208.68,
    "volume" : 115162.00
  }, {
    "date" : "2025-12-19",
    "price" : 2208.40,
    "dma50" : 2267.44,
    "dma100" : 2195.21,
    "dma200" : 2208.67,
    "volume" : 9755.00
  }, {
    "date" : "2025-12-22",
    "price" : 2212.10,
    "dma50" : 2265.27,
    "dma100" : 2197.03,
    "dma200" : 2208.71,
    "volume" : 11834.00
  }, {
    "date" : "2025-12-23",
    "price" : 2199.80,
    "dma50" : 2262.70,
    "dma100" : 2198.47,
    "dma200" : 2208.62,
    "volume" : 11761.00
  }, {
    "date" : "2025-12-24",
    "price" : 2270.40,
    "dma50" : 2263.00,
    "dma100" : 2200.82,
    "dma200" : 2209.23,
    "volume" : 67710.00
  }, {
    "date" : "2025-12-26",
    "price" : 2232.60,
    "dma50" : 2261.81,
    "dma100" : 2202.16,
    "dma200" : 2209.47,
    "volume" : 17698.00
  }, {
    "date" : "2025-12-29",
    "price" : 2196.50,
    "dma50" : 2259.25,
    "dma100" : 2203.12,
    "dma200" : 2209.34,
    "volume" : 32559.00
  }, {
    "date" : "2025-12-30",
    "price" : 2167.10,
    "dma50" : 2255.64,
    "dma100" : 2203.81,
    "dma200" : 2208.92,
    "volume" : 9401.00
  }, {
    "date" : "2025-12-31",
    "price" : 2174.40,
    "dma50" : 2252.45,
    "dma100" : 2204.66,
    "dma200" : 2208.57,
    "volume" : 53612.00
  }, {
    "date" : "2026-01-01",
    "price" : 2180.00,
    "dma50" : 2249.61,
    "dma100" : 2205.88,
    "dma200" : 2208.29,
    "volume" : 21159.00
  }, {
    "date" : "2026-01-02",
    "price" : 2168.50,
    "dma50" : 2246.43,
    "dma100" : 2207.01,
    "dma200" : 2207.89,
    "volume" : 11768.00
  }, {
    "date" : "2026-01-05",
    "price" : 2194.70,
    "dma50" : 2244.40,
    "dma100" : 2208.49,
    "dma200" : 2207.76,
    "volume" : 36582.00
  }, {
    "date" : "2026-01-06",
    "price" : 2153.90,
    "dma50" : 2240.85,
    "dma100" : 2209.76,
    "dma200" : 2207.23,
    "volume" : 15137.00
  }, {
    "date" : "2026-01-07",
    "price" : 2117.80,
    "dma50" : 2236.03,
    "dma100" : 2210.73,
    "dma200" : 2206.34,
    "volume" : 19421.00
  }, {
    "date" : "2026-01-08",
    "price" : 2110.20,
    "dma50" : 2231.09,
    "dma100" : 2211.37,
    "dma200" : 2205.38,
    "volume" : 10289.00
  }, {
    "date" : "2026-01-09",
    "price" : 2111.60,
    "dma50" : 2226.41,
    "dma100" : 2211.93,
    "dma200" : 2204.45,
    "volume" : 10030.00
  }, {
    "date" : "2026-01-12",
    "price" : 2065.40,
    "dma50" : 2220.09,
    "dma100" : 2211.94,
    "dma200" : 2203.06,
    "volume" : 58083.00
  }, {
    "date" : "2026-01-13",
    "price" : 2123.80,
    "dma50" : 2216.32,
    "dma100" : 2212.81,
    "dma200" : 2202.27,
    "volume" : 23235.00
  }, {
    "date" : "2026-01-14",
    "price" : 2079.50,
    "dma50" : 2210.95,
    "dma100" : 2213.46,
    "dma200" : 2201.05,
    "volume" : 32296.00
  }, {
    "date" : "2026-01-16",
    "price" : 2072.70,
    "dma50" : 2205.53,
    "dma100" : 2214.04,
    "dma200" : 2199.77,
    "volume" : 14162.00
  }, {
    "date" : "2026-01-19",
    "price" : 1999.00,
    "dma50" : 2197.43,
    "dma100" : 2213.89,
    "dma200" : 2197.78,
    "volume" : 32269.00
  }, {
    "date" : "2026-01-20",
    "price" : 1969.60,
    "dma50" : 2188.50,
    "dma100" : 2212.00,
    "dma200" : 2195.51,
    "volume" : 34886.00
  }, {
    "date" : "2026-01-21",
    "price" : 1956.00,
    "dma50" : 2179.38,
    "dma100" : 2210.36,
    "dma200" : 2193.12,
    "volume" : 39271.00
  }, {
    "date" : "2026-01-22",
    "price" : 1960.00,
    "dma50" : 2170.77,
    "dma100" : 2208.86,
    "dma200" : 2190.80,
    "volume" : 14471.00
  }, {
    "date" : "2026-01-23",
    "price" : 1981.60,
    "dma50" : 2163.36,
    "dma100" : 2207.24,
    "dma200" : 2188.72,
    "volume" : 11351.00
  }, {
    "date" : "2026-01-27",
    "price" : 2004.40,
    "dma50" : 2157.12,
    "dma100" : 2206.08,
    "dma200" : 2186.89,
    "volume" : 20030.00
  }, {
    "date" : "2026-01-28",
    "price" : 2027.00,
    "dma50" : 2152.02,
    "dma100" : 2204.76,
    "dma200" : 2185.30,
    "volume" : 36997.00
  }, {
    "date" : "2026-01-29",
    "price" : 1943.40,
    "dma50" : 2143.84,
    "dma100" : 2202.66,
    "dma200" : 2182.89,
    "volume" : 25953.00
  }, {
    "date" : "2026-01-30",
    "price" : 2031.90,
    "dma50" : 2139.45,
    "dma100" : 2201.44,
    "dma200" : 2181.39,
    "volume" : 119097.00
  }, {
    "date" : "2026-02-01",
    "price" : 2001.40,
    "dma50" : 2134.03,
    "dma100" : 2199.99,
    "dma200" : 2179.60,
    "volume" : 12676.00
  } ],
  "latestTechnicalAttributes" : {
    "date" : "2026-02-01",
    "price" : 2001.40,
    "dma50" : 2134.03,
    "dma100" : 2199.99,
    "dma200" : 2179.60,
    "volume" : 12676.00
  },
  "quarterlyResults" : [ {
    "date" : "2005-03-31",
    "sales" : 11.47,
    "salesGrowthYoY" : null,
    "grossProfitMargin" : 45.77,
    "grossProfit" : 5.25,
    "operatingProfitMargin" : 6.36,
    "operatingProfit" : 0.73,
    "netProfitMargin" : 0.96,
    "netProfit" : 0.11
  }, {
    "date" : "2005-06-30",
    "sales" : 13.06,
    "salesGrowthYoY" : null,
    "grossProfitMargin" : 41.88,
    "grossProfit" : 5.47,
    "operatingProfitMargin" : 6.97,
    "operatingProfit" : 0.91,
    "netProfitMargin" : 1.99,
    "netProfit" : 0.26
  }, {
    "date" : "2005-09-30",
    "sales" : 10.82,
    "salesGrowthYoY" : null,
    "grossProfitMargin" : 44.73,
    "grossProfit" : 4.84,
    "operatingProfitMargin" : 7.30,
    "operatingProfit" : 0.79,
    "netProfitMargin" : 2.31,
    "netProfit" : 0.25
  }, {
    "date" : "2005-12-31",
    "sales" : 10.10,
    "salesGrowthYoY" : null,
    "grossProfitMargin" : 46.34,
    "grossProfit" : 4.68,
    "operatingProfitMargin" : 3.56,
    "operatingProfit" : 0.36,
    "netProfitMargin" : -1.29,
    "netProfit" : -0.13
  }, {
    "date" : "2006-03-31",
    "sales" : 11.61,
    "salesGrowthYoY" : 1.22,
    "grossProfitMargin" : 42.38,
    "grossProfit" : 4.92,
    "operatingProfitMargin" : 0.26,
    "operatingProfit" : 0.03,
    "netProfitMargin" : -5.68,
    "netProfit" : -0.66
  }, {
    "date" : "2006-06-30",
    "sales" : 16.75,
    "salesGrowthYoY" : 28.25,
    "grossProfitMargin" : 37.73,
    "grossProfit" : 6.32,
    "operatingProfitMargin" : 4.96,
    "operatingProfit" : 0.83,
    "netProfitMargin" : 1.49,
    "netProfit" : 0.25
  }, {
    "date" : "2006-09-30",
    "sales" : 11.38,
    "salesGrowthYoY" : 5.18,
    "grossProfitMargin" : 45.61,
    "grossProfit" : 5.19,
    "operatingProfitMargin" : 5.18,
    "operatingProfit" : 0.59,
    "netProfitMargin" : 0.26,
    "netProfit" : 0.03
  }, {
    "date" : "2006-12-31",
    "sales" : 11.24,
    "salesGrowthYoY" : 11.29,
    "grossProfitMargin" : 43.77,
    "grossProfit" : 4.92,
    "operatingProfitMargin" : 3.02,
    "operatingProfit" : 0.34,
    "netProfitMargin" : -0.80,
    "netProfit" : -0.09
  }, {
    "date" : "2007-03-31",
    "sales" : 16.96,
    "salesGrowthYoY" : 46.08,
    "grossProfitMargin" : 38.74,
    "grossProfit" : 6.57,
    "operatingProfitMargin" : 4.54,
    "operatingProfit" : 0.77,
    "netProfitMargin" : 0.41,
    "netProfit" : 0.07
  }, {
    "date" : "2007-06-30",
    "sales" : 18.37,
    "salesGrowthYoY" : 9.67,
    "grossProfitMargin" : 40.77,
    "grossProfit" : 7.49,
    "operatingProfitMargin" : 7.08,
    "operatingProfit" : 1.30,
    "netProfitMargin" : 3.65,
    "netProfit" : 0.67
  }, {
    "date" : "2007-09-30",
    "sales" : 11.09,
    "salesGrowthYoY" : -2.55,
    "grossProfitMargin" : 50.14,
    "grossProfit" : 5.56,
    "operatingProfitMargin" : 7.57,
    "operatingProfit" : 0.84,
    "netProfitMargin" : 0.72,
    "netProfit" : 0.08
  }, {
    "date" : "2007-12-31",
    "sales" : 15.26,
    "salesGrowthYoY" : 35.77,
    "grossProfitMargin" : 42.86,
    "grossProfit" : 6.54,
    "operatingProfitMargin" : 6.55,
    "operatingProfit" : 1.00,
    "netProfitMargin" : 0.66,
    "netProfit" : 0.10
  }, {
    "date" : "2008-03-31",
    "sales" : 17.85,
    "salesGrowthYoY" : 5.25,
    "grossProfitMargin" : 44.31,
    "grossProfit" : 7.91,
    "operatingProfitMargin" : 7.84,
    "operatingProfit" : 1.40,
    "netProfitMargin" : 1.06,
    "netProfit" : 0.19
  }, {
    "date" : "2008-06-30",
    "sales" : 16.61,
    "salesGrowthYoY" : -9.58,
    "grossProfitMargin" : 41.18,
    "grossProfit" : 6.84,
    "operatingProfitMargin" : 6.32,
    "operatingProfit" : 1.05,
    "netProfitMargin" : 1.26,
    "netProfit" : 0.21
  }, {
    "date" : "2008-09-30",
    "sales" : 10.35,
    "salesGrowthYoY" : -6.67,
    "grossProfitMargin" : 55.07,
    "grossProfit" : 5.70,
    "operatingProfitMargin" : 7.54,
    "operatingProfit" : 0.78,
    "netProfitMargin" : 0.29,
    "netProfit" : 0.03
  }, {
    "date" : "2008-12-31",
    "sales" : 16.26,
    "salesGrowthYoY" : 6.55,
    "grossProfitMargin" : 38.68,
    "grossProfit" : 6.29,
    "operatingProfitMargin" : 2.58,
    "operatingProfit" : 0.42,
    "netProfitMargin" : -1.35,
    "netProfit" : -0.22
  }, {
    "date" : "2009-03-31",
    "sales" : 17.88,
    "salesGrowthYoY" : 0.17,
    "grossProfitMargin" : 41.16,
    "grossProfit" : 7.36,
    "operatingProfitMargin" : 5.87,
    "operatingProfit" : 1.05,
    "netProfitMargin" : 0.39,
    "netProfit" : 0.07
  }, {
    "date" : "2009-06-30",
    "sales" : 17.11,
    "salesGrowthYoY" : 3.01,
    "grossProfitMargin" : 42.37,
    "grossProfit" : 7.25,
    "operatingProfitMargin" : 8.59,
    "operatingProfit" : 1.47,
    "netProfitMargin" : 3.21,
    "netProfit" : 0.55
  }, {
    "date" : "2009-09-30",
    "sales" : 10.86,
    "salesGrowthYoY" : 4.93,
    "grossProfitMargin" : 58.47,
    "grossProfit" : 6.35,
    "operatingProfitMargin" : 9.58,
    "operatingProfit" : 1.04,
    "netProfitMargin" : 2.95,
    "netProfit" : 0.32
  }, {
    "date" : "2009-12-31",
    "sales" : 16.36,
    "salesGrowthYoY" : 0.62,
    "grossProfitMargin" : 46.03,
    "grossProfit" : 7.53,
    "operatingProfitMargin" : 9.35,
    "operatingProfit" : 1.53,
    "netProfitMargin" : 4.40,
    "netProfit" : 0.72
  }, {
    "date" : "2010-03-31",
    "sales" : 17.67,
    "salesGrowthYoY" : -1.17,
    "grossProfitMargin" : 46.80,
    "grossProfit" : 8.27,
    "operatingProfitMargin" : 8.15,
    "operatingProfit" : 1.44,
    "netProfitMargin" : 4.36,
    "netProfit" : 0.77
  }, {
    "date" : "2010-06-30",
    "sales" : 18.49,
    "salesGrowthYoY" : 8.07,
    "grossProfitMargin" : 43.21,
    "grossProfit" : 7.99,
    "operatingProfitMargin" : 8.33,
    "operatingProfit" : 1.54,
    "netProfitMargin" : 3.24,
    "netProfit" : 0.60
  }, {
    "date" : "2010-09-30",
    "sales" : 14.80,
    "salesGrowthYoY" : 36.28,
    "grossProfitMargin" : 50.00,
    "grossProfit" : 7.40,
    "operatingProfitMargin" : 8.99,
    "operatingProfit" : 1.33,
    "netProfitMargin" : 3.85,
    "netProfit" : 0.57
  }, {
    "date" : "2010-12-31",
    "sales" : 18.41,
    "salesGrowthYoY" : 12.53,
    "grossProfitMargin" : 46.28,
    "grossProfit" : 8.52,
    "operatingProfitMargin" : 9.23,
    "operatingProfit" : 1.70,
    "netProfitMargin" : 3.91,
    "netProfit" : 0.72
  }, {
    "date" : "2011-03-31",
    "sales" : 20.39,
    "salesGrowthYoY" : 15.39,
    "grossProfitMargin" : 42.23,
    "grossProfit" : 8.61,
    "operatingProfitMargin" : 6.72,
    "operatingProfit" : 1.37,
    "netProfitMargin" : 2.21,
    "netProfit" : 0.45
  }, {
    "date" : "2011-06-30",
    "sales" : 22.98,
    "salesGrowthYoY" : 24.28,
    "grossProfitMargin" : 39.64,
    "grossProfit" : 9.11,
    "operatingProfitMargin" : 9.36,
    "operatingProfit" : 2.15,
    "netProfitMargin" : 4.26,
    "netProfit" : 0.98
  }, {
    "date" : "2011-09-30",
    "sales" : 12.21,
    "salesGrowthYoY" : -17.50,
    "grossProfitMargin" : 53.48,
    "grossProfit" : 6.53,
    "operatingProfitMargin" : 3.60,
    "operatingProfit" : 0.44,
    "netProfitMargin" : -1.47,
    "netProfit" : -0.18
  }, {
    "date" : "2011-12-31",
    "sales" : 15.33,
    "salesGrowthYoY" : -16.73,
    "grossProfitMargin" : 37.51,
    "grossProfit" : 5.75,
    "operatingProfitMargin" : 5.41,
    "operatingProfit" : 0.83,
    "netProfitMargin" : 2.54,
    "netProfit" : 0.39
  }, {
    "date" : "2012-03-31",
    "sales" : 12.35,
    "salesGrowthYoY" : -39.43,
    "grossProfitMargin" : 35.87,
    "grossProfit" : 4.43,
    "operatingProfitMargin" : -5.67,
    "operatingProfit" : -0.70,
    "netProfitMargin" : -11.26,
    "netProfit" : -1.39
  }, {
    "date" : "2012-06-30",
    "sales" : 20.12,
    "salesGrowthYoY" : -12.45,
    "grossProfitMargin" : 25.60,
    "grossProfit" : 5.15,
    "operatingProfitMargin" : -10.59,
    "operatingProfit" : -2.13,
    "netProfitMargin" : -10.49,
    "netProfit" : -2.11
  }, {
    "date" : "2012-09-30",
    "sales" : 15.62,
    "salesGrowthYoY" : 27.93,
    "grossProfitMargin" : 46.67,
    "grossProfit" : 7.29,
    "operatingProfitMargin" : 5.25,
    "operatingProfit" : 0.82,
    "netProfitMargin" : 5.06,
    "netProfit" : 0.79
  }, {
    "date" : "2012-12-31",
    "sales" : 30.09,
    "salesGrowthYoY" : 96.28,
    "grossProfitMargin" : 47.26,
    "grossProfit" : 14.22,
    "operatingProfitMargin" : 6.81,
    "operatingProfit" : 2.05,
    "netProfitMargin" : 3.86,
    "netProfit" : 1.16
  }, {
    "date" : "2013-03-31",
    "sales" : 27.58,
    "salesGrowthYoY" : 123.32,
    "grossProfitMargin" : 52.21,
    "grossProfit" : 14.40,
    "operatingProfitMargin" : 7.32,
    "operatingProfit" : 2.02,
    "netProfitMargin" : 5.18,
    "netProfit" : 1.43
  }, {
    "date" : "2013-06-30",
    "sales" : 51.38,
    "salesGrowthYoY" : 155.37,
    "grossProfitMargin" : 47.14,
    "grossProfit" : 24.22,
    "operatingProfitMargin" : 7.10,
    "operatingProfit" : 3.65,
    "netProfitMargin" : 3.39,
    "netProfit" : 1.74
  }, {
    "date" : "2013-09-30",
    "sales" : 32.40,
    "salesGrowthYoY" : 107.43,
    "grossProfitMargin" : 49.44,
    "grossProfit" : 16.02,
    "operatingProfitMargin" : 4.04,
    "operatingProfit" : 1.31,
    "netProfitMargin" : 1.36,
    "netProfit" : 0.44
  }, {
    "date" : "2013-12-31",
    "sales" : 38.91,
    "salesGrowthYoY" : 29.31,
    "grossProfitMargin" : 41.27,
    "grossProfit" : 16.06,
    "operatingProfitMargin" : 1.54,
    "operatingProfit" : 0.60,
    "netProfitMargin" : -1.75,
    "netProfit" : -0.68
  }, {
    "date" : "2014-03-31",
    "sales" : 43.78,
    "salesGrowthYoY" : 58.74,
    "grossProfitMargin" : 41.32,
    "grossProfit" : 18.09,
    "operatingProfitMargin" : 3.70,
    "operatingProfit" : 1.62,
    "netProfitMargin" : -0.75,
    "netProfit" : -0.33
  }, {
    "date" : "2014-06-30",
    "sales" : 63.88,
    "salesGrowthYoY" : 24.33,
    "grossProfitMargin" : 40.92,
    "grossProfit" : 26.14,
    "operatingProfitMargin" : 8.59,
    "operatingProfit" : 5.49,
    "netProfitMargin" : 3.54,
    "netProfit" : 2.26
  }, {
    "date" : "2014-09-30",
    "sales" : 45.89,
    "salesGrowthYoY" : 41.64,
    "grossProfitMargin" : 39.35,
    "grossProfit" : 18.06,
    "operatingProfitMargin" : 1.94,
    "operatingProfit" : 0.89,
    "netProfitMargin" : -0.09,
    "netProfit" : -0.04
  }, {
    "date" : "2014-12-31",
    "sales" : 49.81,
    "salesGrowthYoY" : 28.01,
    "grossProfitMargin" : 42.70,
    "grossProfit" : 21.27,
    "operatingProfitMargin" : 4.14,
    "operatingProfit" : 2.06,
    "netProfitMargin" : 2.25,
    "netProfit" : 1.12
  }, {
    "date" : "2015-03-31",
    "sales" : 58.50,
    "salesGrowthYoY" : 33.62,
    "grossProfitMargin" : 47.71,
    "grossProfit" : 27.91,
    "operatingProfitMargin" : 7.93,
    "operatingProfit" : 4.64,
    "netProfitMargin" : 4.51,
    "netProfit" : 2.64
  }, {
    "date" : "2015-06-30",
    "sales" : 80.10,
    "salesGrowthYoY" : 25.39,
    "grossProfitMargin" : 41.39,
    "grossProfit" : 33.15,
    "operatingProfitMargin" : 10.72,
    "operatingProfit" : 8.59,
    "netProfitMargin" : 6.19,
    "netProfit" : 4.96
  }, {
    "date" : "2015-09-30",
    "sales" : 53.75,
    "salesGrowthYoY" : 17.13,
    "grossProfitMargin" : 41.77,
    "grossProfit" : 22.45,
    "operatingProfitMargin" : 3.37,
    "operatingProfit" : 1.81,
    "netProfitMargin" : 1.34,
    "netProfit" : 0.72
  }, {
    "date" : "2015-12-31",
    "sales" : 69.44,
    "salesGrowthYoY" : 39.41,
    "grossProfitMargin" : 46.83,
    "grossProfit" : 32.52,
    "operatingProfitMargin" : 6.71,
    "operatingProfit" : 4.66,
    "netProfitMargin" : 2.76,
    "netProfit" : 1.92
  }, {
    "date" : "2016-03-31",
    "sales" : 73.36,
    "salesGrowthYoY" : 25.40,
    "grossProfitMargin" : 45.68,
    "grossProfit" : 33.51,
    "operatingProfitMargin" : 6.79,
    "operatingProfit" : 4.98,
    "netProfitMargin" : 2.41,
    "netProfit" : 1.77
  }, {
    "date" : "2016-06-30",
    "sales" : 83.17,
    "salesGrowthYoY" : 3.83,
    "grossProfitMargin" : 40.29,
    "grossProfit" : 33.51,
    "operatingProfitMargin" : 6.59,
    "operatingProfit" : 5.48,
    "netProfitMargin" : 2.44,
    "netProfit" : 2.03
  }, {
    "date" : "2016-09-30",
    "sales" : 73.96,
    "salesGrowthYoY" : 37.60,
    "grossProfitMargin" : 40.01,
    "grossProfit" : 29.59,
    "operatingProfitMargin" : 5.49,
    "operatingProfit" : 4.06,
    "netProfitMargin" : 1.88,
    "netProfit" : 1.39
  }, {
    "date" : "2016-12-31",
    "sales" : 92.77,
    "salesGrowthYoY" : 33.60,
    "grossProfitMargin" : 41.04,
    "grossProfit" : 38.07,
    "operatingProfitMargin" : 6.69,
    "operatingProfit" : 6.21,
    "netProfitMargin" : 3.20,
    "netProfit" : 2.97
  }, {
    "date" : "2017-03-31",
    "sales" : 92.38,
    "salesGrowthYoY" : 25.93,
    "grossProfitMargin" : 42.67,
    "grossProfit" : 39.42,
    "operatingProfitMargin" : 8.96,
    "operatingProfit" : 8.28,
    "netProfitMargin" : 4.57,
    "netProfit" : 4.22
  }, {
    "date" : "2017-06-30",
    "sales" : 104.49,
    "salesGrowthYoY" : 25.63,
    "grossProfitMargin" : 38.69,
    "grossProfit" : 40.43,
    "operatingProfitMargin" : 6.62,
    "operatingProfit" : 6.92,
    "netProfitMargin" : 3.13,
    "netProfit" : 3.27
  }, {
    "date" : "2017-09-30",
    "sales" : 88.16,
    "salesGrowthYoY" : 19.20,
    "grossProfitMargin" : 50.24,
    "grossProfit" : 44.29,
    "operatingProfitMargin" : 9.12,
    "operatingProfit" : 8.04,
    "netProfitMargin" : 3.98,
    "netProfit" : 3.51
  }, {
    "date" : "2017-12-31",
    "sales" : 103.73,
    "salesGrowthYoY" : 11.81,
    "grossProfitMargin" : 47.92,
    "grossProfit" : 49.71,
    "operatingProfitMargin" : 11.96,
    "operatingProfit" : 12.41,
    "netProfitMargin" : 6.54,
    "netProfit" : 6.78
  }, {
    "date" : "2018-03-31",
    "sales" : 119.77,
    "salesGrowthYoY" : 29.65,
    "grossProfitMargin" : 46.84,
    "grossProfit" : 56.10,
    "operatingProfitMargin" : 11.83,
    "operatingProfit" : 14.17,
    "netProfitMargin" : 6.40,
    "netProfit" : 7.67
  }, {
    "date" : "2018-06-30",
    "sales" : 157.28,
    "salesGrowthYoY" : 50.52,
    "grossProfitMargin" : 43.85,
    "grossProfit" : 68.97,
    "operatingProfitMargin" : 13.82,
    "operatingProfit" : 21.74,
    "netProfitMargin" : 7.74,
    "netProfit" : 12.17
  }, {
    "date" : "2018-09-30",
    "sales" : 129.52,
    "salesGrowthYoY" : 46.91,
    "grossProfitMargin" : 42.44,
    "grossProfit" : 54.97,
    "operatingProfitMargin" : 8.85,
    "operatingProfit" : 11.46,
    "netProfitMargin" : 4.76,
    "netProfit" : 6.17
  }, {
    "date" : "2018-12-31",
    "sales" : 145.27,
    "salesGrowthYoY" : 40.05,
    "grossProfitMargin" : 39.75,
    "grossProfit" : 57.74,
    "operatingProfitMargin" : 7.48,
    "operatingProfit" : 10.87,
    "netProfitMargin" : 3.41,
    "netProfit" : 4.95
  }, {
    "date" : "2019-03-31",
    "sales" : 140.55,
    "salesGrowthYoY" : 17.35,
    "grossProfitMargin" : 40.62,
    "grossProfit" : 57.09,
    "operatingProfitMargin" : 5.59,
    "operatingProfit" : 7.86,
    "netProfitMargin" : 2.63,
    "netProfit" : 3.70
  }, {
    "date" : "2019-06-30",
    "sales" : 203.06,
    "salesGrowthYoY" : 29.11,
    "grossProfitMargin" : 39.81,
    "grossProfit" : 80.84,
    "operatingProfitMargin" : 10.18,
    "operatingProfit" : 20.67,
    "netProfitMargin" : 4.25,
    "netProfit" : 8.63
  }, {
    "date" : "2019-09-30",
    "sales" : 169.76,
    "salesGrowthYoY" : 31.07,
    "grossProfitMargin" : 43.89,
    "grossProfit" : 74.51,
    "operatingProfitMargin" : 9.99,
    "operatingProfit" : 16.96,
    "netProfitMargin" : 4.72,
    "netProfit" : 8.01
  }, {
    "date" : "2019-12-31",
    "sales" : 165.24,
    "salesGrowthYoY" : 13.75,
    "grossProfitMargin" : 46.04,
    "grossProfit" : 76.08,
    "operatingProfitMargin" : 11.94,
    "operatingProfit" : 19.73,
    "netProfitMargin" : 5.54,
    "netProfit" : 9.15
  }, {
    "date" : "2020-03-31",
    "sales" : 143.29,
    "salesGrowthYoY" : 1.95,
    "grossProfitMargin" : 45.15,
    "grossProfit" : 64.70,
    "operatingProfitMargin" : 9.14,
    "operatingProfit" : 13.10,
    "netProfitMargin" : 3.30,
    "netProfit" : 4.73
  }, {
    "date" : "2020-06-30",
    "sales" : 20.12,
    "salesGrowthYoY" : -90.09,
    "grossProfitMargin" : 44.18,
    "grossProfit" : 8.89,
    "operatingProfitMargin" : -94.78,
    "operatingProfit" : -19.07,
    "netProfitMargin" : -96.07,
    "netProfit" : -19.33
  }, {
    "date" : "2020-09-30",
    "sales" : 62.94,
    "salesGrowthYoY" : -62.92,
    "grossProfitMargin" : 38.53,
    "grossProfit" : 24.25,
    "operatingProfitMargin" : -8.48,
    "operatingProfit" : -5.34,
    "netProfitMargin" : -14.24,
    "netProfit" : -8.96
  }, {
    "date" : "2020-12-31",
    "sales" : 112.01,
    "salesGrowthYoY" : -32.21,
    "grossProfitMargin" : 39.89,
    "grossProfit" : 44.68,
    "operatingProfitMargin" : 4.79,
    "operatingProfit" : 5.37,
    "netProfitMargin" : 1.06,
    "netProfit" : 1.19
  }, {
    "date" : "2021-03-31",
    "sales" : 132.91,
    "salesGrowthYoY" : -7.24,
    "grossProfitMargin" : 44.75,
    "grossProfit" : 59.48,
    "operatingProfitMargin" : 10.07,
    "operatingProfit" : 13.38,
    "netProfitMargin" : 4.70,
    "netProfit" : 6.25
  }, {
    "date" : "2021-06-30",
    "sales" : 120.17,
    "salesGrowthYoY" : 497.27,
    "grossProfitMargin" : 39.19,
    "grossProfit" : 47.09,
    "operatingProfitMargin" : 5.93,
    "operatingProfit" : 7.13,
    "netProfitMargin" : 2.11,
    "netProfit" : 2.54
  }, {
    "date" : "2021-09-30",
    "sales" : 188.58,
    "salesGrowthYoY" : 199.62,
    "grossProfitMargin" : 37.54,
    "grossProfit" : 70.79,
    "operatingProfitMargin" : 9.58,
    "operatingProfit" : 18.07,
    "netProfitMargin" : 5.68,
    "netProfit" : 10.71
  }, {
    "date" : "2021-12-31",
    "sales" : 203.90,
    "salesGrowthYoY" : 82.04,
    "grossProfitMargin" : 33.42,
    "grossProfit" : 68.14,
    "operatingProfitMargin" : 6.50,
    "operatingProfit" : 13.25,
    "netProfitMargin" : 3.52,
    "netProfit" : 7.18
  }, {
    "date" : "2022-03-31",
    "sales" : 192.41,
    "salesGrowthYoY" : 44.77,
    "grossProfitMargin" : 38.54,
    "grossProfit" : 74.15,
    "operatingProfitMargin" : 8.58,
    "operatingProfit" : 16.51,
    "netProfitMargin" : 5.46,
    "netProfit" : 10.51
  }, {
    "date" : "2022-06-30",
    "sales" : 292.87,
    "salesGrowthYoY" : 143.71,
    "grossProfitMargin" : 38.33,
    "grossProfit" : 112.26,
    "operatingProfitMargin" : 14.23,
    "operatingProfit" : 41.68,
    "netProfitMargin" : 9.37,
    "netProfit" : 27.44
  }, {
    "date" : "2022-09-30",
    "sales" : 314.59,
    "salesGrowthYoY" : 66.82,
    "grossProfitMargin" : 36.49,
    "grossProfit" : 114.79,
    "operatingProfitMargin" : 12.31,
    "operatingProfit" : 38.73,
    "netProfitMargin" : 7.92,
    "netProfit" : 24.92
  }, {
    "date" : "2022-12-31",
    "sales" : 302.37,
    "salesGrowthYoY" : 48.29,
    "grossProfitMargin" : 41.61,
    "grossProfit" : 125.82,
    "operatingProfitMargin" : 16.24,
    "operatingProfit" : 49.10,
    "netProfitMargin" : 10.44,
    "netProfit" : 31.57
  }, {
    "date" : "2023-03-31",
    "sales" : 302.11,
    "salesGrowthYoY" : 57.01,
    "grossProfitMargin" : 43.13,
    "grossProfit" : 130.30,
    "operatingProfitMargin" : 17.09,
    "operatingProfit" : 51.63,
    "netProfitMargin" : 11.60,
    "netProfit" : 35.04
  }, {
    "date" : "2023-06-30",
    "sales" : 426.25,
    "salesGrowthYoY" : 45.54,
    "grossProfitMargin" : 40.77,
    "grossProfit" : 173.78,
    "operatingProfitMargin" : 16.72,
    "operatingProfit" : 71.27,
    "netProfitMargin" : 10.76,
    "netProfit" : 45.86
  }, {
    "date" : "2023-09-30",
    "sales" : 369.62,
    "salesGrowthYoY" : 17.49,
    "grossProfitMargin" : 39.58,
    "grossProfit" : 146.30,
    "operatingProfitMargin" : 14.53,
    "operatingProfit" : 53.71,
    "netProfitMargin" : 9.23,
    "netProfit" : 34.12
  }, {
    "date" : "2023-12-31",
    "sales" : 387.93,
    "salesGrowthYoY" : 28.30,
    "grossProfitMargin" : 41.24,
    "grossProfit" : 159.98,
    "operatingProfitMargin" : 14.50,
    "operatingProfit" : 56.25,
    "netProfitMargin" : 9.18,
    "netProfit" : 35.61
  }, {
    "date" : "2024-03-31",
    "sales" : 365.05,
    "salesGrowthYoY" : 20.83,
    "grossProfitMargin" : 43.58,
    "grossProfit" : 159.09,
    "operatingProfitMargin" : 15.58,
    "operatingProfit" : 56.87,
    "netProfitMargin" : 10.65,
    "netProfit" : 38.88
  }, {
    "date" : "2024-06-30",
    "sales" : 449.46,
    "salesGrowthYoY" : 5.45,
    "grossProfitMargin" : 38.11,
    "grossProfit" : 171.29,
    "operatingProfitMargin" : 11.37,
    "operatingProfit" : 51.10,
    "netProfitMargin" : 8.17,
    "netProfit" : 36.72
  }, {
    "date" : "2024-09-30",
    "sales" : 457.32,
    "salesGrowthYoY" : 23.73,
    "grossProfitMargin" : 36.72,
    "grossProfit" : 167.93,
    "operatingProfitMargin" : 7.02,
    "operatingProfit" : 32.10,
    "netProfitMargin" : 4.77,
    "netProfit" : 21.81
  }, {
    "date" : "2024-12-31",
    "sales" : 442.33,
    "salesGrowthYoY" : 14.02,
    "grossProfitMargin" : 38.29,
    "grossProfit" : 169.37,
    "operatingProfitMargin" : 8.15,
    "operatingProfit" : 36.05,
    "netProfitMargin" : 5.77,
    "netProfit" : 25.52
  }, {
    "date" : "2025-03-31",
    "sales" : 420.55,
    "salesGrowthYoY" : 15.20,
    "grossProfitMargin" : 40.63,
    "grossProfit" : 170.87,
    "operatingProfitMargin" : 11.32,
    "operatingProfit" : 47.61,
    "netProfitMargin" : 7.96,
    "netProfit" : 33.48
  }, {
    "date" : "2025-06-30",
    "sales" : 527.34,
    "salesGrowthYoY" : 17.33,
    "grossProfitMargin" : 36.85,
    "grossProfit" : 194.32,
    "operatingProfitMargin" : 10.74,
    "operatingProfit" : 56.64,
    "netProfitMargin" : 7.53,
    "netProfit" : 39.71
  }, {
    "date" : "2025-09-30",
    "sales" : 532.80,
    "salesGrowthYoY" : 16.50,
    "grossProfitMargin" : 36.78,
    "grossProfit" : 195.96,
    "operatingProfitMargin" : 8.71,
    "operatingProfit" : 46.41,
    "netProfitMargin" : 6.14,
    "netProfit" : 32.71
  } ],
  "latestQuarterlyResult" : {
    "date" : "2025-09-30",
    "sales" : 532.80,
    "salesGrowthYoY" : 16.50,
    "grossProfitMargin" : 36.78,
    "grossProfit" : 195.96,
    "operatingProfitMargin" : 8.71,
    "operatingProfit" : 46.41,
    "netProfitMargin" : 6.14,
    "netProfit" : 32.71
  },
  "companyScore" : {
    "priceHigherThanDma50" : 0.00,
    "priceHigherThanDma100" : 0.00,
    "priceHigherThanDma200" : 0.00,
    "dma50HigherThanDma100" : 0.00,
    "dma50HigherThanDma200" : 0.00,
    "dma100HigherThanDma200" : 5.00,
    "pricePercentageAboveDma50" : 5.31,
    "pricePercentageAboveDma100" : 5.45,
    "pricePercentageAboveDma200" : 5.41,
    "weeklyVolumeHigherThanYearlyVolume" : 0.00,
    "salesGrowthPercentile" : 8.35,
    "operatingProfitMarginPercentile" : 18.50,
    "netProfitMarginPercentile" : 9.49,
    "totalTechnicalScore" : 21.17,
    "totalFundamentalScore" : 36.35,
    "totalScore" : 57.52
  }
}