{
  "metadata" : {
    "screenerCompanyId" : "2834",
    "companyCode" : "SAGCEM",
    "companyName" : "Sagar Cements",
    "screenerCompanyLink" : "https://www.screener.in/company/SAGCEM",
    "screenerTechnicalHistoryLink" : "https://www.screener.in/api/company/2834/chart/?q=Price-DMA50-DMA200-Volume&days=365",
    "screenerQuarterlyResultsLink" : "https://www.screener.in/api/company/2834/chart/?q=GPM-OPM-NPM-Quarter+Sales&days=10000",
    "attributes" : {
      "companyCode" : "SAGCEM",
      "companyName" : "Sagar Cements",
      "marketCap" : 2791.00,
      "peRatio" : 0.00,
      "description" : "Sagar Cements is engaged in the business of manufacture and sale of cement."
    },
    "companyScore" : {
      "priceHigherThanDma50" : 0.00,
      "priceHigherThanDma100" : 0.00,
      "priceHigherThanDma200" : 0.00,
      "dma50HigherThanDma100" : 0.00,
      "dma50HigherThanDma200" : 0.00,
      "dma100HigherThanDma200" : 5.00,
      "pricePercentageAboveDma50" : 5.39,
      "pricePercentageAboveDma100" : 5.63,
      "pricePercentageAboveDma200" : 5.42,
      "weeklyVolumeHigherThanYearlyVolume" : 0.00,
      "salesGrowthPercentile" : 11.65,
      "operatingProfitMarginPercentile" : 12.12,
      "netProfitMarginPercentile" : 1.93,
      "totalTechnicalScore" : 21.45,
      "totalFundamentalScore" : 25.69,
      "totalScore" : 47.14
    }
  },
  "attributes" : {
    "companyCode" : "SAGCEM",
    "companyName" : "Sagar Cements",
    "marketCap" : 2791.00,
    "peRatio" : 0.00,
    "description" : "Sagar Cements is engaged in the business of manufacture and sale of cement."
  },
  "technicalHistory" : [ {
    "date" : "2024-11-28",
    "price" : 215.01,
    "dma50" : 220.45,
    "dma100" : null,
    "dma200" : 229.73,
    "volume" : 145524.00
  }, {
    "date" : "2024-11-29",
    "price" : 215.97,
    "dma50" : 220.27,
    "dma100" : null,
    "dma200" : 229.59,
    "volume" : 704975.00
  }, {
    "date" : "2024-12-02",
    "price" : 230.98,
    "dma50" : 220.69,
    "dma100" : null,
    "dma200" : 229.60,
    "volume" : 701962.00
  }, {
    "date" : "2024-12-03",
    "price" : 232.12,
    "dma50" : 221.14,
    "dma100" : null,
    "dma200" : 229.63,
    "volume" : 286724.00
  }, {
    "date" : "2024-12-04",
    "price" : 237.63,
    "dma50" : 221.79,
    "dma100" : null,
    "dma200" : 229.71,
    "volume" : 385622.00
  }, {
    "date" : "2024-12-05",
    "price" : 237.77,
    "dma50" : 222.41,
    "dma100" : null,
    "dma200" : 229.79,
    "volume" : 171329.00
  }, {
    "date" : "2024-12-06",
    "price" : 236.68,
    "dma50" : 222.97,
    "dma100" : null,
    "dma200" : 229.86,
    "volume" : 224615.00
  }, {
    "date" : "2024-12-09",
    "price" : 236.55,
    "dma50" : 223.51,
    "dma100" : null,
    "dma200" : 229.92,
    "volume" : 65107.00
  }, {
    "date" : "2024-12-10",
    "price" : 231.10,
    "dma50" : 223.80,
    "dma100" : null,
    "dma200" : 229.94,
    "volume" : 33350.00
  }, {
    "date" : "2024-12-11",
    "price" : 235.22,
    "dma50" : 224.25,
    "dma100" : null,
    "dma200" : 229.99,
    "volume" : 291417.00
  }, {
    "date" : "2024-12-12",
    "price" : 231.39,
    "dma50" : 224.53,
    "dma100" : null,
    "dma200" : 230.00,
    "volume" : 47547.00
  }, {
    "date" : "2024-12-13",
    "price" : 229.07,
    "dma50" : 224.71,
    "dma100" : null,
    "dma200" : 229.99,
    "volume" : 55243.00
  }, {
    "date" : "2024-12-16",
    "price" : 228.32,
    "dma50" : 224.85,
    "dma100" : null,
    "dma200" : 229.98,
    "volume" : 54771.00
  }, {
    "date" : "2024-12-17",
    "price" : 224.88,
    "dma50" : 224.85,
    "dma100" : null,
    "dma200" : 229.93,
    "volume" : 32970.00
  }, {
    "date" : "2024-12-18",
    "price" : 222.04,
    "dma50" : 224.74,
    "dma100" : null,
    "dma200" : 229.85,
    "volume" : 46483.00
  }, {
    "date" : "2024-12-19",
    "price" : 222.69,
    "dma50" : 224.66,
    "dma100" : null,
    "dma200" : 229.78,
    "volume" : 27654.00
  }, {
    "date" : "2024-12-20",
    "price" : 216.25,
    "dma50" : 224.33,
    "dma100" : null,
    "dma200" : 229.64,
    "volume" : 30412.00
  }, {
    "date" : "2024-12-23",
    "price" : 218.92,
    "dma50" : 224.12,
    "dma100" : null,
    "dma200" : 229.53,
    "volume" : 56957.00
  }, {
    "date" : "2024-12-24",
    "price" : 218.42,
    "dma50" : 223.90,
    "dma100" : null,
    "dma200" : 229.42,
    "volume" : 17816.00
  }, {
    "date" : "2024-12-26",
    "price" : 217.00,
    "dma50" : 223.63,
    "dma100" : null,
    "dma200" : 229.30,
    "volume" : 25364.00
  }, {
    "date" : "2024-12-27",
    "price" : 226.44,
    "dma50" : 223.74,
    "dma100" : null,
    "dma200" : 229.27,
    "volume" : 82006.00
  }, {
    "date" : "2024-12-30",
    "price" : 224.10,
    "dma50" : 223.75,
    "dma100" : null,
    "dma200" : 229.22,
    "volume" : 15199.00
  }, {
    "date" : "2024-12-31",
    "price" : 222.96,
    "dma50" : 223.72,
    "dma100" : null,
    "dma200" : 229.16,
    "volume" : 28952.00
  }, {
    "date" : "2025-01-01",
    "price" : 226.40,
    "dma50" : 223.82,
    "dma100" : null,
    "dma200" : 229.13,
    "volume" : 23067.00
  }, {
    "date" : "2025-01-02",
    "price" : 226.88,
    "dma50" : 223.94,
    "dma100" : null,
    "dma200" : 229.11,
    "volume" : 26263.00
  }, {
    "date" : "2025-01-03",
    "price" : 227.29,
    "dma50" : 224.08,
    "dma100" : null,
    "dma200" : 229.09,
    "volume" : 36710.00
  }, {
    "date" : "2025-01-06",
    "price" : 218.81,
    "dma50" : 223.87,
    "dma100" : null,
    "dma200" : 228.99,
    "volume" : 27583.00
  }, {
    "date" : "2025-01-07",
    "price" : 223.86,
    "dma50" : 223.87,
    "dma100" : null,
    "dma200" : 228.94,
    "volume" : 39465.00
  }, {
    "date" : "2025-01-08",
    "price" : 218.91,
    "dma50" : 223.67,
    "dma100" : null,
    "dma200" : 228.84,
    "volume" : 63988.00
  }, {
    "date" : "2025-01-09",
    "price" : 220.83,
    "dma50" : 223.56,
    "dma100" : null,
    "dma200" : 228.76,
    "volume" : 34053.00
  }, {
    "date" : "2025-01-10",
    "price" : 219.12,
    "dma50" : 223.39,
    "dma100" : null,
    "dma200" : 228.66,
    "volume" : 28973.00
  }, {
    "date" : "2025-01-13",
    "price" : 208.02,
    "dma50" : 222.79,
    "dma100" : null,
    "dma200" : 228.46,
    "volume" : 102794.00
  }, {
    "date" : "2025-01-14",
    "price" : 214.39,
    "dma50" : 222.46,
    "dma100" : null,
    "dma200" : 228.32,
    "volume" : 53808.00
  }, {
    "date" : "2025-01-15",
    "price" : 216.98,
    "dma50" : 222.24,
    "dma100" : null,
    "dma200" : 228.20,
    "volume" : 30889.00
  }, {
    "date" : "2025-01-16",
    "price" : 219.45,
    "dma50" : 222.13,
    "dma100" : null,
    "dma200" : 228.12,
    "volume" : 35656.00
  }, {
    "date" : "2025-01-17",
    "price" : 218.19,
    "dma50" : 221.98,
    "dma100" : null,
    "dma200" : 228.02,
    "volume" : 23901.00
  }, {
    "date" : "2025-01-20",
    "price" : 217.53,
    "dma50" : 221.80,
    "dma100" : null,
    "dma200" : 227.91,
    "volume" : 39793.00
  }, {
    "date" : "2025-01-21",
    "price" : 215.47,
    "dma50" : 221.55,
    "dma100" : null,
    "dma200" : 227.79,
    "volume" : 31746.00
  }, {
    "date" : "2025-01-22",
    "price" : 210.28,
    "dma50" : 221.11,
    "dma100" : null,
    "dma200" : 227.62,
    "volume" : 48565.00
  }, {
    "date" : "2025-01-23",
    "price" : 213.44,
    "dma50" : 220.81,
    "dma100" : null,
    "dma200" : 227.47,
    "volume" : 27115.00
  }, {
    "date" : "2025-01-24",
    "price" : 206.81,
    "dma50" : 220.26,
    "dma100" : null,
    "dma200" : 227.27,
    "volume" : 51715.00
  }, {
    "date" : "2025-01-27",
    "price" : 197.95,
    "dma50" : 219.39,
    "dma100" : null,
    "dma200" : 226.98,
    "volume" : 128476.00
  }, {
    "date" : "2025-01-28",
    "price" : 196.75,
    "dma50" : 218.50,
    "dma100" : null,
    "dma200" : 226.68,
    "volume" : 68761.00
  }, {
    "date" : "2025-01-29",
    "price" : 202.29,
    "dma50" : 217.86,
    "dma100" : null,
    "dma200" : 226.43,
    "volume" : 21587.00
  }, {
    "date" : "2025-01-30",
    "price" : 205.00,
    "dma50" : 217.36,
    "dma100" : null,
    "dma200" : 226.22,
    "volume" : 19895.00
  }, {
    "date" : "2025-01-31",
    "price" : 206.82,
    "dma50" : 216.95,
    "dma100" : null,
    "dma200" : 226.03,
    "volume" : 83042.00
  }, {
    "date" : "2025-02-01",
    "price" : 208.24,
    "dma50" : 216.60,
    "dma100" : null,
    "dma200" : 225.85,
    "volume" : 23742.00
  }, {
    "date" : "2025-02-03",
    "price" : 205.21,
    "dma50" : 216.16,
    "dma100" : null,
    "dma200" : 225.64,
    "volume" : 21852.00
  }, {
    "date" : "2025-02-04",
    "price" : 212.59,
    "dma50" : 216.02,
    "dma100" : null,
    "dma200" : 225.51,
    "volume" : 25482.00
  }, {
    "date" : "2025-02-05",
    "price" : 212.70,
    "dma50" : 215.89,
    "dma100" : null,
    "dma200" : 225.39,
    "volume" : 18338.00
  }, {
    "date" : "2025-02-06",
    "price" : 209.42,
    "dma50" : 215.63,
    "dma100" : null,
    "dma200" : 225.23,
    "volume" : 13906.00
  }, {
    "date" : "2025-02-07",
    "price" : 205.90,
    "dma50" : 215.25,
    "dma100" : null,
    "dma200" : 225.04,
    "volume" : 24105.00
  }, {
    "date" : "2025-02-10",
    "price" : 197.36,
    "dma50" : 214.55,
    "dma100" : null,
    "dma200" : 224.76,
    "volume" : 38544.00
  }, {
    "date" : "2025-02-11",
    "price" : 193.42,
    "dma50" : 213.72,
    "dma100" : null,
    "dma200" : 224.45,
    "volume" : 33279.00
  }, {
    "date" : "2025-02-12",
    "price" : 191.74,
    "dma50" : 212.86,
    "dma100" : null,
    "dma200" : 224.12,
    "volume" : 41816.00
  }, {
    "date" : "2025-02-13",
    "price" : 185.11,
    "dma50" : 211.77,
    "dma100" : null,
    "dma200" : 223.74,
    "volume" : 40528.00
  }, {
    "date" : "2025-02-14",
    "price" : 183.11,
    "dma50" : 210.65,
    "dma100" : null,
    "dma200" : 223.33,
    "volume" : 28531.00
  }, {
    "date" : "2025-02-17",
    "price" : 181.53,
    "dma50" : 209.51,
    "dma100" : null,
    "dma200" : 222.92,
    "volume" : 34516.00
  }, {
    "date" : "2025-02-18",
    "price" : 179.93,
    "dma50" : 208.35,
    "dma100" : null,
    "dma200" : 222.49,
    "volume" : 28537.00
  }, {
    "date" : "2025-02-19",
    "price" : 186.95,
    "dma50" : 207.51,
    "dma100" : null,
    "dma200" : 222.13,
    "volume" : 40400.00
  }, {
    "date" : "2025-02-20",
    "price" : 193.53,
    "dma50" : 206.96,
    "dma100" : null,
    "dma200" : 221.85,
    "volume" : 47329.00
  }, {
    "date" : "2025-02-21",
    "price" : 192.25,
    "dma50" : 206.38,
    "dma100" : null,
    "dma200" : 221.55,
    "volume" : 24796.00
  }, {
    "date" : "2025-02-24",
    "price" : 192.50,
    "dma50" : 205.84,
    "dma100" : null,
    "dma200" : 221.27,
    "volume" : 35402.00
  }, {
    "date" : "2025-02-25",
    "price" : 185.71,
    "dma50" : 205.05,
    "dma100" : null,
    "dma200" : 220.91,
    "volume" : 39829.00
  }, {
    "date" : "2025-02-27",
    "price" : 182.90,
    "dma50" : 204.18,
    "dma100" : null,
    "dma200" : 220.53,
    "volume" : 31645.00
  }, {
    "date" : "2025-02-28",
    "price" : 179.30,
    "dma50" : 203.20,
    "dma100" : null,
    "dma200" : 220.12,
    "volume" : 47698.00
  }, {
    "date" : "2025-03-03",
    "price" : 176.06,
    "dma50" : 202.14,
    "dma100" : null,
    "dma200" : 219.68,
    "volume" : 72474.00
  }, {
    "date" : "2025-03-04",
    "price" : 176.30,
    "dma50" : 201.13,
    "dma100" : null,
    "dma200" : 219.25,
    "volume" : 178909.00
  }, {
    "date" : "2025-03-05",
    "price" : 182.78,
    "dma50" : 200.41,
    "dma100" : null,
    "dma200" : 218.89,
    "volume" : 70985.00
  }, {
    "date" : "2025-03-06",
    "price" : 181.67,
    "dma50" : 199.67,
    "dma100" : null,
    "dma200" : 218.52,
    "volume" : 32528.00
  }, {
    "date" : "2025-03-07",
    "price" : 182.33,
    "dma50" : 198.99,
    "dma100" : null,
    "dma200" : 218.16,
    "volume" : 40232.00
  }, {
    "date" : "2025-03-10",
    "price" : 179.63,
    "dma50" : 198.23,
    "dma100" : null,
    "dma200" : 217.78,
    "volume" : 22653.00
  }, {
    "date" : "2025-03-11",
    "price" : 175.84,
    "dma50" : 197.35,
    "dma100" : null,
    "dma200" : 217.36,
    "volume" : 39379.00
  }, {
    "date" : "2025-03-12",
    "price" : 171.23,
    "dma50" : 196.33,
    "dma100" : null,
    "dma200" : 216.90,
    "volume" : 52054.00
  }, {
    "date" : "2025-03-13",
    "price" : 170.71,
    "dma50" : 195.33,
    "dma100" : null,
    "dma200" : 216.44,
    "volume" : 91768.00
  }, {
    "date" : "2025-03-17",
    "price" : 170.77,
    "dma50" : 194.36,
    "dma100" : null,
    "dma200" : 215.99,
    "volume" : 401477.00
  }, {
    "date" : "2025-03-18",
    "price" : 173.09,
    "dma50" : 193.53,
    "dma100" : null,
    "dma200" : 215.56,
    "volume" : 107534.00
  }, {
    "date" : "2025-03-19",
    "price" : 176.34,
    "dma50" : 192.85,
    "dma100" : null,
    "dma200" : 215.17,
    "volume" : 104591.00
  }, {
    "date" : "2025-03-20",
    "price" : 177.30,
    "dma50" : 192.24,
    "dma100" : null,
    "dma200" : 214.79,
    "volume" : 58507.00
  }, {
    "date" : "2025-03-21",
    "price" : 180.07,
    "dma50" : 191.77,
    "dma100" : null,
    "dma200" : 214.45,
    "volume" : 98126.00
  }, {
    "date" : "2025-03-24",
    "price" : 179.83,
    "dma50" : 191.30,
    "dma100" : null,
    "dma200" : 214.10,
    "volume" : 253639.00
  }, {
    "date" : "2025-03-25",
    "price" : 183.69,
    "dma50" : 191.00,
    "dma100" : null,
    "dma200" : 213.80,
    "volume" : 155303.00
  }, {
    "date" : "2025-03-26",
    "price" : 180.83,
    "dma50" : 190.60,
    "dma100" : null,
    "dma200" : 213.47,
    "volume" : 109485.00
  }, {
    "date" : "2025-03-27",
    "price" : 181.38,
    "dma50" : 190.24,
    "dma100" : null,
    "dma200" : 213.15,
    "volume" : 171388.00
  }, {
    "date" : "2025-03-28",
    "price" : 179.86,
    "dma50" : 189.83,
    "dma100" : null,
    "dma200" : 212.82,
    "volume" : 111330.00
  }, {
    "date" : "2025-04-01",
    "price" : 184.63,
    "dma50" : 189.63,
    "dma100" : null,
    "dma200" : 212.54,
    "volume" : 35021.00
  }, {
    "date" : "2025-04-02",
    "price" : 194.15,
    "dma50" : 189.81,
    "dma100" : null,
    "dma200" : 212.36,
    "volume" : 173246.00
  }, {
    "date" : "2025-04-03",
    "price" : 197.57,
    "dma50" : 190.11,
    "dma100" : null,
    "dma200" : 212.21,
    "volume" : 55444.00
  }, {
    "date" : "2025-04-04",
    "price" : 192.35,
    "dma50" : 190.20,
    "dma100" : null,
    "dma200" : 212.01,
    "volume" : 42316.00
  }, {
    "date" : "2025-04-07",
    "price" : 188.72,
    "dma50" : 190.14,
    "dma100" : null,
    "dma200" : 211.78,
    "volume" : 67614.00
  }, {
    "date" : "2025-04-08",
    "price" : 192.47,
    "dma50" : 190.23,
    "dma100" : null,
    "dma200" : 211.59,
    "volume" : 27531.00
  }, {
    "date" : "2025-04-09",
    "price" : 189.31,
    "dma50" : 190.20,
    "dma100" : null,
    "dma200" : 211.37,
    "volume" : 15200.00
  }, {
    "date" : "2025-04-11",
    "price" : 194.13,
    "dma50" : 190.35,
    "dma100" : null,
    "dma200" : 211.20,
    "volume" : 27754.00
  }, {
    "date" : "2025-04-15",
    "price" : 204.92,
    "dma50" : 190.92,
    "dma100" : null,
    "dma200" : 211.13,
    "volume" : 385252.00
  }, {
    "date" : "2025-04-16",
    "price" : 210.63,
    "dma50" : 191.69,
    "dma100" : null,
    "dma200" : 211.13,
    "volume" : 297577.00
  }, {
    "date" : "2025-04-17",
    "price" : 217.62,
    "dma50" : 192.71,
    "dma100" : null,
    "dma200" : 211.19,
    "volume" : 127077.00
  }, {
    "date" : "2025-04-21",
    "price" : 218.55,
    "dma50" : 193.72,
    "dma100" : null,
    "dma200" : 211.27,
    "volume" : 96656.00
  }, {
    "date" : "2025-04-22",
    "price" : 218.04,
    "dma50" : 194.68,
    "dma100" : null,
    "dma200" : 211.33,
    "volume" : 181177.00
  }, {
    "date" : "2025-04-23",
    "price" : 219.77,
    "dma50" : 195.66,
    "dma100" : null,
    "dma200" : 211.42,
    "volume" : 89813.00
  }, {
    "date" : "2025-04-24",
    "price" : 223.74,
    "dma50" : 196.76,
    "dma100" : null,
    "dma200" : 211.54,
    "volume" : 93279.00
  }, {
    "date" : "2025-04-25",
    "price" : 220.02,
    "dma50" : 197.67,
    "dma100" : 204.54,
    "dma200" : 211.62,
    "volume" : 135547.00
  }, {
    "date" : "2025-04-28",
    "price" : 226.36,
    "dma50" : 198.80,
    "dma100" : 204.64,
    "dma200" : 211.77,
    "volume" : 223878.00
  }, {
    "date" : "2025-04-29",
    "price" : 220.51,
    "dma50" : 199.65,
    "dma100" : 204.54,
    "dma200" : 211.86,
    "volume" : 98732.00
  }, {
    "date" : "2025-04-30",
    "price" : 212.93,
    "dma50" : 200.17,
    "dma100" : 204.34,
    "dma200" : 211.87,
    "volume" : 62890.00
  }, {
    "date" : "2025-05-02",
    "price" : 214.54,
    "dma50" : 200.74,
    "dma100" : 204.11,
    "dma200" : 211.90,
    "volume" : 71939.00
  }, {
    "date" : "2025-05-05",
    "price" : 218.67,
    "dma50" : 201.44,
    "dma100" : 203.92,
    "dma200" : 211.96,
    "volume" : 73092.00
  }, {
    "date" : "2025-05-06",
    "price" : 211.37,
    "dma50" : 201.83,
    "dma100" : 203.67,
    "dma200" : 211.96,
    "volume" : 41193.00
  }, {
    "date" : "2025-05-07",
    "price" : 214.16,
    "dma50" : 202.31,
    "dma100" : 203.45,
    "dma200" : 211.98,
    "volume" : 48379.00
  }, {
    "date" : "2025-05-08",
    "price" : 207.88,
    "dma50" : 202.53,
    "dma100" : 203.21,
    "dma200" : 211.94,
    "volume" : 54186.00
  }, {
    "date" : "2025-05-09",
    "price" : 209.97,
    "dma50" : 202.82,
    "dma100" : 202.96,
    "dma200" : 211.92,
    "volume" : 68905.00
  }, {
    "date" : "2025-05-12",
    "price" : 219.86,
    "dma50" : 203.49,
    "dma100" : 202.85,
    "dma200" : 212.00,
    "volume" : 149173.00
  }, {
    "date" : "2025-05-13",
    "price" : 220.80,
    "dma50" : 204.17,
    "dma100" : 202.76,
    "dma200" : 212.08,
    "volume" : 205101.00
  }, {
    "date" : "2025-05-14",
    "price" : 226.50,
    "dma50" : 205.04,
    "dma100" : 202.74,
    "dma200" : 212.23,
    "volume" : 100740.00
  }, {
    "date" : "2025-05-15",
    "price" : 227.15,
    "dma50" : 205.91,
    "dma100" : 202.77,
    "dma200" : 212.38,
    "volume" : 80796.00
  }, {
    "date" : "2025-05-16",
    "price" : 229.16,
    "dma50" : 206.82,
    "dma100" : 202.84,
    "dma200" : 212.54,
    "volume" : 71717.00
  }, {
    "date" : "2025-05-19",
    "price" : 227.23,
    "dma50" : 207.62,
    "dma100" : 202.88,
    "dma200" : 212.69,
    "volume" : 61878.00
  }, {
    "date" : "2025-05-20",
    "price" : 226.34,
    "dma50" : 208.36,
    "dma100" : 202.98,
    "dma200" : 212.83,
    "volume" : 119629.00
  }, {
    "date" : "2025-05-21",
    "price" : 229.48,
    "dma50" : 209.19,
    "dma100" : 203.09,
    "dma200" : 212.99,
    "volume" : 120517.00
  }, {
    "date" : "2025-05-22",
    "price" : 237.29,
    "dma50" : 210.29,
    "dma100" : 203.28,
    "dma200" : 213.23,
    "volume" : 295157.00
  }, {
    "date" : "2025-05-23",
    "price" : 240.80,
    "dma50" : 211.48,
    "dma100" : 203.52,
    "dma200" : 213.51,
    "volume" : 330471.00
  }, {
    "date" : "2025-05-26",
    "price" : 246.80,
    "dma50" : 212.87,
    "dma100" : 203.72,
    "dma200" : 213.84,
    "volume" : 368540.00
  }, {
    "date" : "2025-05-27",
    "price" : 241.44,
    "dma50" : 213.99,
    "dma100" : 203.89,
    "dma200" : 214.11,
    "volume" : 101363.00
  }, {
    "date" : "2025-05-28",
    "price" : 241.31,
    "dma50" : 215.06,
    "dma100" : 204.08,
    "dma200" : 214.38,
    "volume" : 83771.00
  }, {
    "date" : "2025-05-29",
    "price" : 242.36,
    "dma50" : 216.13,
    "dma100" : 204.24,
    "dma200" : 214.66,
    "volume" : 101694.00
  }, {
    "date" : "2025-05-30",
    "price" : 240.11,
    "dma50" : 217.07,
    "dma100" : 204.37,
    "dma200" : 214.92,
    "volume" : 40168.00
  }, {
    "date" : "2025-06-02",
    "price" : 235.66,
    "dma50" : 217.80,
    "dma100" : 204.45,
    "dma200" : 215.12,
    "volume" : 64279.00
  }, {
    "date" : "2025-06-03",
    "price" : 229.34,
    "dma50" : 218.25,
    "dma100" : 204.56,
    "dma200" : 215.26,
    "volume" : 111886.00
  }, {
    "date" : "2025-06-04",
    "price" : 226.49,
    "dma50" : 218.58,
    "dma100" : 204.58,
    "dma200" : 215.38,
    "volume" : 59128.00
  }, {
    "date" : "2025-06-05",
    "price" : 226.19,
    "dma50" : 218.88,
    "dma100" : 204.66,
    "dma200" : 215.48,
    "volume" : 58885.00
  }, {
    "date" : "2025-06-06",
    "price" : 227.35,
    "dma50" : 219.21,
    "dma100" : 204.72,
    "dma200" : 215.60,
    "volume" : 44822.00
  }, {
    "date" : "2025-06-09",
    "price" : 227.12,
    "dma50" : 219.52,
    "dma100" : 204.80,
    "dma200" : 215.72,
    "volume" : 74711.00
  }, {
    "date" : "2025-06-10",
    "price" : 227.25,
    "dma50" : 219.82,
    "dma100" : 205.00,
    "dma200" : 215.83,
    "volume" : 41466.00
  }, {
    "date" : "2025-06-11",
    "price" : 223.07,
    "dma50" : 219.95,
    "dma100" : 205.08,
    "dma200" : 215.90,
    "volume" : 72964.00
  }, {
    "date" : "2025-06-12",
    "price" : 222.24,
    "dma50" : 220.04,
    "dma100" : 205.13,
    "dma200" : 215.97,
    "volume" : 64267.00
  }, {
    "date" : "2025-06-13",
    "price" : 225.95,
    "dma50" : 220.27,
    "dma100" : 205.20,
    "dma200" : 216.06,
    "volume" : 39906.00
  }, {
    "date" : "2025-06-16",
    "price" : 224.66,
    "dma50" : 220.44,
    "dma100" : 205.26,
    "dma200" : 216.15,
    "volume" : 63600.00
  }, {
    "date" : "2025-06-17",
    "price" : 219.85,
    "dma50" : 220.42,
    "dma100" : 205.29,
    "dma200" : 216.19,
    "volume" : 56910.00
  }, {
    "date" : "2025-06-18",
    "price" : 217.36,
    "dma50" : 220.30,
    "dma100" : 205.31,
    "dma200" : 216.20,
    "volume" : 35250.00
  }, {
    "date" : "2025-06-19",
    "price" : 217.88,
    "dma50" : 220.20,
    "dma100" : 205.38,
    "dma200" : 216.22,
    "volume" : 144638.00
  }, {
    "date" : "2025-06-20",
    "price" : 228.76,
    "dma50" : 220.54,
    "dma100" : 205.54,
    "dma200" : 216.34,
    "volume" : 326389.00
  }, {
    "date" : "2025-06-23",
    "price" : 235.82,
    "dma50" : 221.14,
    "dma100" : 205.83,
    "dma200" : 216.53,
    "volume" : 248337.00
  }, {
    "date" : "2025-06-24",
    "price" : 234.58,
    "dma50" : 221.67,
    "dma100" : 206.19,
    "dma200" : 216.71,
    "volume" : 92577.00
  }, {
    "date" : "2025-06-25",
    "price" : 243.20,
    "dma50" : 222.51,
    "dma100" : 206.66,
    "dma200" : 216.98,
    "volume" : 132031.00
  }, {
    "date" : "2025-06-26",
    "price" : 236.39,
    "dma50" : 223.05,
    "dma100" : 207.00,
    "dma200" : 217.17,
    "volume" : 154127.00
  }, {
    "date" : "2025-06-27",
    "price" : 239.23,
    "dma50" : 223.69,
    "dma100" : 207.34,
    "dma200" : 217.39,
    "volume" : 64010.00
  }, {
    "date" : "2025-06-30",
    "price" : 239.23,
    "dma50" : 224.30,
    "dma100" : 207.66,
    "dma200" : 217.61,
    "volume" : 135909.00
  }, {
    "date" : "2025-07-01",
    "price" : 244.39,
    "dma50" : 225.09,
    "dma100" : 208.03,
    "dma200" : 217.87,
    "volume" : 117348.00
  }, {
    "date" : "2025-07-02",
    "price" : 248.41,
    "dma50" : 226.00,
    "dma100" : 208.46,
    "dma200" : 218.18,
    "volume" : 163023.00
  }, {
    "date" : "2025-07-03",
    "price" : 248.70,
    "dma50" : 226.89,
    "dma100" : 208.82,
    "dma200" : 218.48,
    "volume" : 187145.00
  }, {
    "date" : "2025-07-04",
    "price" : 244.96,
    "dma50" : 227.60,
    "dma100" : 209.14,
    "dma200" : 218.74,
    "volume" : 63781.00
  }, {
    "date" : "2025-07-07",
    "price" : 252.25,
    "dma50" : 228.57,
    "dma100" : 209.57,
    "dma200" : 219.08,
    "volume" : 163689.00
  }, {
    "date" : "2025-07-08",
    "price" : 245.71,
    "dma50" : 229.24,
    "dma100" : 209.97,
    "dma200" : 219.34,
    "volume" : 64360.00
  }, {
    "date" : "2025-07-09",
    "price" : 245.25,
    "dma50" : 229.87,
    "dma100" : 210.45,
    "dma200" : 219.60,
    "volume" : 98004.00
  }, {
    "date" : "2025-07-10",
    "price" : 243.58,
    "dma50" : 230.40,
    "dma100" : 210.95,
    "dma200" : 219.84,
    "volume" : 63737.00
  }, {
    "date" : "2025-07-11",
    "price" : 242.58,
    "dma50" : 230.88,
    "dma100" : 211.46,
    "dma200" : 220.07,
    "volume" : 63418.00
  }, {
    "date" : "2025-07-14",
    "price" : 238.68,
    "dma50" : 231.19,
    "dma100" : 211.99,
    "dma200" : 220.25,
    "volume" : 54791.00
  }, {
    "date" : "2025-07-15",
    "price" : 244.27,
    "dma50" : 231.70,
    "dma100" : 212.60,
    "dma200" : 220.49,
    "volume" : 56941.00
  }, {
    "date" : "2025-07-16",
    "price" : 255.46,
    "dma50" : 232.63,
    "dma100" : 213.34,
    "dma200" : 220.84,
    "volume" : 304913.00
  }, {
    "date" : "2025-07-17",
    "price" : 253.48,
    "dma50" : 233.45,
    "dma100" : 214.08,
    "dma200" : 221.16,
    "volume" : 188570.00
  }, {
    "date" : "2025-07-18",
    "price" : 268.48,
    "dma50" : 234.82,
    "dma100" : 214.89,
    "dma200" : 221.63,
    "volume" : 1307704.00
  }, {
    "date" : "2025-07-21",
    "price" : 269.82,
    "dma50" : 236.20,
    "dma100" : 215.66,
    "dma200" : 222.11,
    "volume" : 697351.00
  }, {
    "date" : "2025-07-22",
    "price" : 258.25,
    "dma50" : 237.06,
    "dma100" : 216.32,
    "dma200" : 222.47,
    "volume" : 3296053.00
  }, {
    "date" : "2025-07-23",
    "price" : 255.56,
    "dma50" : 237.79,
    "dma100" : 216.95,
    "dma200" : 222.80,
    "volume" : 326283.00
  }, {
    "date" : "2025-07-24",
    "price" : 252.75,
    "dma50" : 238.37,
    "dma100" : 217.62,
    "dma200" : 223.10,
    "volume" : 341182.00
  }, {
    "date" : "2025-07-25",
    "price" : 242.01,
    "dma50" : 238.52,
    "dma100" : 218.21,
    "dma200" : 223.29,
    "volume" : 746380.00
  }, {
    "date" : "2025-07-28",
    "price" : 237.77,
    "dma50" : 238.49,
    "dma100" : 218.79,
    "dma200" : 223.43,
    "volume" : 305822.00
  }, {
    "date" : "2025-07-29",
    "price" : 242.60,
    "dma50" : 238.65,
    "dma100" : 219.46,
    "dma200" : 223.62,
    "volume" : 218088.00
  }, {
    "date" : "2025-07-30",
    "price" : 244.73,
    "dma50" : 238.89,
    "dma100" : 220.14,
    "dma200" : 223.83,
    "volume" : 135479.00
  }, {
    "date" : "2025-07-31",
    "price" : 243.67,
    "dma50" : 239.07,
    "dma100" : 220.75,
    "dma200" : 224.03,
    "volume" : 137327.00
  }, {
    "date" : "2025-08-01",
    "price" : 240.86,
    "dma50" : 239.14,
    "dma100" : 221.34,
    "dma200" : 224.20,
    "volume" : 120602.00
  }, {
    "date" : "2025-08-04",
    "price" : 242.50,
    "dma50" : 239.28,
    "dma100" : 221.95,
    "dma200" : 224.38,
    "volume" : 62234.00
  }, {
    "date" : "2025-08-05",
    "price" : 238.85,
    "dma50" : 239.26,
    "dma100" : 222.54,
    "dma200" : 224.52,
    "volume" : 60057.00
  }, {
    "date" : "2025-08-06",
    "price" : 229.24,
    "dma50" : 238.87,
    "dma100" : 223.07,
    "dma200" : 224.57,
    "volume" : 240136.00
  }, {
    "date" : "2025-08-07",
    "price" : 230.34,
    "dma50" : 238.53,
    "dma100" : 223.66,
    "dma200" : 224.63,
    "volume" : 111215.00
  }, {
    "date" : "2025-08-08",
    "price" : 226.45,
    "dma50" : 238.06,
    "dma100" : 224.22,
    "dma200" : 224.65,
    "volume" : 55009.00
  }, {
    "date" : "2025-08-11",
    "price" : 228.77,
    "dma50" : 237.69,
    "dma100" : 224.80,
    "dma200" : 224.69,
    "volume" : 62214.00
  }, {
    "date" : "2025-08-12",
    "price" : 228.74,
    "dma50" : 237.34,
    "dma100" : 225.36,
    "dma200" : 224.73,
    "volume" : 73832.00
  }, {
    "date" : "2025-08-13",
    "price" : 226.42,
    "dma50" : 236.91,
    "dma100" : 225.86,
    "dma200" : 224.74,
    "volume" : 56159.00
  }, {
    "date" : "2025-08-14",
    "price" : 224.82,
    "dma50" : 236.44,
    "dma100" : 226.33,
    "dma200" : 224.75,
    "volume" : 24348.00
  }, {
    "date" : "2025-08-18",
    "price" : 240.60,
    "dma50" : 236.60,
    "dma100" : 226.94,
    "dma200" : 224.90,
    "volume" : 329148.00
  }, {
    "date" : "2025-08-19",
    "price" : 245.22,
    "dma50" : 236.94,
    "dma100" : 227.59,
    "dma200" : 225.11,
    "volume" : 174539.00
  }, {
    "date" : "2025-08-20",
    "price" : 244.65,
    "dma50" : 237.24,
    "dma100" : 228.20,
    "dma200" : 225.30,
    "volume" : 125430.00
  }, {
    "date" : "2025-08-21",
    "price" : 244.30,
    "dma50" : 237.52,
    "dma100" : 228.84,
    "dma200" : 225.49,
    "volume" : 43952.00
  }, {
    "date" : "2025-08-22",
    "price" : 241.20,
    "dma50" : 237.66,
    "dma100" : 229.43,
    "dma200" : 225.64,
    "volume" : 71477.00
  }, {
    "date" : "2025-08-25",
    "price" : 255.45,
    "dma50" : 238.36,
    "dma100" : 230.19,
    "dma200" : 225.94,
    "volume" : 586976.00
  }, {
    "date" : "2025-08-26",
    "price" : 252.78,
    "dma50" : 238.93,
    "dma100" : 230.87,
    "dma200" : 226.21,
    "volume" : 461276.00
  }, {
    "date" : "2025-08-28",
    "price" : 255.62,
    "dma50" : 239.58,
    "dma100" : 231.49,
    "dma200" : 226.50,
    "volume" : 325519.00
  }, {
    "date" : "2025-08-29",
    "price" : 254.96,
    "dma50" : 240.18,
    "dma100" : 232.06,
    "dma200" : 226.78,
    "volume" : 98095.00
  }, {
    "date" : "2025-09-01",
    "price" : 259.45,
    "dma50" : 240.94,
    "dma100" : 232.73,
    "dma200" : 227.11,
    "volume" : 173797.00
  }, {
    "date" : "2025-09-02",
    "price" : 261.70,
    "dma50" : 241.75,
    "dma100" : 233.46,
    "dma200" : 227.45,
    "volume" : 264646.00
  }, {
    "date" : "2025-09-03",
    "price" : 273.20,
    "dma50" : 242.99,
    "dma100" : 234.27,
    "dma200" : 227.91,
    "volume" : 630514.00
  }, {
    "date" : "2025-09-04",
    "price" : 294.30,
    "dma50" : 245.00,
    "dma100" : 235.32,
    "dma200" : 228.57,
    "volume" : 2357132.00
  }, {
    "date" : "2025-09-05",
    "price" : 294.20,
    "dma50" : 246.93,
    "dma100" : 236.32,
    "dma200" : 229.22,
    "volume" : 493076.00
  }, {
    "date" : "2025-09-08",
    "price" : 287.70,
    "dma50" : 248.53,
    "dma100" : 237.15,
    "dma200" : 229.80,
    "volume" : 322909.00
  }, {
    "date" : "2025-09-09",
    "price" : 278.65,
    "dma50" : 249.71,
    "dma100" : 237.83,
    "dma200" : 230.29,
    "volume" : 318285.00
  }, {
    "date" : "2025-09-10",
    "price" : 281.10,
    "dma50" : 250.94,
    "dma100" : 238.46,
    "dma200" : 230.80,
    "volume" : 270215.00
  }, {
    "date" : "2025-09-11",
    "price" : 281.65,
    "dma50" : 252.14,
    "dma100" : 239.09,
    "dma200" : 231.30,
    "volume" : 590615.00
  }, {
    "date" : "2025-09-12",
    "price" : 274.75,
    "dma50" : 253.03,
    "dma100" : 239.66,
    "dma200" : 231.73,
    "volume" : 186766.00
  }, {
    "date" : "2025-09-15",
    "price" : 268.10,
    "dma50" : 253.62,
    "dma100" : 240.14,
    "dma200" : 232.10,
    "volume" : 126710.00
  }, {
    "date" : "2025-09-16",
    "price" : 273.25,
    "dma50" : 254.39,
    "dma100" : 240.64,
    "dma200" : 232.51,
    "volume" : 150627.00
  }, {
    "date" : "2025-09-17",
    "price" : 279.25,
    "dma50" : 255.37,
    "dma100" : 241.23,
    "dma200" : 232.97,
    "volume" : 150259.00
  }, {
    "date" : "2025-09-18",
    "price" : 272.80,
    "dma50" : 256.05,
    "dma100" : 241.70,
    "dma200" : 233.37,
    "volume" : 69984.00
  }, {
    "date" : "2025-09-19",
    "price" : 274.15,
    "dma50" : 256.76,
    "dma100" : 242.23,
    "dma200" : 233.77,
    "volume" : 40220.00
  }, {
    "date" : "2025-09-22",
    "price" : 274.85,
    "dma50" : 257.47,
    "dma100" : 242.85,
    "dma200" : 234.18,
    "volume" : 75087.00
  }, {
    "date" : "2025-09-23",
    "price" : 272.95,
    "dma50" : 258.08,
    "dma100" : 243.43,
    "dma200" : 234.57,
    "volume" : 52634.00
  }, {
    "date" : "2025-09-24",
    "price" : 267.15,
    "dma50" : 258.43,
    "dma100" : 243.92,
    "dma200" : 234.89,
    "volume" : 73717.00
  }, {
    "date" : "2025-09-25",
    "price" : 259.95,
    "dma50" : 258.49,
    "dma100" : 244.41,
    "dma200" : 235.14,
    "volume" : 134952.00
  }, {
    "date" : "2025-09-26",
    "price" : 252.10,
    "dma50" : 258.24,
    "dma100" : 244.78,
    "dma200" : 235.31,
    "volume" : 113136.00
  }, {
    "date" : "2025-09-29",
    "price" : 250.00,
    "dma50" : 257.92,
    "dma100" : 245.21,
    "dma200" : 235.46,
    "volume" : 34264.00
  }, {
    "date" : "2025-09-30",
    "price" : 247.55,
    "dma50" : 257.51,
    "dma100" : 245.58,
    "dma200" : 235.58,
    "volume" : 41823.00
  }, {
    "date" : "2025-10-01",
    "price" : 254.80,
    "dma50" : 257.41,
    "dma100" : 245.93,
    "dma200" : 235.77,
    "volume" : 118001.00
  }, {
    "date" : "2025-10-03",
    "price" : 251.45,
    "dma50" : 257.17,
    "dma100" : 246.24,
    "dma200" : 235.92,
    "volume" : 71234.00
  }, {
    "date" : "2025-10-06",
    "price" : 247.14,
    "dma50" : 256.78,
    "dma100" : 246.44,
    "dma200" : 236.04,
    "volume" : 61804.00
  }, {
    "date" : "2025-10-07",
    "price" : 251.33,
    "dma50" : 256.56,
    "dma100" : 246.69,
    "dma200" : 236.19,
    "volume" : 459953.00
  }, {
    "date" : "2025-10-08",
    "price" : 250.66,
    "dma50" : 256.33,
    "dma100" : 246.90,
    "dma200" : 236.33,
    "volume" : 112560.00
  }, {
    "date" : "2025-10-09",
    "price" : 245.79,
    "dma50" : 255.92,
    "dma100" : 247.09,
    "dma200" : 236.43,
    "volume" : 77274.00
  }, {
    "date" : "2025-10-10",
    "price" : 250.37,
    "dma50" : 255.70,
    "dma100" : 247.33,
    "dma200" : 236.56,
    "volume" : 190479.00
  }, {
    "date" : "2025-10-13",
    "price" : 248.06,
    "dma50" : 255.40,
    "dma100" : 247.51,
    "dma200" : 236.68,
    "volume" : 69790.00
  }, {
    "date" : "2025-10-14",
    "price" : 241.62,
    "dma50" : 254.86,
    "dma100" : 247.56,
    "dma200" : 236.73,
    "volume" : 112671.00
  }, {
    "date" : "2025-10-15",
    "price" : 242.02,
    "dma50" : 254.36,
    "dma100" : 247.57,
    "dma200" : 236.78,
    "volume" : 41049.00
  }, {
    "date" : "2025-10-16",
    "price" : 250.21,
    "dma50" : 254.20,
    "dma100" : 247.60,
    "dma200" : 236.91,
    "volume" : 118451.00
  }, {
    "date" : "2025-10-17",
    "price" : 239.21,
    "dma50" : 253.61,
    "dma100" : 247.58,
    "dma200" : 236.94,
    "volume" : 148493.00
  }, {
    "date" : "2025-10-20",
    "price" : 239.83,
    "dma50" : 253.07,
    "dma100" : 247.57,
    "dma200" : 236.97,
    "volume" : 45157.00
  }, {
    "date" : "2025-10-21",
    "price" : 242.84,
    "dma50" : 252.67,
    "dma100" : 247.57,
    "dma200" : 237.02,
    "volume" : 27085.00
  }, {
    "date" : "2025-10-23",
    "price" : 242.20,
    "dma50" : 252.26,
    "dma100" : 247.59,
    "dma200" : 237.08,
    "volume" : 118832.00
  }, {
    "date" : "2025-10-24",
    "price" : 227.92,
    "dma50" : 251.30,
    "dma100" : 247.51,
    "dma200" : 236.98,
    "volume" : 1237435.00
  }, {
    "date" : "2025-10-27",
    "price" : 228.73,
    "dma50" : 250.42,
    "dma100" : 247.51,
    "dma200" : 236.90,
    "volume" : 334173.00
  }, {
    "date" : "2025-10-28",
    "price" : 227.27,
    "dma50" : 249.51,
    "dma100" : 247.52,
    "dma200" : 236.81,
    "volume" : 57445.00
  }, {
    "date" : "2025-10-29",
    "price" : 226.46,
    "dma50" : 248.60,
    "dma100" : 247.52,
    "dma200" : 236.70,
    "volume" : 109037.00
  }, {
    "date" : "2025-10-30",
    "price" : 225.02,
    "dma50" : 247.68,
    "dma100" : 247.49,
    "dma200" : 236.59,
    "volume" : 46996.00
  }, {
    "date" : "2025-10-31",
    "price" : 224.96,
    "dma50" : 246.79,
    "dma100" : 247.47,
    "dma200" : 236.47,
    "volume" : 45230.00
  }, {
    "date" : "2025-11-03",
    "price" : 225.59,
    "dma50" : 245.96,
    "dma100" : 247.46,
    "dma200" : 236.36,
    "volume" : 149080.00
  }, {
    "date" : "2025-11-04",
    "price" : 228.23,
    "dma50" : 245.26,
    "dma100" : 247.51,
    "dma200" : 236.28,
    "volume" : 84057.00
  }, {
    "date" : "2025-11-06",
    "price" : 222.36,
    "dma50" : 244.36,
    "dma100" : 247.51,
    "dma200" : 236.14,
    "volume" : 61770.00
  }, {
    "date" : "2025-11-07",
    "price" : 223.35,
    "dma50" : 243.54,
    "dma100" : 247.48,
    "dma200" : 236.02,
    "volume" : 52701.00
  }, {
    "date" : "2025-11-10",
    "price" : 216.34,
    "dma50" : 242.47,
    "dma100" : 247.40,
    "dma200" : 235.82,
    "volume" : 192375.00
  }, {
    "date" : "2025-11-11",
    "price" : 215.59,
    "dma50" : 241.42,
    "dma100" : 247.36,
    "dma200" : 235.62,
    "volume" : 63120.00
  }, {
    "date" : "2025-11-12",
    "price" : 220.98,
    "dma50" : 240.62,
    "dma100" : 247.39,
    "dma200" : 235.47,
    "volume" : 85960.00
  }, {
    "date" : "2025-11-13",
    "price" : 220.24,
    "dma50" : 239.82,
    "dma100" : 247.42,
    "dma200" : 235.32,
    "volume" : 46223.00
  }, {
    "date" : "2025-11-14",
    "price" : 221.51,
    "dma50" : 239.10,
    "dma100" : 247.34,
    "dma200" : 235.18,
    "volume" : 36162.00
  }, {
    "date" : "2025-11-17",
    "price" : 221.57,
    "dma50" : 238.41,
    "dma100" : 247.20,
    "dma200" : 235.05,
    "volume" : 43351.00
  }, {
    "date" : "2025-11-18",
    "price" : 219.99,
    "dma50" : 237.69,
    "dma100" : 247.06,
    "dma200" : 234.90,
    "volume" : 35164.00
  }, {
    "date" : "2025-11-19",
    "price" : 218.89,
    "dma50" : 236.95,
    "dma100" : 246.81,
    "dma200" : 234.74,
    "volume" : 49266.00
  }, {
    "date" : "2025-11-20",
    "price" : 217.51,
    "dma50" : 236.19,
    "dma100" : 246.62,
    "dma200" : 234.57,
    "volume" : 35983.00
  }, {
    "date" : "2025-11-21",
    "price" : 220.11,
    "dma50" : 235.56,
    "dma100" : 246.43,
    "dma200" : 234.42,
    "volume" : 49656.00
  }, {
    "date" : "2025-11-24",
    "price" : 214.59,
    "dma50" : 234.74,
    "dma100" : 246.19,
    "dma200" : 234.23,
    "volume" : 48974.00
  }, {
    "date" : "2025-11-25",
    "price" : 212.64,
    "dma50" : 233.87,
    "dma100" : 245.87,
    "dma200" : 234.01,
    "volume" : 54885.00
  }, {
    "date" : "2025-11-26",
    "price" : 213.37,
    "dma50" : 233.07,
    "dma100" : 245.52,
    "dma200" : 233.81,
    "volume" : 38310.00
  }, {
    "date" : "2025-11-27",
    "price" : 214.04,
    "dma50" : 232.32,
    "dma100" : 245.17,
    "dma200" : 233.61,
    "volume" : 20418.00
  } ],
  "latestTechnicalAttributes" : {
    "date" : "2025-11-27",
    "price" : 214.04,
    "dma50" : 232.32,
    "dma100" : 245.17,
    "dma200" : 233.61,
    "volume" : 20418.00
  },
  "quarterlyResults" : [ {
    "date" : "2005-03-31",
    "sales" : 16.20,
    "salesGrowthYoY" : null,
    "grossProfitMargin" : 34.20,
    "grossProfit" : 5.54,
    "operatingProfitMargin" : -43.15,
    "operatingProfit" : -6.99,
    "netProfitMargin" : 9.57,
    "netProfit" : 1.55
  }, {
    "date" : "2005-06-30",
    "sales" : 15.72,
    "salesGrowthYoY" : null,
    "grossProfitMargin" : 38.10,
    "grossProfit" : 5.99,
    "operatingProfitMargin" : 6.93,
    "operatingProfit" : 1.09,
    "netProfitMargin" : -2.10,
    "netProfit" : -0.33
  }, {
    "date" : "2005-09-30",
    "sales" : 16.01,
    "salesGrowthYoY" : null,
    "grossProfitMargin" : 44.47,
    "grossProfit" : 7.12,
    "operatingProfitMargin" : 5.43,
    "operatingProfit" : 0.87,
    "netProfitMargin" : -4.00,
    "netProfit" : -0.64
  }, {
    "date" : "2005-12-31",
    "sales" : 18.81,
    "salesGrowthYoY" : null,
    "grossProfitMargin" : 41.10,
    "grossProfit" : 7.73,
    "operatingProfitMargin" : 7.55,
    "operatingProfit" : 1.42,
    "netProfitMargin" : 1.12,
    "netProfit" : 0.21
  }, {
    "date" : "2006-03-31",
    "sales" : 25.35,
    "salesGrowthYoY" : 56.48,
    "grossProfitMargin" : 54.87,
    "grossProfit" : 13.91,
    "operatingProfitMargin" : 17.59,
    "operatingProfit" : 4.46,
    "netProfitMargin" : 14.20,
    "netProfit" : 3.60
  }, {
    "date" : "2006-06-30",
    "sales" : 28.38,
    "salesGrowthYoY" : 80.53,
    "grossProfitMargin" : 60.75,
    "grossProfit" : 17.24,
    "operatingProfitMargin" : 39.78,
    "operatingProfit" : 11.29,
    "netProfitMargin" : 35.41,
    "netProfit" : 10.05
  }, {
    "date" : "2006-09-30",
    "sales" : 59.04,
    "salesGrowthYoY" : 268.77,
    "grossProfitMargin" : 53.44,
    "grossProfit" : 31.55,
    "operatingProfitMargin" : 18.11,
    "operatingProfit" : 10.69,
    "netProfitMargin" : 8.89,
    "netProfit" : 5.25
  }, {
    "date" : "2006-12-31",
    "sales" : 60.19,
    "salesGrowthYoY" : 219.99,
    "grossProfitMargin" : 52.92,
    "grossProfit" : 31.85,
    "operatingProfitMargin" : 18.24,
    "operatingProfit" : 10.98,
    "netProfitMargin" : 10.70,
    "netProfit" : 6.44
  }, {
    "date" : "2007-03-31",
    "sales" : 54.24,
    "salesGrowthYoY" : 113.96,
    "grossProfitMargin" : 40.28,
    "grossProfit" : 21.85,
    "operatingProfitMargin" : 18.44,
    "operatingProfit" : 10.00,
    "netProfitMargin" : 10.95,
    "netProfit" : 5.94
  }, {
    "date" : "2007-06-30",
    "sales" : 44.54,
    "salesGrowthYoY" : 56.94,
    "grossProfitMargin" : 47.08,
    "grossProfit" : 20.97,
    "operatingProfitMargin" : 27.48,
    "operatingProfit" : 12.24,
    "netProfitMargin" : 15.76,
    "netProfit" : 7.02
  }, {
    "date" : "2007-09-30",
    "sales" : 56.09,
    "salesGrowthYoY" : -5.00,
    "grossProfitMargin" : 48.05,
    "grossProfit" : 26.95,
    "operatingProfitMargin" : 28.47,
    "operatingProfit" : 15.97,
    "netProfitMargin" : 16.13,
    "netProfit" : 9.05
  }, {
    "date" : "2007-12-31",
    "sales" : 69.33,
    "salesGrowthYoY" : 15.19,
    "grossProfitMargin" : 50.74,
    "grossProfit" : 35.18,
    "operatingProfitMargin" : 22.89,
    "operatingProfit" : 15.87,
    "netProfitMargin" : 12.82,
    "netProfit" : 8.89
  }, {
    "date" : "2008-03-31",
    "sales" : 69.92,
    "salesGrowthYoY" : 28.91,
    "grossProfitMargin" : 47.57,
    "grossProfit" : 33.26,
    "operatingProfitMargin" : 17.89,
    "operatingProfit" : 12.51,
    "netProfitMargin" : 8.58,
    "netProfit" : 6.00
  }, {
    "date" : "2008-06-30",
    "sales" : 60.51,
    "salesGrowthYoY" : 35.86,
    "grossProfitMargin" : 49.45,
    "grossProfit" : 29.92,
    "operatingProfitMargin" : 19.32,
    "operatingProfit" : 11.69,
    "netProfitMargin" : 11.78,
    "netProfit" : 7.13
  }, {
    "date" : "2008-09-30",
    "sales" : 40.02,
    "salesGrowthYoY" : -28.65,
    "grossProfitMargin" : 41.55,
    "grossProfit" : 16.63,
    "operatingProfitMargin" : 6.30,
    "operatingProfit" : 2.52,
    "netProfitMargin" : -7.27,
    "netProfit" : -2.91
  }, {
    "date" : "2008-12-31",
    "sales" : 79.86,
    "salesGrowthYoY" : 15.19,
    "grossProfitMargin" : 50.95,
    "grossProfit" : 40.69,
    "operatingProfitMargin" : 22.38,
    "operatingProfit" : 17.87,
    "netProfitMargin" : 6.72,
    "netProfit" : 5.37
  }, {
    "date" : "2009-03-31",
    "sales" : 126.15,
    "salesGrowthYoY" : 80.42,
    "grossProfitMargin" : 52.48,
    "grossProfit" : 66.20,
    "operatingProfitMargin" : 21.39,
    "operatingProfit" : 26.98,
    "netProfitMargin" : 5.45,
    "netProfit" : 6.88
  }, {
    "date" : "2009-06-30",
    "sales" : 138.41,
    "salesGrowthYoY" : 128.74,
    "grossProfitMargin" : 54.76,
    "grossProfit" : 75.79,
    "operatingProfitMargin" : 25.70,
    "operatingProfit" : 35.57,
    "netProfitMargin" : 10.25,
    "netProfit" : 14.19
  }, {
    "date" : "2009-09-30",
    "sales" : 128.08,
    "salesGrowthYoY" : 220.04,
    "grossProfitMargin" : 60.84,
    "grossProfit" : 77.92,
    "operatingProfitMargin" : 24.71,
    "operatingProfit" : 31.65,
    "netProfitMargin" : 8.76,
    "netProfit" : 11.22
  }, {
    "date" : "2009-12-31",
    "sales" : 89.53,
    "salesGrowthYoY" : 12.11,
    "grossProfitMargin" : 44.42,
    "grossProfit" : 39.77,
    "operatingProfitMargin" : 2.66,
    "operatingProfit" : 2.38,
    "netProfitMargin" : -7.30,
    "netProfit" : -6.54
  }, {
    "date" : "2010-03-31",
    "sales" : 123.56,
    "salesGrowthYoY" : -2.05,
    "grossProfitMargin" : 49.88,
    "grossProfit" : 61.63,
    "operatingProfitMargin" : 8.15,
    "operatingProfit" : 10.07,
    "netProfitMargin" : 0.20,
    "netProfit" : 0.25
  }, {
    "date" : "2010-06-30",
    "sales" : 130.45,
    "salesGrowthYoY" : -5.75,
    "grossProfitMargin" : 53.19,
    "grossProfit" : 69.39,
    "operatingProfitMargin" : 9.77,
    "operatingProfit" : 12.74,
    "netProfitMargin" : 0.41,
    "netProfit" : 0.53
  }, {
    "date" : "2010-09-30",
    "sales" : 86.44,
    "salesGrowthYoY" : -32.51,
    "grossProfitMargin" : 46.22,
    "grossProfit" : 39.95,
    "operatingProfitMargin" : -5.56,
    "operatingProfit" : -4.81,
    "netProfitMargin" : -6.12,
    "netProfit" : -5.29
  }, {
    "date" : "2010-12-31",
    "sales" : 112.65,
    "salesGrowthYoY" : 25.82,
    "grossProfitMargin" : 56.31,
    "grossProfit" : 63.43,
    "operatingProfitMargin" : 12.51,
    "operatingProfit" : 14.09,
    "netProfitMargin" : -0.34,
    "netProfit" : -0.38
  }, {
    "date" : "2011-03-31",
    "sales" : 147.81,
    "salesGrowthYoY" : 19.63,
    "grossProfitMargin" : 59.06,
    "grossProfit" : 87.30,
    "operatingProfitMargin" : 27.42,
    "operatingProfit" : 40.53,
    "netProfitMargin" : 13.03,
    "netProfit" : 19.26
  }, {
    "date" : "2011-06-30",
    "sales" : 150.18,
    "salesGrowthYoY" : 15.12,
    "grossProfitMargin" : 62.41,
    "grossProfit" : 93.73,
    "operatingProfitMargin" : 27.00,
    "operatingProfit" : 40.55,
    "netProfitMargin" : 12.11,
    "netProfit" : 18.19
  }, {
    "date" : "2011-09-30",
    "sales" : 146.25,
    "salesGrowthYoY" : 69.19,
    "grossProfitMargin" : 57.11,
    "grossProfit" : 83.52,
    "operatingProfitMargin" : 16.75,
    "operatingProfit" : 24.50,
    "netProfitMargin" : 4.04,
    "netProfit" : 5.91
  }, {
    "date" : "2011-12-31",
    "sales" : 152.18,
    "salesGrowthYoY" : 35.09,
    "grossProfitMargin" : 61.02,
    "grossProfit" : 92.86,
    "operatingProfitMargin" : 26.97,
    "operatingProfit" : 41.04,
    "netProfitMargin" : 11.60,
    "netProfit" : 17.65
  }, {
    "date" : "2012-03-31",
    "sales" : 156.74,
    "salesGrowthYoY" : 6.04,
    "grossProfitMargin" : 52.21,
    "grossProfit" : 81.83,
    "operatingProfitMargin" : 10.94,
    "operatingProfit" : 17.15,
    "netProfitMargin" : 1.51,
    "netProfit" : 2.37
  }, {
    "date" : "2012-06-30",
    "sales" : 150.35,
    "salesGrowthYoY" : 0.11,
    "grossProfitMargin" : 54.26,
    "grossProfit" : 81.58,
    "operatingProfitMargin" : 13.34,
    "operatingProfit" : 20.06,
    "netProfitMargin" : 2.74,
    "netProfit" : 4.12
  }, {
    "date" : "2012-09-30",
    "sales" : 135.85,
    "salesGrowthYoY" : -7.11,
    "grossProfitMargin" : 54.69,
    "grossProfit" : 74.30,
    "operatingProfitMargin" : 12.02,
    "operatingProfit" : 16.33,
    "netProfitMargin" : 3.55,
    "netProfit" : 4.82
  }, {
    "date" : "2012-12-31",
    "sales" : 121.92,
    "salesGrowthYoY" : -19.88,
    "grossProfitMargin" : 51.73,
    "grossProfit" : 63.07,
    "operatingProfitMargin" : 4.40,
    "operatingProfit" : 5.36,
    "netProfitMargin" : 3.34,
    "netProfit" : 4.07
  }, {
    "date" : "2013-03-31",
    "sales" : 151.08,
    "salesGrowthYoY" : -3.61,
    "grossProfitMargin" : 46.23,
    "grossProfit" : 69.84,
    "operatingProfitMargin" : 0.75,
    "operatingProfit" : 1.13,
    "netProfitMargin" : -2.81,
    "netProfit" : -4.25
  }, {
    "date" : "2013-06-30",
    "sales" : 122.96,
    "salesGrowthYoY" : -18.22,
    "grossProfitMargin" : 49.98,
    "grossProfit" : 61.46,
    "operatingProfitMargin" : 3.41,
    "operatingProfit" : 4.19,
    "netProfitMargin" : -3.81,
    "netProfit" : -4.68
  }, {
    "date" : "2013-09-30",
    "sales" : 101.29,
    "salesGrowthYoY" : -25.44,
    "grossProfitMargin" : 47.96,
    "grossProfit" : 48.58,
    "operatingProfitMargin" : -0.37,
    "operatingProfit" : -0.37,
    "netProfitMargin" : -1.14,
    "netProfit" : -1.15
  }, {
    "date" : "2013-12-31",
    "sales" : 117.96,
    "salesGrowthYoY" : -3.25,
    "grossProfitMargin" : 50.51,
    "grossProfit" : 59.58,
    "operatingProfitMargin" : 1.80,
    "operatingProfit" : 2.12,
    "netProfitMargin" : -7.11,
    "netProfit" : -8.39
  }, {
    "date" : "2014-03-31",
    "sales" : 146.74,
    "salesGrowthYoY" : -2.87,
    "grossProfitMargin" : 45.99,
    "grossProfit" : 67.49,
    "operatingProfitMargin" : -3.15,
    "operatingProfit" : -4.62,
    "netProfitMargin" : -7.74,
    "netProfit" : -11.36
  }, {
    "date" : "2014-06-30",
    "sales" : 135.24,
    "salesGrowthYoY" : 9.99,
    "grossProfitMargin" : 46.57,
    "grossProfit" : 62.98,
    "operatingProfitMargin" : 0.30,
    "operatingProfit" : 0.41,
    "netProfitMargin" : -6.36,
    "netProfit" : -8.60
  }, {
    "date" : "2014-09-30",
    "sales" : 128.30,
    "salesGrowthYoY" : 26.67,
    "grossProfitMargin" : 54.95,
    "grossProfit" : 70.50,
    "operatingProfitMargin" : 9.24,
    "operatingProfit" : 11.85,
    "netProfitMargin" : 220.12,
    "netProfit" : 282.41
  }, {
    "date" : "2014-12-31",
    "sales" : 124.47,
    "salesGrowthYoY" : 5.52,
    "grossProfitMargin" : 51.69,
    "grossProfit" : 64.34,
    "operatingProfitMargin" : 4.74,
    "operatingProfit" : 5.90,
    "netProfitMargin" : 0.92,
    "netProfit" : 1.15
  }, {
    "date" : "2015-03-31",
    "sales" : 181.34,
    "salesGrowthYoY" : 23.58,
    "grossProfitMargin" : 57.33,
    "grossProfit" : 103.96,
    "operatingProfitMargin" : 22.90,
    "operatingProfit" : 41.53,
    "netProfitMargin" : 11.97,
    "netProfit" : 21.71
  }, {
    "date" : "2015-06-30",
    "sales" : 184.98,
    "salesGrowthYoY" : 36.78,
    "grossProfitMargin" : 52.74,
    "grossProfit" : 97.56,
    "operatingProfitMargin" : 20.80,
    "operatingProfit" : 38.48,
    "netProfitMargin" : 12.33,
    "netProfit" : 22.81
  }, {
    "date" : "2015-09-30",
    "sales" : 168.14,
    "salesGrowthYoY" : 31.05,
    "grossProfitMargin" : 42.04,
    "grossProfit" : 70.69,
    "operatingProfitMargin" : 10.62,
    "operatingProfit" : 17.86,
    "netProfitMargin" : 5.22,
    "netProfit" : 8.78
  }, {
    "date" : "2015-12-31",
    "sales" : 114.25,
    "salesGrowthYoY" : -8.21,
    "grossProfitMargin" : 50.52,
    "grossProfit" : 57.72,
    "operatingProfitMargin" : 12.14,
    "operatingProfit" : 13.87,
    "netProfitMargin" : 2.65,
    "netProfit" : 3.03
  }, {
    "date" : "2016-03-31",
    "sales" : 154.38,
    "salesGrowthYoY" : -14.87,
    "grossProfitMargin" : 59.26,
    "grossProfit" : 91.49,
    "operatingProfitMargin" : 16.33,
    "operatingProfit" : 25.21,
    "netProfitMargin" : 9.45,
    "netProfit" : 14.59
  }, {
    "date" : "2016-06-30",
    "sales" : 136.41,
    "salesGrowthYoY" : -26.26,
    "grossProfitMargin" : 49.83,
    "grossProfit" : 67.97,
    "operatingProfitMargin" : 9.54,
    "operatingProfit" : 13.01,
    "netProfitMargin" : 3.36,
    "netProfit" : 4.58
  }, {
    "date" : "2016-09-30",
    "sales" : 120.22,
    "salesGrowthYoY" : -28.50,
    "grossProfitMargin" : 57.47,
    "grossProfit" : 69.09,
    "operatingProfitMargin" : 10.76,
    "operatingProfit" : 12.94,
    "netProfitMargin" : 2.09,
    "netProfit" : 2.51
  }, {
    "date" : "2016-12-31",
    "sales" : 122.36,
    "salesGrowthYoY" : 7.10,
    "grossProfitMargin" : 58.58,
    "grossProfit" : 71.68,
    "operatingProfitMargin" : 12.82,
    "operatingProfit" : 15.69,
    "netProfitMargin" : 1.45,
    "netProfit" : 1.77
  }, {
    "date" : "2017-03-31",
    "sales" : 156.77,
    "salesGrowthYoY" : 1.55,
    "grossProfitMargin" : 48.49,
    "grossProfit" : 76.02,
    "operatingProfitMargin" : 11.31,
    "operatingProfit" : 17.73,
    "netProfitMargin" : 2.31,
    "netProfit" : 3.62
  }, {
    "date" : "2017-06-30",
    "sales" : 186.99,
    "salesGrowthYoY" : 37.08,
    "grossProfitMargin" : 56.42,
    "grossProfit" : 105.50,
    "operatingProfitMargin" : 19.08,
    "operatingProfit" : 35.68,
    "netProfitMargin" : 9.00,
    "netProfit" : 16.83
  }, {
    "date" : "2017-09-30",
    "sales" : 171.12,
    "salesGrowthYoY" : 42.34,
    "grossProfitMargin" : 58.44,
    "grossProfit" : 100.00,
    "operatingProfitMargin" : 19.73,
    "operatingProfit" : 33.76,
    "netProfitMargin" : 9.30,
    "netProfit" : 15.91
  }, {
    "date" : "2017-12-31",
    "sales" : 180.20,
    "salesGrowthYoY" : 47.27,
    "grossProfitMargin" : 53.40,
    "grossProfit" : 96.23,
    "operatingProfitMargin" : 14.07,
    "operatingProfit" : 25.35,
    "netProfitMargin" : 5.63,
    "netProfit" : 10.15
  }, {
    "date" : "2018-03-31",
    "sales" : 209.68,
    "salesGrowthYoY" : 33.75,
    "grossProfitMargin" : 53.17,
    "grossProfit" : 111.49,
    "operatingProfitMargin" : 12.27,
    "operatingProfit" : 25.73,
    "netProfitMargin" : 3.10,
    "netProfit" : 6.50
  }, {
    "date" : "2018-06-30",
    "sales" : 198.42,
    "salesGrowthYoY" : 6.11,
    "grossProfitMargin" : 48.85,
    "grossProfit" : 96.93,
    "operatingProfitMargin" : 10.95,
    "operatingProfit" : 21.73,
    "netProfitMargin" : 3.56,
    "netProfit" : 7.06
  }, {
    "date" : "2018-09-30",
    "sales" : 202.97,
    "salesGrowthYoY" : 18.61,
    "grossProfitMargin" : 50.92,
    "grossProfit" : 103.35,
    "operatingProfitMargin" : 10.10,
    "operatingProfit" : 20.50,
    "netProfitMargin" : 1.29,
    "netProfit" : 2.62
  }, {
    "date" : "2018-12-31",
    "sales" : 232.36,
    "salesGrowthYoY" : 28.95,
    "grossProfitMargin" : 43.70,
    "grossProfit" : 101.54,
    "operatingProfitMargin" : 6.89,
    "operatingProfit" : 16.01,
    "netProfitMargin" : 0.02,
    "netProfit" : 0.05
  }, {
    "date" : "2019-03-31",
    "sales" : 268.26,
    "salesGrowthYoY" : 27.94,
    "grossProfitMargin" : 50.38,
    "grossProfit" : 135.15,
    "operatingProfitMargin" : 15.32,
    "operatingProfit" : 41.10,
    "netProfitMargin" : 6.30,
    "netProfit" : 16.90
  }, {
    "date" : "2019-06-30",
    "sales" : 254.38,
    "salesGrowthYoY" : 28.20,
    "grossProfitMargin" : 54.06,
    "grossProfit" : 137.52,
    "operatingProfitMargin" : 20.71,
    "operatingProfit" : 52.68,
    "netProfitMargin" : 9.62,
    "netProfit" : 24.47
  }, {
    "date" : "2019-09-30",
    "sales" : 192.13,
    "salesGrowthYoY" : -5.34,
    "grossProfitMargin" : 50.07,
    "grossProfit" : 96.20,
    "operatingProfitMargin" : 13.82,
    "operatingProfit" : 26.55,
    "netProfitMargin" : 3.19,
    "netProfit" : 6.13
  }, {
    "date" : "2019-12-31",
    "sales" : 185.85,
    "salesGrowthYoY" : -20.02,
    "grossProfitMargin" : 46.09,
    "grossProfit" : 85.66,
    "operatingProfitMargin" : 4.87,
    "operatingProfit" : 9.05,
    "netProfitMargin" : -2.39,
    "netProfit" : -4.44
  }, {
    "date" : "2020-03-31",
    "sales" : 215.24,
    "salesGrowthYoY" : -19.76,
    "grossProfitMargin" : 54.12,
    "grossProfit" : 116.49,
    "operatingProfitMargin" : 14.22,
    "operatingProfit" : 30.61,
    "netProfitMargin" : 3.99,
    "netProfit" : 8.59
  }, {
    "date" : "2020-06-30",
    "sales" : 194.85,
    "salesGrowthYoY" : -23.40,
    "grossProfitMargin" : 64.62,
    "grossProfit" : 125.91,
    "operatingProfitMargin" : 34.47,
    "operatingProfit" : 67.16,
    "netProfitMargin" : 17.44,
    "netProfit" : 33.98
  }, {
    "date" : "2020-09-30",
    "sales" : 242.11,
    "salesGrowthYoY" : 26.01,
    "grossProfitMargin" : 67.36,
    "grossProfit" : 163.09,
    "operatingProfitMargin" : 33.13,
    "operatingProfit" : 80.21,
    "netProfitMargin" : 18.18,
    "netProfit" : 44.02
  }, {
    "date" : "2020-12-31",
    "sales" : 259.75,
    "salesGrowthYoY" : 39.76,
    "grossProfitMargin" : 62.71,
    "grossProfit" : 162.89,
    "operatingProfitMargin" : 29.67,
    "operatingProfit" : 77.07,
    "netProfitMargin" : 16.13,
    "netProfit" : 41.90
  }, {
    "date" : "2021-03-31",
    "sales" : 419.03,
    "salesGrowthYoY" : 94.68,
    "grossProfitMargin" : 61.44,
    "grossProfit" : 257.45,
    "operatingProfitMargin" : 24.96,
    "operatingProfit" : 104.59,
    "netProfitMargin" : 11.63,
    "netProfit" : 48.73
  }, {
    "date" : "2021-06-30",
    "sales" : 393.55,
    "salesGrowthYoY" : 101.98,
    "grossProfitMargin" : 61.21,
    "grossProfit" : 240.89,
    "operatingProfitMargin" : 27.40,
    "operatingProfit" : 107.83,
    "netProfitMargin" : 13.40,
    "netProfit" : 52.74
  }, {
    "date" : "2021-09-30",
    "sales" : 266.14,
    "salesGrowthYoY" : 9.93,
    "grossProfitMargin" : 52.29,
    "grossProfit" : 139.16,
    "operatingProfitMargin" : 15.97,
    "operatingProfit" : 42.50,
    "netProfitMargin" : 7.33,
    "netProfit" : 19.51
  }, {
    "date" : "2021-12-31",
    "sales" : 331.19,
    "salesGrowthYoY" : 27.50,
    "grossProfitMargin" : 51.08,
    "grossProfit" : 169.17,
    "operatingProfitMargin" : 14.24,
    "operatingProfit" : 47.16,
    "netProfitMargin" : 4.14,
    "netProfit" : 13.71
  }, {
    "date" : "2022-03-31",
    "sales" : 470.84,
    "salesGrowthYoY" : 12.36,
    "grossProfitMargin" : 49.38,
    "grossProfit" : 232.50,
    "operatingProfitMargin" : 14.73,
    "operatingProfit" : 69.35,
    "netProfitMargin" : 3.46,
    "netProfit" : 16.29
  }, {
    "date" : "2022-06-30",
    "sales" : 484.06,
    "salesGrowthYoY" : 23.00,
    "grossProfitMargin" : 46.18,
    "grossProfit" : 223.54,
    "operatingProfitMargin" : 14.18,
    "operatingProfit" : 68.64,
    "netProfitMargin" : 5.72,
    "netProfit" : 27.69
  }, {
    "date" : "2022-09-30",
    "sales" : 437.70,
    "salesGrowthYoY" : 64.46,
    "grossProfitMargin" : 37.90,
    "grossProfit" : 165.89,
    "operatingProfitMargin" : 2.76,
    "operatingProfit" : 12.08,
    "netProfitMargin" : -5.32,
    "netProfit" : -23.29
  }, {
    "date" : "2022-12-31",
    "sales" : 508.52,
    "salesGrowthYoY" : 53.54,
    "grossProfitMargin" : 42.08,
    "grossProfit" : 213.99,
    "operatingProfitMargin" : 8.85,
    "operatingProfit" : 45.00,
    "netProfitMargin" : -1.66,
    "netProfit" : -8.44
  }, {
    "date" : "2023-03-31",
    "sales" : 521.77,
    "salesGrowthYoY" : 10.82,
    "grossProfitMargin" : 40.17,
    "grossProfit" : 209.60,
    "operatingProfitMargin" : 5.17,
    "operatingProfit" : 26.98,
    "netProfitMargin" : 19.00,
    "netProfit" : 99.14
  }, {
    "date" : "2023-06-30",
    "sales" : 428.76,
    "salesGrowthYoY" : -11.42,
    "grossProfitMargin" : 41.86,
    "grossProfit" : 179.48,
    "operatingProfitMargin" : 5.74,
    "operatingProfit" : 24.61,
    "netProfitMargin" : -3.12,
    "netProfit" : -13.38
  }, {
    "date" : "2023-09-30",
    "sales" : 459.51,
    "salesGrowthYoY" : 4.98,
    "grossProfitMargin" : 43.92,
    "grossProfit" : 201.82,
    "operatingProfitMargin" : 8.44,
    "operatingProfit" : 38.78,
    "netProfitMargin" : -0.70,
    "netProfit" : -3.22
  }, {
    "date" : "2023-12-31",
    "sales" : 502.62,
    "salesGrowthYoY" : -1.16,
    "grossProfitMargin" : 46.13,
    "grossProfit" : 231.86,
    "operatingProfitMargin" : 13.12,
    "operatingProfit" : 65.94,
    "netProfitMargin" : 3.05,
    "netProfit" : 15.33
  }, {
    "date" : "2024-03-31",
    "sales" : 516.66,
    "salesGrowthYoY" : -0.98,
    "grossProfitMargin" : 46.62,
    "grossProfit" : 240.87,
    "operatingProfitMargin" : 10.33,
    "operatingProfit" : 53.37,
    "netProfitMargin" : 6.27,
    "netProfit" : 32.39
  }, {
    "date" : "2024-06-30",
    "sales" : 393.67,
    "salesGrowthYoY" : -8.18,
    "grossProfitMargin" : 46.96,
    "grossProfit" : 184.87,
    "operatingProfitMargin" : 9.34,
    "operatingProfit" : 36.77,
    "netProfitMargin" : -0.96,
    "netProfit" : -3.78
  }, {
    "date" : "2024-09-30",
    "sales" : 329.73,
    "salesGrowthYoY" : -28.24,
    "grossProfitMargin" : 42.98,
    "grossProfit" : 141.72,
    "operatingProfitMargin" : 0.55,
    "operatingProfit" : 1.81,
    "netProfitMargin" : -8.28,
    "netProfit" : -27.30
  }, {
    "date" : "2024-12-31",
    "sales" : 383.40,
    "salesGrowthYoY" : -23.72,
    "grossProfitMargin" : 43.86,
    "grossProfit" : 168.16,
    "operatingProfitMargin" : 2.62,
    "operatingProfit" : 10.05,
    "netProfitMargin" : -6.33,
    "netProfit" : -24.27
  }, {
    "date" : "2025-03-31",
    "sales" : 459.84,
    "salesGrowthYoY" : -11.00,
    "grossProfitMargin" : 41.80,
    "grossProfit" : 192.21,
    "operatingProfitMargin" : 1.81,
    "operatingProfit" : 8.32,
    "netProfitMargin" : -2.01,
    "netProfit" : -9.24
  }, {
    "date" : "2025-06-30",
    "sales" : 435.75,
    "salesGrowthYoY" : 10.69,
    "grossProfitMargin" : 50.80,
    "grossProfit" : 221.36,
    "operatingProfitMargin" : 13.80,
    "operatingProfit" : 60.13,
    "netProfitMargin" : 2.63,
    "netProfit" : 11.46
  }, {
    "date" : "2025-09-30",
    "sales" : 399.51,
    "salesGrowthYoY" : 21.16,
    "grossProfitMargin" : 46.72,
    "grossProfit" : 186.65,
    "operatingProfitMargin" : 7.10,
    "operatingProfit" : 28.37,
    "netProfitMargin" : -2.06,
    "netProfit" : -8.23
  } ],
  "latestQuarterlyResult" : {
    "date" : "2025-09-30",
    "sales" : 399.51,
    "salesGrowthYoY" : 21.16,
    "grossProfitMargin" : 46.72,
    "grossProfit" : 186.65,
    "operatingProfitMargin" : 7.10,
    "operatingProfit" : 28.37,
    "netProfitMargin" : -2.06,
    "netProfit" : -8.23
  },
  "companyScore" : {
    "priceHigherThanDma50" : 0.00,
    "priceHigherThanDma100" : 0.00,
    "priceHigherThanDma200" : 0.00,
    "dma50HigherThanDma100" : 0.00,
    "dma50HigherThanDma200" : 0.00,
    "dma100HigherThanDma200" : 5.00,
    "pricePercentageAboveDma50" : 5.39,
    "pricePercentageAboveDma100" : 5.63,
    "pricePercentageAboveDma200" : 5.42,
    "weeklyVolumeHigherThanYearlyVolume" : 0.00,
    "salesGrowthPercentile" : 11.65,
    "operatingProfitMarginPercentile" : 12.12,
    "netProfitMarginPercentile" : 1.93,
    "totalTechnicalScore" : 21.45,
    "totalFundamentalScore" : 25.69,
    "totalScore" : 47.14
  }
}