{
  "metadata" : {
    "screenerCompanyId" : "2872",
    "companyCode" : "SANDUMA",
    "companyName" : "Sandur Manganese",
    "screenerCompanyLink" : "https://www.screener.in/company/SANDUMA",
    "screenerTechnicalHistoryLink" : "https://www.screener.in/api/company/2872/chart/?q=Price-DMA50-DMA200-Volume&days=365",
    "screenerQuarterlyResultsLink" : "https://www.screener.in/api/company/2872/chart/?q=GPM-OPM-NPM-Quarter+Sales&days=10000",
    "attributes" : {
      "companyCode" : "SANDUMA",
      "companyName" : "Sandur Manganese",
      "marketCap" : 10129.00,
      "peRatio" : 20.10,
      "description" : "The Sandur Manganese & Iron Ores Limited (SMIORE), the flagship company of the Karnataka based Sandur Group, incorporated in 1954. Company is involved in mining of low phosphorous manganese and iron ore in the Hosapete Ballari region of Karnataka. In addition, Company manufactures ferro-alloys (silico-Manganese and ferro manganese) and coke at its plant in Vyasankare, near Hospet.[1] It is the 3rd Largest Manganese ore miner in India.[2]"
    },
    "companyScore" : {
      "priceHigherThanDma50" : 5.00,
      "priceHigherThanDma100" : 5.00,
      "priceHigherThanDma200" : 5.00,
      "dma50HigherThanDma100" : 5.00,
      "dma50HigherThanDma200" : 5.00,
      "dma100HigherThanDma200" : 5.00,
      "pricePercentageAboveDma50" : 4.82,
      "pricePercentageAboveDma100" : 4.18,
      "pricePercentageAboveDma200" : 4.02,
      "weeklyVolumeHigherThanYearlyVolume" : 5.00,
      "salesGrowthPercentile" : 14.94,
      "operatingProfitMarginPercentile" : 18.01,
      "netProfitMarginPercentile" : 8.13,
      "totalTechnicalScore" : 48.01,
      "totalFundamentalScore" : 41.07,
      "totalScore" : 89.09
    }
  },
  "attributes" : {
    "companyCode" : "SANDUMA",
    "companyName" : "Sandur Manganese",
    "marketCap" : 10129.00,
    "peRatio" : 20.10,
    "description" : "The Sandur Manganese & Iron Ores Limited (SMIORE), the flagship company of the Karnataka based Sandur Group, incorporated in 1954. Company is involved in mining of low phosphorous manganese and iron ore in the Hosapete Ballari region of Karnataka. In addition, Company manufactures ferro-alloys (silico-Manganese and ferro manganese) and coke at its plant in Vyasankare, near Hospet.[1] It is the 3rd Largest Manganese ore miner in India.[2]"
  },
  "technicalHistory" : [ {
    "date" : "2024-12-03",
    "price" : 179.33,
    "dma50" : 156.70,
    "dma100" : null,
    "dma200" : 155.77,
    "volume" : 713996.00
  }, {
    "date" : "2024-12-04",
    "price" : 178.18,
    "dma50" : 157.54,
    "dma100" : null,
    "dma200" : 155.99,
    "volume" : 534898.00
  }, {
    "date" : "2024-12-05",
    "price" : 175.17,
    "dma50" : 158.24,
    "dma100" : null,
    "dma200" : 156.18,
    "volume" : 365754.00
  }, {
    "date" : "2024-12-06",
    "price" : 175.83,
    "dma50" : 158.93,
    "dma100" : null,
    "dma200" : 156.38,
    "volume" : 560340.00
  }, {
    "date" : "2024-12-09",
    "price" : 177.58,
    "dma50" : 159.66,
    "dma100" : null,
    "dma200" : 156.59,
    "volume" : 488172.00
  }, {
    "date" : "2024-12-10",
    "price" : 172.28,
    "dma50" : 160.15,
    "dma100" : null,
    "dma200" : 156.75,
    "volume" : 572048.00
  }, {
    "date" : "2024-12-11",
    "price" : 169.67,
    "dma50" : 160.52,
    "dma100" : null,
    "dma200" : 156.87,
    "volume" : 527175.00
  }, {
    "date" : "2024-12-12",
    "price" : 165.32,
    "dma50" : 160.71,
    "dma100" : null,
    "dma200" : 156.96,
    "volume" : 599297.00
  }, {
    "date" : "2024-12-13",
    "price" : 162.13,
    "dma50" : 160.77,
    "dma100" : null,
    "dma200" : 157.01,
    "volume" : 341102.00
  }, {
    "date" : "2024-12-16",
    "price" : 160.72,
    "dma50" : 160.77,
    "dma100" : null,
    "dma200" : 157.05,
    "volume" : 386033.00
  }, {
    "date" : "2024-12-17",
    "price" : 157.22,
    "dma50" : 160.63,
    "dma100" : null,
    "dma200" : 157.05,
    "volume" : 379097.00
  }, {
    "date" : "2024-12-18",
    "price" : 150.93,
    "dma50" : 160.25,
    "dma100" : null,
    "dma200" : 156.99,
    "volume" : 1013031.00
  }, {
    "date" : "2024-12-19",
    "price" : 139.52,
    "dma50" : 159.43,
    "dma100" : null,
    "dma200" : 156.81,
    "volume" : 2153978.00
  }, {
    "date" : "2024-12-20",
    "price" : 136.00,
    "dma50" : 158.52,
    "dma100" : null,
    "dma200" : 156.61,
    "volume" : 1780895.00
  }, {
    "date" : "2024-12-23",
    "price" : 134.62,
    "dma50" : 157.58,
    "dma100" : null,
    "dma200" : 156.39,
    "volume" : 651732.00
  }, {
    "date" : "2024-12-24",
    "price" : 134.68,
    "dma50" : 156.68,
    "dma100" : null,
    "dma200" : 156.17,
    "volume" : 453439.00
  }, {
    "date" : "2024-12-26",
    "price" : 135.43,
    "dma50" : 155.85,
    "dma100" : null,
    "dma200" : 155.96,
    "volume" : 935822.00
  }, {
    "date" : "2024-12-27",
    "price" : 135.62,
    "dma50" : 155.05,
    "dma100" : null,
    "dma200" : 155.76,
    "volume" : 253379.00
  }, {
    "date" : "2024-12-30",
    "price" : 133.98,
    "dma50" : 154.23,
    "dma100" : null,
    "dma200" : 155.55,
    "volume" : 295732.00
  }, {
    "date" : "2024-12-31",
    "price" : 137.75,
    "dma50" : 153.58,
    "dma100" : null,
    "dma200" : 155.37,
    "volume" : 403008.00
  }, {
    "date" : "2025-01-01",
    "price" : 140.05,
    "dma50" : 153.05,
    "dma100" : null,
    "dma200" : 155.22,
    "volume" : 349695.00
  }, {
    "date" : "2025-01-02",
    "price" : 142.40,
    "dma50" : 152.63,
    "dma100" : null,
    "dma200" : 155.09,
    "volume" : 1243429.00
  }, {
    "date" : "2025-01-03",
    "price" : 144.50,
    "dma50" : 152.31,
    "dma100" : null,
    "dma200" : 154.98,
    "volume" : 621089.00
  }, {
    "date" : "2025-01-06",
    "price" : 134.92,
    "dma50" : 151.63,
    "dma100" : null,
    "dma200" : 154.78,
    "volume" : 542608.00
  }, {
    "date" : "2025-01-07",
    "price" : 139.17,
    "dma50" : 151.14,
    "dma100" : null,
    "dma200" : 154.63,
    "volume" : 349520.00
  }, {
    "date" : "2025-01-08",
    "price" : 135.70,
    "dma50" : 150.54,
    "dma100" : null,
    "dma200" : 154.44,
    "volume" : 321831.00
  }, {
    "date" : "2025-01-09",
    "price" : 133.20,
    "dma50" : 149.86,
    "dma100" : null,
    "dma200" : 154.23,
    "volume" : 340545.00
  }, {
    "date" : "2025-01-10",
    "price" : 128.38,
    "dma50" : 149.02,
    "dma100" : null,
    "dma200" : 153.97,
    "volume" : 512979.00
  }, {
    "date" : "2025-01-13",
    "price" : 122.72,
    "dma50" : 147.98,
    "dma100" : null,
    "dma200" : 153.66,
    "volume" : 535339.00
  }, {
    "date" : "2025-01-14",
    "price" : 129.00,
    "dma50" : 147.24,
    "dma100" : null,
    "dma200" : 153.42,
    "volume" : 371009.00
  }, {
    "date" : "2025-01-15",
    "price" : 128.43,
    "dma50" : 146.50,
    "dma100" : null,
    "dma200" : 153.17,
    "volume" : 241492.00
  }, {
    "date" : "2025-01-16",
    "price" : 131.37,
    "dma50" : 145.91,
    "dma100" : null,
    "dma200" : 152.95,
    "volume" : 193351.00
  }, {
    "date" : "2025-01-17",
    "price" : 131.15,
    "dma50" : 145.33,
    "dma100" : null,
    "dma200" : 152.73,
    "volume" : 222963.00
  }, {
    "date" : "2025-01-20",
    "price" : 132.42,
    "dma50" : 144.82,
    "dma100" : null,
    "dma200" : 152.53,
    "volume" : 189750.00
  }, {
    "date" : "2025-01-21",
    "price" : 130.18,
    "dma50" : 144.25,
    "dma100" : null,
    "dma200" : 152.31,
    "volume" : 245184.00
  }, {
    "date" : "2025-01-22",
    "price" : 130.18,
    "dma50" : 143.70,
    "dma100" : null,
    "dma200" : 152.09,
    "volume" : 293780.00
  }, {
    "date" : "2025-01-23",
    "price" : 139.67,
    "dma50" : 143.54,
    "dma100" : null,
    "dma200" : 151.96,
    "volume" : 1021647.00
  }, {
    "date" : "2025-01-24",
    "price" : 133.70,
    "dma50" : 143.15,
    "dma100" : null,
    "dma200" : 151.78,
    "volume" : 327771.00
  }, {
    "date" : "2025-01-27",
    "price" : 126.80,
    "dma50" : 142.51,
    "dma100" : null,
    "dma200" : 151.53,
    "volume" : 387452.00
  }, {
    "date" : "2025-01-28",
    "price" : 128.20,
    "dma50" : 141.95,
    "dma100" : null,
    "dma200" : 151.30,
    "volume" : 577311.00
  }, {
    "date" : "2025-01-29",
    "price" : 130.05,
    "dma50" : 141.48,
    "dma100" : null,
    "dma200" : 151.09,
    "volume" : 271107.00
  }, {
    "date" : "2025-01-30",
    "price" : 127.17,
    "dma50" : 140.92,
    "dma100" : null,
    "dma200" : 150.85,
    "volume" : 293090.00
  }, {
    "date" : "2025-01-31",
    "price" : 131.00,
    "dma50" : 140.53,
    "dma100" : null,
    "dma200" : 150.65,
    "volume" : 308258.00
  }, {
    "date" : "2025-02-01",
    "price" : 130.63,
    "dma50" : 140.15,
    "dma100" : null,
    "dma200" : 150.46,
    "volume" : 243422.00
  }, {
    "date" : "2025-02-03",
    "price" : 127.87,
    "dma50" : 139.66,
    "dma100" : null,
    "dma200" : 150.23,
    "volume" : 185699.00
  }, {
    "date" : "2025-02-04",
    "price" : 126.02,
    "dma50" : 139.13,
    "dma100" : null,
    "dma200" : 149.99,
    "volume" : 340270.00
  }, {
    "date" : "2025-02-05",
    "price" : 128.08,
    "dma50" : 138.70,
    "dma100" : null,
    "dma200" : 149.77,
    "volume" : 271563.00
  }, {
    "date" : "2025-02-06",
    "price" : 129.00,
    "dma50" : 138.32,
    "dma100" : null,
    "dma200" : 149.57,
    "volume" : 203341.00
  }, {
    "date" : "2025-02-07",
    "price" : 127.98,
    "dma50" : 137.91,
    "dma100" : null,
    "dma200" : 149.35,
    "volume" : 275126.00
  }, {
    "date" : "2025-02-10",
    "price" : 123.62,
    "dma50" : 137.35,
    "dma100" : null,
    "dma200" : 149.09,
    "volume" : 435154.00
  }, {
    "date" : "2025-02-11",
    "price" : 118.08,
    "dma50" : 136.59,
    "dma100" : null,
    "dma200" : 148.79,
    "volume" : 496590.00
  }, {
    "date" : "2025-02-12",
    "price" : 118.15,
    "dma50" : 135.87,
    "dma100" : null,
    "dma200" : 148.48,
    "volume" : 483689.00
  }, {
    "date" : "2025-02-13",
    "price" : 118.03,
    "dma50" : 135.17,
    "dma100" : null,
    "dma200" : 148.18,
    "volume" : 273811.00
  }, {
    "date" : "2025-02-14",
    "price" : 115.17,
    "dma50" : 134.39,
    "dma100" : null,
    "dma200" : 147.85,
    "volume" : 397288.00
  }, {
    "date" : "2025-02-17",
    "price" : 138.20,
    "dma50" : 134.54,
    "dma100" : null,
    "dma200" : 147.75,
    "volume" : 7511607.00
  }, {
    "date" : "2025-02-18",
    "price" : 145.37,
    "dma50" : 134.96,
    "dma100" : null,
    "dma200" : 147.73,
    "volume" : 14482999.00
  }, {
    "date" : "2025-02-19",
    "price" : 144.80,
    "dma50" : 135.35,
    "dma100" : null,
    "dma200" : 147.70,
    "volume" : 1838736.00
  }, {
    "date" : "2025-02-20",
    "price" : 145.33,
    "dma50" : 135.74,
    "dma100" : null,
    "dma200" : 147.68,
    "volume" : 1924098.00
  }, {
    "date" : "2025-02-21",
    "price" : 142.50,
    "dma50" : 136.00,
    "dma100" : null,
    "dma200" : 147.63,
    "volume" : 946444.00
  }, {
    "date" : "2025-02-24",
    "price" : 140.63,
    "dma50" : 136.19,
    "dma100" : null,
    "dma200" : 147.56,
    "volume" : 855813.00
  }, {
    "date" : "2025-02-25",
    "price" : 140.50,
    "dma50" : 136.35,
    "dma100" : null,
    "dma200" : 147.49,
    "volume" : 537440.00
  }, {
    "date" : "2025-02-27",
    "price" : 131.37,
    "dma50" : 136.16,
    "dma100" : null,
    "dma200" : 147.33,
    "volume" : 675815.00
  }, {
    "date" : "2025-02-28",
    "price" : 128.97,
    "dma50" : 135.88,
    "dma100" : null,
    "dma200" : 147.14,
    "volume" : 711730.00
  }, {
    "date" : "2025-03-03",
    "price" : 133.98,
    "dma50" : 135.80,
    "dma100" : null,
    "dma200" : 147.01,
    "volume" : 1566597.00
  }, {
    "date" : "2025-03-04",
    "price" : 136.18,
    "dma50" : 135.82,
    "dma100" : null,
    "dma200" : 146.90,
    "volume" : 2702079.00
  }, {
    "date" : "2025-03-05",
    "price" : 149.78,
    "dma50" : 136.36,
    "dma100" : null,
    "dma200" : 146.93,
    "volume" : 1751755.00
  }, {
    "date" : "2025-03-06",
    "price" : 160.67,
    "dma50" : 137.32,
    "dma100" : null,
    "dma200" : 147.07,
    "volume" : 2180077.00
  }, {
    "date" : "2025-03-07",
    "price" : 159.75,
    "dma50" : 138.20,
    "dma100" : null,
    "dma200" : 147.20,
    "volume" : 1770159.00
  }, {
    "date" : "2025-03-10",
    "price" : 159.52,
    "dma50" : 139.03,
    "dma100" : null,
    "dma200" : 147.32,
    "volume" : 1840676.00
  }, {
    "date" : "2025-03-11",
    "price" : 161.70,
    "dma50" : 139.92,
    "dma100" : null,
    "dma200" : 147.46,
    "volume" : 1295160.00
  }, {
    "date" : "2025-03-12",
    "price" : 157.87,
    "dma50" : 140.63,
    "dma100" : null,
    "dma200" : 147.56,
    "volume" : 885203.00
  }, {
    "date" : "2025-03-13",
    "price" : 154.88,
    "dma50" : 141.19,
    "dma100" : null,
    "dma200" : 147.64,
    "volume" : 487756.00
  }, {
    "date" : "2025-03-17",
    "price" : 153.12,
    "dma50" : 141.65,
    "dma100" : null,
    "dma200" : 147.69,
    "volume" : 458884.00
  }, {
    "date" : "2025-03-18",
    "price" : 157.30,
    "dma50" : 142.27,
    "dma100" : null,
    "dma200" : 147.79,
    "volume" : 947652.00
  }, {
    "date" : "2025-03-19",
    "price" : 156.05,
    "dma50" : 142.81,
    "dma100" : null,
    "dma200" : 147.87,
    "volume" : 1286815.00
  }, {
    "date" : "2025-03-20",
    "price" : 153.37,
    "dma50" : 143.22,
    "dma100" : null,
    "dma200" : 147.92,
    "volume" : 782312.00
  }, {
    "date" : "2025-03-21",
    "price" : 154.43,
    "dma50" : 143.66,
    "dma100" : null,
    "dma200" : 147.99,
    "volume" : 565034.00
  }, {
    "date" : "2025-03-24",
    "price" : 149.42,
    "dma50" : 143.89,
    "dma100" : null,
    "dma200" : 148.00,
    "volume" : 1143284.00
  }, {
    "date" : "2025-03-25",
    "price" : 148.55,
    "dma50" : 144.07,
    "dma100" : null,
    "dma200" : 148.01,
    "volume" : 963263.00
  }, {
    "date" : "2025-03-26",
    "price" : 144.82,
    "dma50" : 144.10,
    "dma100" : null,
    "dma200" : 147.98,
    "volume" : 802501.00
  }, {
    "date" : "2025-03-27",
    "price" : 144.07,
    "dma50" : 144.10,
    "dma100" : null,
    "dma200" : 147.94,
    "volume" : 1848091.00
  }, {
    "date" : "2025-03-28",
    "price" : 146.68,
    "dma50" : 144.20,
    "dma100" : null,
    "dma200" : 147.93,
    "volume" : 587622.00
  }, {
    "date" : "2025-04-01",
    "price" : 144.90,
    "dma50" : 144.23,
    "dma100" : null,
    "dma200" : 147.90,
    "volume" : 409977.00
  }, {
    "date" : "2025-04-02",
    "price" : 149.45,
    "dma50" : 144.43,
    "dma100" : null,
    "dma200" : 147.91,
    "volume" : 671313.00
  }, {
    "date" : "2025-04-03",
    "price" : 149.03,
    "dma50" : 144.61,
    "dma100" : null,
    "dma200" : 147.92,
    "volume" : 556649.00
  }, {
    "date" : "2025-04-04",
    "price" : 141.48,
    "dma50" : 144.49,
    "dma100" : null,
    "dma200" : 147.86,
    "volume" : 811020.00
  }, {
    "date" : "2025-04-07",
    "price" : 131.43,
    "dma50" : 143.98,
    "dma100" : null,
    "dma200" : 147.69,
    "volume" : 1394779.00
  }, {
    "date" : "2025-04-08",
    "price" : 132.13,
    "dma50" : 143.51,
    "dma100" : null,
    "dma200" : 147.54,
    "volume" : 636093.00
  }, {
    "date" : "2025-04-09",
    "price" : 131.22,
    "dma50" : 143.03,
    "dma100" : null,
    "dma200" : 147.38,
    "volume" : 326158.00
  }, {
    "date" : "2025-04-11",
    "price" : 135.03,
    "dma50" : 142.72,
    "dma100" : null,
    "dma200" : 147.25,
    "volume" : 597858.00
  }, {
    "date" : "2025-04-15",
    "price" : 148.60,
    "dma50" : 142.95,
    "dma100" : null,
    "dma200" : 147.27,
    "volume" : 1257272.00
  }, {
    "date" : "2025-04-16",
    "price" : 158.32,
    "dma50" : 143.55,
    "dma100" : null,
    "dma200" : 147.38,
    "volume" : 2881354.00
  }, {
    "date" : "2025-04-17",
    "price" : 155.60,
    "dma50" : 144.02,
    "dma100" : null,
    "dma200" : 147.46,
    "volume" : 572429.00
  }, {
    "date" : "2025-04-21",
    "price" : 160.43,
    "dma50" : 144.67,
    "dma100" : null,
    "dma200" : 147.59,
    "volume" : 761385.00
  }, {
    "date" : "2025-04-22",
    "price" : 160.78,
    "dma50" : 145.30,
    "dma100" : null,
    "dma200" : 147.72,
    "volume" : 734476.00
  }, {
    "date" : "2025-04-23",
    "price" : 157.43,
    "dma50" : 145.77,
    "dma100" : null,
    "dma200" : 147.82,
    "volume" : 551729.00
  }, {
    "date" : "2025-04-24",
    "price" : 157.58,
    "dma50" : 146.24,
    "dma100" : null,
    "dma200" : 147.91,
    "volume" : 296841.00
  }, {
    "date" : "2025-04-25",
    "price" : 152.55,
    "dma50" : 146.48,
    "dma100" : null,
    "dma200" : 147.96,
    "volume" : 576468.00
  }, {
    "date" : "2025-04-28",
    "price" : 150.47,
    "dma50" : 146.64,
    "dma100" : null,
    "dma200" : 147.99,
    "volume" : 268876.00
  }, {
    "date" : "2025-04-29",
    "price" : 150.30,
    "dma50" : 146.78,
    "dma100" : null,
    "dma200" : 148.01,
    "volume" : 262791.00
  }, {
    "date" : "2025-04-30",
    "price" : 153.43,
    "dma50" : 147.04,
    "dma100" : 143.06,
    "dma200" : 148.06,
    "volume" : 1595780.00
  }, {
    "date" : "2025-05-02",
    "price" : 159.72,
    "dma50" : 147.54,
    "dma100" : 142.87,
    "dma200" : 148.18,
    "volume" : 1385951.00
  }, {
    "date" : "2025-05-05",
    "price" : 168.22,
    "dma50" : 148.35,
    "dma100" : 142.80,
    "dma200" : 148.38,
    "volume" : 3453671.00
  }, {
    "date" : "2025-05-06",
    "price" : 159.42,
    "dma50" : 148.79,
    "dma100" : 142.64,
    "dma200" : 148.49,
    "volume" : 1643739.00
  }, {
    "date" : "2025-05-07",
    "price" : 163.90,
    "dma50" : 149.38,
    "dma100" : 142.50,
    "dma200" : 148.64,
    "volume" : 2444277.00
  }, {
    "date" : "2025-05-08",
    "price" : 168.08,
    "dma50" : 150.11,
    "dma100" : 142.46,
    "dma200" : 148.83,
    "volume" : 4801573.00
  }, {
    "date" : "2025-05-09",
    "price" : 168.20,
    "dma50" : 150.82,
    "dma100" : 142.44,
    "dma200" : 149.03,
    "volume" : 1775272.00
  }, {
    "date" : "2025-05-12",
    "price" : 174.60,
    "dma50" : 151.75,
    "dma100" : 142.54,
    "dma200" : 149.28,
    "volume" : 2149745.00
  }, {
    "date" : "2025-05-13",
    "price" : 177.28,
    "dma50" : 152.76,
    "dma100" : 142.69,
    "dma200" : 149.56,
    "volume" : 1639063.00
  }, {
    "date" : "2025-05-14",
    "price" : 175.67,
    "dma50" : 153.65,
    "dma100" : 142.84,
    "dma200" : 149.82,
    "volume" : 1391827.00
  }, {
    "date" : "2025-05-15",
    "price" : 173.68,
    "dma50" : 154.44,
    "dma100" : 143.00,
    "dma200" : 150.06,
    "volume" : 1445948.00
  }, {
    "date" : "2025-05-16",
    "price" : 173.33,
    "dma50" : 155.18,
    "dma100" : 143.23,
    "dma200" : 150.29,
    "volume" : 900418.00
  }, {
    "date" : "2025-05-19",
    "price" : 175.35,
    "dma50" : 155.97,
    "dma100" : 143.58,
    "dma200" : 150.54,
    "volume" : 1601194.00
  }, {
    "date" : "2025-05-20",
    "price" : 172.35,
    "dma50" : 156.61,
    "dma100" : 143.95,
    "dma200" : 150.76,
    "volume" : 797988.00
  }, {
    "date" : "2025-05-21",
    "price" : 172.63,
    "dma50" : 157.24,
    "dma100" : 144.33,
    "dma200" : 150.97,
    "volume" : 483906.00
  }, {
    "date" : "2025-05-22",
    "price" : 173.45,
    "dma50" : 157.88,
    "dma100" : 144.72,
    "dma200" : 151.20,
    "volume" : 956516.00
  }, {
    "date" : "2025-05-23",
    "price" : 176.63,
    "dma50" : 158.61,
    "dma100" : 145.13,
    "dma200" : 151.45,
    "volume" : 1539309.00
  }, {
    "date" : "2025-05-26",
    "price" : 174.45,
    "dma50" : 159.23,
    "dma100" : 145.52,
    "dma200" : 151.68,
    "volume" : 1206591.00
  }, {
    "date" : "2025-05-27",
    "price" : 174.00,
    "dma50" : 159.81,
    "dma100" : 145.92,
    "dma200" : 151.90,
    "volume" : 4696055.00
  }, {
    "date" : "2025-05-28",
    "price" : 183.87,
    "dma50" : 160.76,
    "dma100" : 146.38,
    "dma200" : 152.22,
    "volume" : 5154574.00
  }, {
    "date" : "2025-05-29",
    "price" : 164.83,
    "dma50" : 160.92,
    "dma100" : 146.63,
    "dma200" : 152.34,
    "volume" : 8806309.00
  }, {
    "date" : "2025-05-30",
    "price" : 160.88,
    "dma50" : 160.91,
    "dma100" : 146.81,
    "dma200" : 152.43,
    "volume" : 2107481.00
  }, {
    "date" : "2025-06-02",
    "price" : 157.02,
    "dma50" : 160.76,
    "dma100" : 146.94,
    "dma200" : 152.47,
    "volume" : 1880158.00
  }, {
    "date" : "2025-06-03",
    "price" : 152.73,
    "dma50" : 160.45,
    "dma100" : 147.11,
    "dma200" : 152.48,
    "volume" : 1097062.00
  }, {
    "date" : "2025-06-04",
    "price" : 161.17,
    "dma50" : 160.48,
    "dma100" : 147.33,
    "dma200" : 152.56,
    "volume" : 1795494.00
  }, {
    "date" : "2025-06-05",
    "price" : 155.52,
    "dma50" : 160.28,
    "dma100" : 147.53,
    "dma200" : 152.59,
    "volume" : 1200345.00
  }, {
    "date" : "2025-06-06",
    "price" : 154.80,
    "dma50" : 160.07,
    "dma100" : 147.75,
    "dma200" : 152.62,
    "volume" : 974092.00
  }, {
    "date" : "2025-06-09",
    "price" : 156.33,
    "dma50" : 159.92,
    "dma100" : 148.03,
    "dma200" : 152.65,
    "volume" : 939619.00
  }, {
    "date" : "2025-06-10",
    "price" : 156.97,
    "dma50" : 159.80,
    "dma100" : 148.37,
    "dma200" : 152.70,
    "volume" : 489020.00
  }, {
    "date" : "2025-06-11",
    "price" : 161.33,
    "dma50" : 159.86,
    "dma100" : 148.69,
    "dma200" : 152.78,
    "volume" : 2254507.00
  }, {
    "date" : "2025-06-12",
    "price" : 159.43,
    "dma50" : 159.85,
    "dma100" : 149.00,
    "dma200" : 152.85,
    "volume" : 630409.00
  }, {
    "date" : "2025-06-13",
    "price" : 156.33,
    "dma50" : 159.71,
    "dma100" : 149.25,
    "dma200" : 152.88,
    "volume" : 611651.00
  }, {
    "date" : "2025-06-16",
    "price" : 157.48,
    "dma50" : 159.62,
    "dma100" : 149.52,
    "dma200" : 152.93,
    "volume" : 565222.00
  }, {
    "date" : "2025-06-17",
    "price" : 154.12,
    "dma50" : 159.41,
    "dma100" : 149.73,
    "dma200" : 152.94,
    "volume" : 589784.00
  }, {
    "date" : "2025-06-18",
    "price" : 152.53,
    "dma50" : 159.14,
    "dma100" : 149.96,
    "dma200" : 152.94,
    "volume" : 375748.00
  }, {
    "date" : "2025-06-19",
    "price" : 150.72,
    "dma50" : 158.81,
    "dma100" : 150.16,
    "dma200" : 152.91,
    "volume" : 729091.00
  }, {
    "date" : "2025-06-20",
    "price" : 153.33,
    "dma50" : 158.59,
    "dma100" : 150.30,
    "dma200" : 152.92,
    "volume" : 663044.00
  }, {
    "date" : "2025-06-23",
    "price" : 155.43,
    "dma50" : 158.47,
    "dma100" : 150.52,
    "dma200" : 152.94,
    "volume" : 746365.00
  }, {
    "date" : "2025-06-24",
    "price" : 157.28,
    "dma50" : 158.42,
    "dma100" : 150.82,
    "dma200" : 152.99,
    "volume" : 695567.00
  }, {
    "date" : "2025-06-25",
    "price" : 157.98,
    "dma50" : 158.40,
    "dma100" : 151.12,
    "dma200" : 153.04,
    "volume" : 615140.00
  }, {
    "date" : "2025-06-26",
    "price" : 161.18,
    "dma50" : 158.51,
    "dma100" : 151.43,
    "dma200" : 153.12,
    "volume" : 737436.00
  }, {
    "date" : "2025-06-27",
    "price" : 161.53,
    "dma50" : 158.63,
    "dma100" : 151.77,
    "dma200" : 153.20,
    "volume" : 1071292.00
  }, {
    "date" : "2025-06-30",
    "price" : 159.15,
    "dma50" : 158.65,
    "dma100" : 152.06,
    "dma200" : 153.26,
    "volume" : 441906.00
  }, {
    "date" : "2025-07-01",
    "price" : 156.52,
    "dma50" : 158.57,
    "dma100" : 152.31,
    "dma200" : 153.29,
    "volume" : 407036.00
  }, {
    "date" : "2025-07-02",
    "price" : 156.95,
    "dma50" : 158.50,
    "dma100" : 152.60,
    "dma200" : 153.33,
    "volume" : 431778.00
  }, {
    "date" : "2025-07-03",
    "price" : 165.40,
    "dma50" : 158.77,
    "dma100" : 153.00,
    "dma200" : 153.45,
    "volume" : 2742462.00
  }, {
    "date" : "2025-07-04",
    "price" : 164.83,
    "dma50" : 159.01,
    "dma100" : 153.37,
    "dma200" : 153.56,
    "volume" : 1737092.00
  }, {
    "date" : "2025-07-07",
    "price" : 160.43,
    "dma50" : 159.07,
    "dma100" : 153.68,
    "dma200" : 153.63,
    "volume" : 462600.00
  }, {
    "date" : "2025-07-08",
    "price" : 158.08,
    "dma50" : 159.03,
    "dma100" : 153.98,
    "dma200" : 153.67,
    "volume" : 444375.00
  }, {
    "date" : "2025-07-09",
    "price" : 160.12,
    "dma50" : 159.07,
    "dma100" : 154.35,
    "dma200" : 153.74,
    "volume" : 507218.00
  }, {
    "date" : "2025-07-10",
    "price" : 157.92,
    "dma50" : 159.03,
    "dma100" : 154.74,
    "dma200" : 153.78,
    "volume" : 343191.00
  }, {
    "date" : "2025-07-11",
    "price" : 158.32,
    "dma50" : 159.00,
    "dma100" : 155.15,
    "dma200" : 153.83,
    "volume" : 485430.00
  }, {
    "date" : "2025-07-14",
    "price" : 156.32,
    "dma50" : 158.89,
    "dma100" : 155.53,
    "dma200" : 153.85,
    "volume" : 424043.00
  }, {
    "date" : "2025-07-15",
    "price" : 157.78,
    "dma50" : 158.85,
    "dma100" : 155.96,
    "dma200" : 153.89,
    "volume" : 618659.00
  }, {
    "date" : "2025-07-16",
    "price" : 157.22,
    "dma50" : 158.79,
    "dma100" : 156.15,
    "dma200" : 153.92,
    "volume" : 282080.00
  }, {
    "date" : "2025-07-17",
    "price" : 157.27,
    "dma50" : 158.73,
    "dma100" : 156.26,
    "dma200" : 153.96,
    "volume" : 383598.00
  }, {
    "date" : "2025-07-18",
    "price" : 159.00,
    "dma50" : 158.74,
    "dma100" : 156.41,
    "dma200" : 154.01,
    "volume" : 1048385.00
  }, {
    "date" : "2025-07-21",
    "price" : 158.42,
    "dma50" : 158.72,
    "dma100" : 156.54,
    "dma200" : 154.05,
    "volume" : 610098.00
  }, {
    "date" : "2025-07-22",
    "price" : 157.30,
    "dma50" : 158.67,
    "dma100" : 156.69,
    "dma200" : 154.08,
    "volume" : 1003890.00
  }, {
    "date" : "2025-07-23",
    "price" : 158.90,
    "dma50" : 158.68,
    "dma100" : 156.87,
    "dma200" : 154.13,
    "volume" : 343366.00
  }, {
    "date" : "2025-07-24",
    "price" : 157.47,
    "dma50" : 158.63,
    "dma100" : 157.04,
    "dma200" : 154.16,
    "volume" : 242874.00
  }, {
    "date" : "2025-07-25",
    "price" : 153.07,
    "dma50" : 158.41,
    "dma100" : 157.25,
    "dma200" : 154.15,
    "volume" : 486136.00
  }, {
    "date" : "2025-07-28",
    "price" : 147.03,
    "dma50" : 157.97,
    "dma100" : 157.44,
    "dma200" : 154.08,
    "volume" : 463845.00
  }, {
    "date" : "2025-07-29",
    "price" : 150.87,
    "dma50" : 157.69,
    "dma100" : 157.60,
    "dma200" : 154.05,
    "volume" : 266980.00
  }, {
    "date" : "2025-07-30",
    "price" : 150.30,
    "dma50" : 157.40,
    "dma100" : 157.75,
    "dma200" : 154.01,
    "volume" : 519416.00
  }, {
    "date" : "2025-07-31",
    "price" : 150.40,
    "dma50" : 157.12,
    "dma100" : 157.75,
    "dma200" : 153.98,
    "volume" : 566930.00
  }, {
    "date" : "2025-08-01",
    "price" : 148.38,
    "dma50" : 156.78,
    "dma100" : 157.63,
    "dma200" : 153.92,
    "volume" : 323767.00
  }, {
    "date" : "2025-08-04",
    "price" : 149.60,
    "dma50" : 156.50,
    "dma100" : 157.53,
    "dma200" : 153.88,
    "volume" : 403084.00
  }, {
    "date" : "2025-08-05",
    "price" : 156.33,
    "dma50" : 156.49,
    "dma100" : 157.50,
    "dma200" : 153.90,
    "volume" : 1398380.00
  }, {
    "date" : "2025-08-06",
    "price" : 161.83,
    "dma50" : 156.70,
    "dma100" : 157.50,
    "dma200" : 153.98,
    "volume" : 2165039.00
  }, {
    "date" : "2025-08-07",
    "price" : 161.50,
    "dma50" : 156.89,
    "dma100" : 157.53,
    "dma200" : 154.06,
    "volume" : 1056432.00
  }, {
    "date" : "2025-08-08",
    "price" : 160.75,
    "dma50" : 157.04,
    "dma100" : 157.59,
    "dma200" : 154.12,
    "volume" : 3876828.00
  }, {
    "date" : "2025-08-11",
    "price" : 156.22,
    "dma50" : 157.01,
    "dma100" : 157.62,
    "dma200" : 154.14,
    "volume" : 936038.00
  }, {
    "date" : "2025-08-12",
    "price" : 156.72,
    "dma50" : 157.00,
    "dma100" : 157.62,
    "dma200" : 154.17,
    "volume" : 363291.00
  }, {
    "date" : "2025-08-13",
    "price" : 154.73,
    "dma50" : 156.91,
    "dma100" : 157.60,
    "dma200" : 154.17,
    "volume" : 535758.00
  }, {
    "date" : "2025-08-14",
    "price" : 153.88,
    "dma50" : 156.79,
    "dma100" : 157.61,
    "dma200" : 154.17,
    "volume" : 254486.00
  }, {
    "date" : "2025-08-18",
    "price" : 154.18,
    "dma50" : 156.69,
    "dma100" : 157.61,
    "dma200" : 154.17,
    "volume" : 312528.00
  }, {
    "date" : "2025-08-19",
    "price" : 156.10,
    "dma50" : 156.66,
    "dma100" : 157.67,
    "dma200" : 154.19,
    "volume" : 317679.00
  }, {
    "date" : "2025-08-20",
    "price" : 155.27,
    "dma50" : 156.61,
    "dma100" : 157.74,
    "dma200" : 154.20,
    "volume" : 211154.00
  }, {
    "date" : "2025-08-21",
    "price" : 152.23,
    "dma50" : 156.44,
    "dma100" : 157.81,
    "dma200" : 154.18,
    "volume" : 522290.00
  }, {
    "date" : "2025-08-22",
    "price" : 149.82,
    "dma50" : 156.18,
    "dma100" : 157.87,
    "dma200" : 154.14,
    "volume" : 604874.00
  }, {
    "date" : "2025-08-25",
    "price" : 148.70,
    "dma50" : 155.89,
    "dma100" : 157.89,
    "dma200" : 154.08,
    "volume" : 363526.00
  }, {
    "date" : "2025-08-26",
    "price" : 143.27,
    "dma50" : 155.39,
    "dma100" : 157.88,
    "dma200" : 153.98,
    "volume" : 813957.00
  }, {
    "date" : "2025-08-28",
    "price" : 144.67,
    "dma50" : 154.97,
    "dma100" : 157.83,
    "dma200" : 153.88,
    "volume" : 614829.00
  }, {
    "date" : "2025-08-29",
    "price" : 143.78,
    "dma50" : 154.53,
    "dma100" : 157.78,
    "dma200" : 153.78,
    "volume" : 337652.00
  }, {
    "date" : "2025-09-01",
    "price" : 144.72,
    "dma50" : 154.15,
    "dma100" : 157.81,
    "dma200" : 153.69,
    "volume" : 191073.00
  }, {
    "date" : "2025-09-02",
    "price" : 151.40,
    "dma50" : 154.04,
    "dma100" : 158.01,
    "dma200" : 153.67,
    "volume" : 609497.00
  }, {
    "date" : "2025-09-03",
    "price" : 155.85,
    "dma50" : 154.11,
    "dma100" : 158.24,
    "dma200" : 153.69,
    "volume" : 700898.00
  }, {
    "date" : "2025-09-04",
    "price" : 153.20,
    "dma50" : 154.07,
    "dma100" : 158.46,
    "dma200" : 153.69,
    "volume" : 337557.00
  }, {
    "date" : "2025-09-05",
    "price" : 154.10,
    "dma50" : 154.08,
    "dma100" : 158.66,
    "dma200" : 153.69,
    "volume" : 590850.00
  }, {
    "date" : "2025-09-08",
    "price" : 153.03,
    "dma50" : 154.03,
    "dma100" : 158.70,
    "dma200" : 153.68,
    "volume" : 347206.00
  }, {
    "date" : "2025-09-09",
    "price" : 153.92,
    "dma50" : 154.03,
    "dma100" : 158.66,
    "dma200" : 153.69,
    "volume" : 245153.00
  }, {
    "date" : "2025-09-10",
    "price" : 152.07,
    "dma50" : 153.95,
    "dma100" : 158.62,
    "dma200" : 153.67,
    "volume" : 474309.00
  }, {
    "date" : "2025-09-11",
    "price" : 153.58,
    "dma50" : 153.94,
    "dma100" : 158.55,
    "dma200" : 153.67,
    "volume" : 466556.00
  }, {
    "date" : "2025-09-12",
    "price" : 154.85,
    "dma50" : 153.97,
    "dma100" : 158.49,
    "dma200" : 153.68,
    "volume" : 505411.00
  }, {
    "date" : "2025-09-15",
    "price" : 160.68,
    "dma50" : 154.24,
    "dma100" : 158.53,
    "dma200" : 153.75,
    "volume" : 1421379.00
  }, {
    "date" : "2025-09-16",
    "price" : 160.07,
    "dma50" : 154.47,
    "dma100" : 158.55,
    "dma200" : 153.81,
    "volume" : 944600.00
  }, {
    "date" : "2025-09-17",
    "price" : 160.73,
    "dma50" : 154.71,
    "dma100" : 158.63,
    "dma200" : 153.88,
    "volume" : 1298380.00
  }, {
    "date" : "2025-09-18",
    "price" : 157.53,
    "dma50" : 154.82,
    "dma100" : 158.70,
    "dma200" : 153.92,
    "volume" : 1048103.00
  }, {
    "date" : "2025-09-19",
    "price" : 159.33,
    "dma50" : 155.00,
    "dma100" : 158.79,
    "dma200" : 153.97,
    "volume" : 1754196.00
  }, {
    "date" : "2025-09-22",
    "price" : 160.05,
    "dma50" : 155.20,
    "dma100" : 158.86,
    "dma200" : 154.03,
    "volume" : 766476.00
  }, {
    "date" : "2025-09-23",
    "price" : 158.75,
    "dma50" : 155.34,
    "dma100" : 158.85,
    "dma200" : 154.08,
    "volume" : 552050.00
  }, {
    "date" : "2025-09-24",
    "price" : 170.45,
    "dma50" : 155.93,
    "dma100" : 158.87,
    "dma200" : 154.24,
    "volume" : 7049606.00
  }, {
    "date" : "2025-09-25",
    "price" : 166.60,
    "dma50" : 156.35,
    "dma100" : 158.94,
    "dma200" : 154.37,
    "volume" : 2062877.00
  }, {
    "date" : "2025-09-26",
    "price" : 162.10,
    "dma50" : 156.57,
    "dma100" : 158.93,
    "dma200" : 154.44,
    "volume" : 958776.00
  }, {
    "date" : "2025-09-29",
    "price" : 167.95,
    "dma50" : 157.02,
    "dma100" : 158.92,
    "dma200" : 154.58,
    "volume" : 2146427.00
  }, {
    "date" : "2025-09-30",
    "price" : 168.85,
    "dma50" : 157.48,
    "dma100" : 158.93,
    "dma200" : 154.72,
    "volume" : 703759.00
  }, {
    "date" : "2025-10-01",
    "price" : 168.54,
    "dma50" : 157.92,
    "dma100" : 158.87,
    "dma200" : 154.86,
    "volume" : 706883.00
  }, {
    "date" : "2025-10-03",
    "price" : 194.54,
    "dma50" : 159.35,
    "dma100" : 159.04,
    "dma200" : 155.25,
    "volume" : 41621479.00
  }, {
    "date" : "2025-10-06",
    "price" : 204.01,
    "dma50" : 161.10,
    "dma100" : 159.33,
    "dma200" : 155.74,
    "volume" : 31538249.00
  }, {
    "date" : "2025-10-07",
    "price" : 187.90,
    "dma50" : 162.16,
    "dma100" : 159.47,
    "dma200" : 156.06,
    "volume" : 7777553.00
  }, {
    "date" : "2025-10-08",
    "price" : 186.25,
    "dma50" : 163.10,
    "dma100" : 159.60,
    "dma200" : 156.36,
    "volume" : 4595882.00
  }, {
    "date" : "2025-10-09",
    "price" : 203.41,
    "dma50" : 164.68,
    "dma100" : 159.88,
    "dma200" : 156.83,
    "volume" : 19236324.00
  }, {
    "date" : "2025-10-10",
    "price" : 205.46,
    "dma50" : 166.28,
    "dma100" : 160.21,
    "dma200" : 157.31,
    "volume" : 8570015.00
  }, {
    "date" : "2025-10-13",
    "price" : 205.07,
    "dma50" : 167.80,
    "dma100" : 160.53,
    "dma200" : 157.79,
    "volume" : 6591195.00
  }, {
    "date" : "2025-10-14",
    "price" : 205.52,
    "dma50" : 169.28,
    "dma100" : 160.85,
    "dma200" : 158.26,
    "volume" : 15042736.00
  }, {
    "date" : "2025-10-15",
    "price" : 230.91,
    "dma50" : 171.70,
    "dma100" : 161.40,
    "dma200" : 158.98,
    "volume" : 47001485.00
  }, {
    "date" : "2025-10-16",
    "price" : 229.39,
    "dma50" : 173.96,
    "dma100" : 161.95,
    "dma200" : 159.68,
    "volume" : 14431916.00
  }, {
    "date" : "2025-10-17",
    "price" : 217.55,
    "dma50" : 175.67,
    "dma100" : 162.38,
    "dma200" : 160.26,
    "volume" : 8402437.00
  }, {
    "date" : "2025-10-20",
    "price" : 220.59,
    "dma50" : 177.43,
    "dma100" : 162.75,
    "dma200" : 160.86,
    "volume" : 8538618.00
  }, {
    "date" : "2025-10-21",
    "price" : 225.63,
    "dma50" : 179.32,
    "dma100" : 163.36,
    "dma200" : 161.50,
    "volume" : 2378572.00
  }, {
    "date" : "2025-10-23",
    "price" : 212.61,
    "dma50" : 180.63,
    "dma100" : 163.87,
    "dma200" : 162.01,
    "volume" : 3687205.00
  }, {
    "date" : "2025-10-24",
    "price" : 215.37,
    "dma50" : 181.99,
    "dma100" : 164.46,
    "dma200" : 162.54,
    "volume" : 3905142.00
  }, {
    "date" : "2025-10-27",
    "price" : 211.82,
    "dma50" : 183.16,
    "dma100" : 165.05,
    "dma200" : 163.03,
    "volume" : 2130572.00
  }, {
    "date" : "2025-10-28",
    "price" : 210.32,
    "dma50" : 184.22,
    "dma100" : 165.54,
    "dma200" : 163.50,
    "volume" : 1764046.00
  }, {
    "date" : "2025-10-29",
    "price" : 219.98,
    "dma50" : 185.63,
    "dma100" : 166.18,
    "dma200" : 164.07,
    "volume" : 7865859.00
  }, {
    "date" : "2025-10-30",
    "price" : 221.39,
    "dma50" : 187.03,
    "dma100" : 166.85,
    "dma200" : 164.64,
    "volume" : 3097974.00
  }, {
    "date" : "2025-10-31",
    "price" : 216.88,
    "dma50" : 188.20,
    "dma100" : 167.46,
    "dma200" : 165.16,
    "volume" : 3204848.00
  }, {
    "date" : "2025-11-03",
    "price" : 225.58,
    "dma50" : 189.67,
    "dma100" : 168.14,
    "dma200" : 165.76,
    "volume" : 5509098.00
  }, {
    "date" : "2025-11-04",
    "price" : 219.93,
    "dma50" : 190.85,
    "dma100" : 168.73,
    "dma200" : 166.30,
    "volume" : 2046657.00
  }, {
    "date" : "2025-11-06",
    "price" : 199.47,
    "dma50" : 191.19,
    "dma100" : 169.13,
    "dma200" : 166.63,
    "volume" : 4540806.00
  }, {
    "date" : "2025-11-07",
    "price" : 204.74,
    "dma50" : 191.72,
    "dma100" : 169.61,
    "dma200" : 167.01,
    "volume" : 3051175.00
  }, {
    "date" : "2025-11-10",
    "price" : 208.95,
    "dma50" : 192.40,
    "dma100" : 170.13,
    "dma200" : 167.42,
    "volume" : 3830118.00
  }, {
    "date" : "2025-11-11",
    "price" : 206.11,
    "dma50" : 192.93,
    "dma100" : 170.65,
    "dma200" : 167.81,
    "volume" : 2131155.00
  }, {
    "date" : "2025-11-12",
    "price" : 224.50,
    "dma50" : 194.17,
    "dma100" : 171.37,
    "dma200" : 168.37,
    "volume" : 8682713.00
  }, {
    "date" : "2025-11-13",
    "price" : 219.63,
    "dma50" : 195.17,
    "dma100" : 172.06,
    "dma200" : 168.88,
    "volume" : 3016350.00
  }, {
    "date" : "2025-11-14",
    "price" : 222.50,
    "dma50" : 196.24,
    "dma100" : 172.75,
    "dma200" : 169.42,
    "volume" : 2254651.00
  }, {
    "date" : "2025-11-17",
    "price" : 218.99,
    "dma50" : 197.13,
    "dma100" : 173.38,
    "dma200" : 169.91,
    "volume" : 1887251.00
  }, {
    "date" : "2025-11-18",
    "price" : 215.17,
    "dma50" : 197.84,
    "dma100" : 173.96,
    "dma200" : 170.36,
    "volume" : 1996766.00
  }, {
    "date" : "2025-11-19",
    "price" : 206.76,
    "dma50" : 198.19,
    "dma100" : 174.45,
    "dma200" : 170.72,
    "volume" : 2536396.00
  }, {
    "date" : "2025-11-20",
    "price" : 207.98,
    "dma50" : 198.58,
    "dma100" : 174.92,
    "dma200" : 171.09,
    "volume" : 1696757.00
  }, {
    "date" : "2025-11-21",
    "price" : 202.69,
    "dma50" : 198.74,
    "dma100" : 175.33,
    "dma200" : 171.41,
    "volume" : 1230211.00
  }, {
    "date" : "2025-11-24",
    "price" : 195.66,
    "dma50" : 198.62,
    "dma100" : 175.69,
    "dma200" : 171.65,
    "volume" : 2047924.00
  }, {
    "date" : "2025-11-25",
    "price" : 199.13,
    "dma50" : 198.64,
    "dma100" : 176.12,
    "dma200" : 171.92,
    "volume" : 1338553.00
  }, {
    "date" : "2025-11-26",
    "price" : 204.92,
    "dma50" : 198.88,
    "dma100" : 176.60,
    "dma200" : 172.25,
    "volume" : 2137025.00
  }, {
    "date" : "2025-11-27",
    "price" : 211.73,
    "dma50" : 199.39,
    "dma100" : 177.06,
    "dma200" : 172.64,
    "volume" : 6364292.00
  }, {
    "date" : "2025-11-28",
    "price" : 213.47,
    "dma50" : 199.94,
    "dma100" : 177.55,
    "dma200" : 173.05,
    "volume" : 4810194.00
  }, {
    "date" : "2025-12-01",
    "price" : 211.88,
    "dma50" : 200.41,
    "dma100" : 178.06,
    "dma200" : 173.44,
    "volume" : 1481129.00
  }, {
    "date" : "2025-12-02",
    "price" : 207.94,
    "dma50" : 200.70,
    "dma100" : 178.56,
    "dma200" : 173.78,
    "volume" : 1353552.00
  } ],
  "latestTechnicalAttributes" : {
    "date" : "2025-12-02",
    "price" : 207.94,
    "dma50" : 200.70,
    "dma100" : 178.56,
    "dma200" : 173.78,
    "volume" : 1353552.00
  },
  "quarterlyResults" : [ {
    "date" : "2005-03-31",
    "sales" : 23.73,
    "salesGrowthYoY" : null,
    "grossProfitMargin" : 105.65,
    "grossProfit" : 25.07,
    "operatingProfitMargin" : 1.85,
    "operatingProfit" : 0.44,
    "netProfitMargin" : 4.21,
    "netProfit" : 1.00
  }, {
    "date" : "2005-06-30",
    "sales" : 16.48,
    "salesGrowthYoY" : null,
    "grossProfitMargin" : 105.52,
    "grossProfit" : 17.39,
    "operatingProfitMargin" : 4.61,
    "operatingProfit" : 0.76,
    "netProfitMargin" : 3.64,
    "netProfit" : 0.60
  }, {
    "date" : "2005-09-30",
    "sales" : 22.25,
    "salesGrowthYoY" : null,
    "grossProfitMargin" : 112.22,
    "grossProfit" : 24.97,
    "operatingProfitMargin" : 10.11,
    "operatingProfit" : 2.25,
    "netProfitMargin" : 11.10,
    "netProfit" : 2.47
  }, {
    "date" : "2005-12-31",
    "sales" : 23.49,
    "salesGrowthYoY" : null,
    "grossProfitMargin" : 103.24,
    "grossProfit" : 24.25,
    "operatingProfitMargin" : 9.92,
    "operatingProfit" : 2.33,
    "netProfitMargin" : 8.85,
    "netProfit" : 2.08
  }, {
    "date" : "2006-03-31",
    "sales" : 29.58,
    "salesGrowthYoY" : 24.65,
    "grossProfitMargin" : 93.00,
    "grossProfit" : 27.51,
    "operatingProfitMargin" : 0.85,
    "operatingProfit" : 0.25,
    "netProfitMargin" : -7.57,
    "netProfit" : -2.24
  }, {
    "date" : "2006-06-30",
    "sales" : 11.51,
    "salesGrowthYoY" : -30.16,
    "grossProfitMargin" : 149.78,
    "grossProfit" : 17.24,
    "operatingProfitMargin" : -6.52,
    "operatingProfit" : -0.75,
    "netProfitMargin" : -6.43,
    "netProfit" : -0.74
  }, {
    "date" : "2006-09-30",
    "sales" : 35.61,
    "salesGrowthYoY" : 60.04,
    "grossProfitMargin" : 77.65,
    "grossProfit" : 27.65,
    "operatingProfitMargin" : 6.66,
    "operatingProfit" : 2.37,
    "netProfitMargin" : 6.71,
    "netProfit" : 2.39
  }, {
    "date" : "2006-12-31",
    "sales" : 21.85,
    "salesGrowthYoY" : -6.98,
    "grossProfitMargin" : 123.20,
    "grossProfit" : 26.92,
    "operatingProfitMargin" : -7.05,
    "operatingProfit" : -1.54,
    "netProfitMargin" : -7.23,
    "netProfit" : -1.58
  }, {
    "date" : "2007-03-31",
    "sales" : 53.97,
    "salesGrowthYoY" : 82.45,
    "grossProfitMargin" : 86.10,
    "grossProfit" : 46.47,
    "operatingProfitMargin" : -100.15,
    "operatingProfit" : -54.05,
    "netProfitMargin" : -99.94,
    "netProfit" : -53.94
  }, {
    "date" : "2007-06-30",
    "sales" : 38.07,
    "salesGrowthYoY" : 230.76,
    "grossProfitMargin" : 93.67,
    "grossProfit" : 35.66,
    "operatingProfitMargin" : 13.58,
    "operatingProfit" : 5.17,
    "netProfitMargin" : 7.75,
    "netProfit" : 2.95
  }, {
    "date" : "2007-09-30",
    "sales" : 31.67,
    "salesGrowthYoY" : -11.06,
    "grossProfitMargin" : 116.83,
    "grossProfit" : 37.00,
    "operatingProfitMargin" : 14.02,
    "operatingProfit" : 4.44,
    "netProfitMargin" : 4.86,
    "netProfit" : 1.54
  }, {
    "date" : "2007-12-31",
    "sales" : 88.87,
    "salesGrowthYoY" : 306.73,
    "grossProfitMargin" : 104.64,
    "grossProfit" : 92.99,
    "operatingProfitMargin" : 18.87,
    "operatingProfit" : 16.77,
    "netProfitMargin" : 16.70,
    "netProfit" : 14.84
  }, {
    "date" : "2008-03-31",
    "sales" : 111.96,
    "salesGrowthYoY" : 107.45,
    "grossProfitMargin" : 96.70,
    "grossProfit" : 108.27,
    "operatingProfitMargin" : 54.13,
    "operatingProfit" : 60.60,
    "netProfitMargin" : 34.29,
    "netProfit" : 38.39
  }, {
    "date" : "2008-06-30",
    "sales" : 142.89,
    "salesGrowthYoY" : 275.33,
    "grossProfitMargin" : 100.54,
    "grossProfit" : 143.66,
    "operatingProfitMargin" : 70.22,
    "operatingProfit" : 100.34,
    "netProfitMargin" : 45.01,
    "netProfit" : 64.31
  }, {
    "date" : "2008-09-30",
    "sales" : 141.78,
    "salesGrowthYoY" : 347.68,
    "grossProfitMargin" : 105.31,
    "grossProfit" : 149.31,
    "operatingProfitMargin" : 74.78,
    "operatingProfit" : 106.02,
    "netProfitMargin" : 48.15,
    "netProfit" : 68.27
  }, {
    "date" : "2008-12-31",
    "sales" : 69.46,
    "salesGrowthYoY" : -21.84,
    "grossProfitMargin" : 108.31,
    "grossProfit" : 75.23,
    "operatingProfitMargin" : 21.52,
    "operatingProfit" : 14.95,
    "netProfitMargin" : 11.86,
    "netProfit" : 8.24
  }, {
    "date" : "2009-03-31",
    "sales" : 74.43,
    "salesGrowthYoY" : -33.52,
    "grossProfitMargin" : 121.67,
    "grossProfit" : 90.56,
    "operatingProfitMargin" : 15.46,
    "operatingProfit" : 11.51,
    "netProfitMargin" : 8.95,
    "netProfit" : 6.66
  }, {
    "date" : "2009-06-30",
    "sales" : 54.69,
    "salesGrowthYoY" : -61.73,
    "grossProfitMargin" : 61.71,
    "grossProfit" : 33.75,
    "operatingProfitMargin" : -9.53,
    "operatingProfit" : -5.21,
    "netProfitMargin" : -7.73,
    "netProfit" : -4.23
  }, {
    "date" : "2009-09-30",
    "sales" : 68.25,
    "salesGrowthYoY" : -51.86,
    "grossProfitMargin" : 91.43,
    "grossProfit" : 62.40,
    "operatingProfitMargin" : 13.05,
    "operatingProfit" : 8.91,
    "netProfitMargin" : 11.47,
    "netProfit" : 7.83
  }, {
    "date" : "2009-12-31",
    "sales" : 49.38,
    "salesGrowthYoY" : -28.91,
    "grossProfitMargin" : 97.29,
    "grossProfit" : 48.04,
    "operatingProfitMargin" : 17.60,
    "operatingProfit" : 8.69,
    "netProfitMargin" : 17.07,
    "netProfit" : 8.43
  }, {
    "date" : "2010-03-31",
    "sales" : 115.55,
    "salesGrowthYoY" : 55.25,
    "grossProfitMargin" : 88.97,
    "grossProfit" : 102.80,
    "operatingProfitMargin" : 23.84,
    "operatingProfit" : 27.55,
    "netProfitMargin" : 14.83,
    "netProfit" : 17.14
  }, {
    "date" : "2010-06-30",
    "sales" : 99.60,
    "salesGrowthYoY" : 82.12,
    "grossProfitMargin" : 97.53,
    "grossProfit" : 97.14,
    "operatingProfitMargin" : 42.77,
    "operatingProfit" : 42.60,
    "netProfitMargin" : 28.89,
    "netProfit" : 28.77
  }, {
    "date" : "2010-09-30",
    "sales" : 75.41,
    "salesGrowthYoY" : 10.49,
    "grossProfitMargin" : 108.79,
    "grossProfit" : 82.04,
    "operatingProfitMargin" : 34.61,
    "operatingProfit" : 26.10,
    "netProfitMargin" : 24.08,
    "netProfit" : 18.16
  }, {
    "date" : "2010-12-31",
    "sales" : 68.39,
    "salesGrowthYoY" : 38.50,
    "grossProfitMargin" : 124.30,
    "grossProfit" : 85.01,
    "operatingProfitMargin" : 38.40,
    "operatingProfit" : 26.26,
    "netProfitMargin" : 22.81,
    "netProfit" : 15.60
  }, {
    "date" : "2011-03-31",
    "sales" : 105.51,
    "salesGrowthYoY" : -8.69,
    "grossProfitMargin" : 102.92,
    "grossProfit" : 108.59,
    "operatingProfitMargin" : 42.28,
    "operatingProfit" : 44.61,
    "netProfitMargin" : 27.63,
    "netProfit" : 29.15
  }, {
    "date" : "2011-06-30",
    "sales" : 74.24,
    "salesGrowthYoY" : -25.46,
    "grossProfitMargin" : 111.30,
    "grossProfit" : 82.63,
    "operatingProfitMargin" : 16.14,
    "operatingProfit" : 11.98,
    "netProfitMargin" : 11.57,
    "netProfit" : 8.59
  }, {
    "date" : "2011-09-30",
    "sales" : 36.96,
    "salesGrowthYoY" : -50.99,
    "grossProfitMargin" : 88.39,
    "grossProfit" : 32.67,
    "operatingProfitMargin" : -17.42,
    "operatingProfit" : -6.44,
    "netProfitMargin" : -11.04,
    "netProfit" : -4.08
  }, {
    "date" : "2011-12-31",
    "sales" : 6.58,
    "salesGrowthYoY" : -90.38,
    "grossProfitMargin" : 60.18,
    "grossProfit" : 3.96,
    "operatingProfitMargin" : -253.34,
    "operatingProfit" : -16.67,
    "netProfitMargin" : -181.00,
    "netProfit" : -11.91
  }, {
    "date" : "2012-03-31",
    "sales" : 62.86,
    "salesGrowthYoY" : -40.42,
    "grossProfitMargin" : 81.88,
    "grossProfit" : 51.47,
    "operatingProfitMargin" : 57.30,
    "operatingProfit" : 36.02,
    "netProfitMargin" : 25.28,
    "netProfit" : 15.89
  }, {
    "date" : "2012-06-30",
    "sales" : 26.43,
    "salesGrowthYoY" : -64.40,
    "grossProfitMargin" : 79.83,
    "grossProfit" : 21.10,
    "operatingProfitMargin" : -22.89,
    "operatingProfit" : -6.05,
    "netProfitMargin" : -33.37,
    "netProfit" : -8.82
  }, {
    "date" : "2012-09-30",
    "sales" : 29.23,
    "salesGrowthYoY" : -20.91,
    "grossProfitMargin" : 93.26,
    "grossProfit" : 27.26,
    "operatingProfitMargin" : 14.23,
    "operatingProfit" : 4.16,
    "netProfitMargin" : 5.75,
    "netProfit" : 1.68
  }, {
    "date" : "2012-12-31",
    "sales" : 65.65,
    "salesGrowthYoY" : 897.72,
    "grossProfitMargin" : 76.74,
    "grossProfit" : 50.38,
    "operatingProfitMargin" : 23.73,
    "operatingProfit" : 15.58,
    "netProfitMargin" : 16.27,
    "netProfit" : 10.68
  }, {
    "date" : "2013-03-31",
    "sales" : 39.88,
    "salesGrowthYoY" : -36.56,
    "grossProfitMargin" : 94.13,
    "grossProfit" : 37.54,
    "operatingProfitMargin" : 34.15,
    "operatingProfit" : 13.62,
    "netProfitMargin" : 72.64,
    "netProfit" : 28.97
  }, {
    "date" : "2013-06-30",
    "sales" : 56.67,
    "salesGrowthYoY" : 114.42,
    "grossProfitMargin" : 85.69,
    "grossProfit" : 48.56,
    "operatingProfitMargin" : 18.18,
    "operatingProfit" : 10.30,
    "netProfitMargin" : 9.00,
    "netProfit" : 5.10
  }, {
    "date" : "2013-09-30",
    "sales" : 80.64,
    "salesGrowthYoY" : 175.88,
    "grossProfitMargin" : 97.50,
    "grossProfit" : 78.62,
    "operatingProfitMargin" : 26.35,
    "operatingProfit" : 21.25,
    "netProfitMargin" : 16.28,
    "netProfit" : 13.13
  }, {
    "date" : "2013-12-31",
    "sales" : 95.05,
    "salesGrowthYoY" : 44.78,
    "grossProfitMargin" : 99.81,
    "grossProfit" : 94.87,
    "operatingProfitMargin" : 34.30,
    "operatingProfit" : 32.60,
    "netProfitMargin" : 21.47,
    "netProfit" : 20.41
  }, {
    "date" : "2014-03-31",
    "sales" : 67.35,
    "salesGrowthYoY" : 68.88,
    "grossProfitMargin" : 80.74,
    "grossProfit" : 54.38,
    "operatingProfitMargin" : -18.96,
    "operatingProfit" : -12.77,
    "netProfitMargin" : -0.40,
    "netProfit" : -0.27
  }, {
    "date" : "2014-06-30",
    "sales" : 86.61,
    "salesGrowthYoY" : 52.83,
    "grossProfitMargin" : 102.78,
    "grossProfit" : 89.02,
    "operatingProfitMargin" : 36.01,
    "operatingProfit" : 31.19,
    "netProfitMargin" : 24.78,
    "netProfit" : 21.46
  }, {
    "date" : "2014-09-30",
    "sales" : 81.57,
    "salesGrowthYoY" : 1.15,
    "grossProfitMargin" : 96.53,
    "grossProfit" : 78.74,
    "operatingProfitMargin" : 23.94,
    "operatingProfit" : 19.53,
    "netProfitMargin" : 15.59,
    "netProfit" : 12.72
  }, {
    "date" : "2014-12-31",
    "sales" : 67.89,
    "salesGrowthYoY" : -28.57,
    "grossProfitMargin" : 101.52,
    "grossProfit" : 68.92,
    "operatingProfitMargin" : 2.39,
    "operatingProfit" : 1.62,
    "netProfitMargin" : 0.40,
    "netProfit" : 0.27
  }, {
    "date" : "2015-03-31",
    "sales" : 58.44,
    "salesGrowthYoY" : -13.23,
    "grossProfitMargin" : 76.35,
    "grossProfit" : 44.62,
    "operatingProfitMargin" : -48.15,
    "operatingProfit" : -28.14,
    "netProfitMargin" : -34.38,
    "netProfit" : -20.09
  }, {
    "date" : "2015-06-30",
    "sales" : 56.97,
    "salesGrowthYoY" : -34.22,
    "grossProfitMargin" : 82.10,
    "grossProfit" : 46.77,
    "operatingProfitMargin" : 12.37,
    "operatingProfit" : 7.05,
    "netProfitMargin" : 7.78,
    "netProfit" : 4.43
  }, {
    "date" : "2015-09-30",
    "sales" : 53.19,
    "salesGrowthYoY" : -34.79,
    "grossProfitMargin" : 77.98,
    "grossProfit" : 41.48,
    "operatingProfitMargin" : 0.55,
    "operatingProfit" : 0.29,
    "netProfitMargin" : 1.26,
    "netProfit" : 0.67
  }, {
    "date" : "2015-12-31",
    "sales" : 51.03,
    "salesGrowthYoY" : -24.83,
    "grossProfitMargin" : 69.55,
    "grossProfit" : 35.49,
    "operatingProfitMargin" : -6.80,
    "operatingProfit" : -3.47,
    "netProfitMargin" : -4.55,
    "netProfit" : -2.32
  }, {
    "date" : "2016-03-31",
    "sales" : 61.23,
    "salesGrowthYoY" : 4.77,
    "grossProfitMargin" : 72.89,
    "grossProfit" : 44.63,
    "operatingProfitMargin" : -4.92,
    "operatingProfit" : -3.01,
    "netProfitMargin" : -26.15,
    "netProfit" : -16.01
  }, {
    "date" : "2016-06-30",
    "sales" : 87.84,
    "salesGrowthYoY" : 54.19,
    "grossProfitMargin" : 72.73,
    "grossProfit" : 63.89,
    "operatingProfitMargin" : 8.31,
    "operatingProfit" : 7.30,
    "netProfitMargin" : 6.22,
    "netProfit" : 5.46
  }, {
    "date" : "2016-09-30",
    "sales" : 76.90,
    "salesGrowthYoY" : 44.58,
    "grossProfitMargin" : 88.35,
    "grossProfit" : 67.94,
    "operatingProfitMargin" : 16.05,
    "operatingProfit" : 12.34,
    "netProfitMargin" : 11.42,
    "netProfit" : 8.78
  }, {
    "date" : "2016-12-31",
    "sales" : 97.88,
    "salesGrowthYoY" : 91.81,
    "grossProfitMargin" : 88.64,
    "grossProfit" : 86.76,
    "operatingProfitMargin" : 18.74,
    "operatingProfit" : 18.34,
    "netProfitMargin" : 9.37,
    "netProfit" : 9.17
  }, {
    "date" : "2017-03-31",
    "sales" : 159.62,
    "salesGrowthYoY" : 160.69,
    "grossProfitMargin" : 81.43,
    "grossProfit" : 129.98,
    "operatingProfitMargin" : 33.61,
    "operatingProfit" : 53.65,
    "netProfitMargin" : 20.48,
    "netProfit" : 32.69
  }, {
    "date" : "2017-06-30",
    "sales" : 124.62,
    "salesGrowthYoY" : 41.87,
    "grossProfitMargin" : 73.84,
    "grossProfit" : 92.02,
    "operatingProfitMargin" : 21.63,
    "operatingProfit" : 26.96,
    "netProfitMargin" : 14.87,
    "netProfit" : 18.53
  }, {
    "date" : "2017-09-30",
    "sales" : 143.70,
    "salesGrowthYoY" : 86.87,
    "grossProfitMargin" : 79.49,
    "grossProfit" : 114.23,
    "operatingProfitMargin" : 29.79,
    "operatingProfit" : 42.81,
    "netProfitMargin" : 19.56,
    "netProfit" : 28.11
  }, {
    "date" : "2017-12-31",
    "sales" : 152.33,
    "salesGrowthYoY" : 55.63,
    "grossProfitMargin" : 75.84,
    "grossProfit" : 115.53,
    "operatingProfitMargin" : 21.76,
    "operatingProfit" : 33.15,
    "netProfitMargin" : 13.48,
    "netProfit" : 20.53
  }, {
    "date" : "2018-03-31",
    "sales" : 187.45,
    "salesGrowthYoY" : 17.44,
    "grossProfitMargin" : 81.46,
    "grossProfit" : 152.70,
    "operatingProfitMargin" : 33.55,
    "operatingProfit" : 62.89,
    "netProfitMargin" : 20.99,
    "netProfit" : 39.35
  }, {
    "date" : "2018-06-30",
    "sales" : 204.51,
    "salesGrowthYoY" : 64.11,
    "grossProfitMargin" : 85.06,
    "grossProfit" : 173.96,
    "operatingProfitMargin" : 40.93,
    "operatingProfit" : 83.71,
    "netProfitMargin" : 25.56,
    "netProfit" : 52.27
  }, {
    "date" : "2018-09-30",
    "sales" : 167.28,
    "salesGrowthYoY" : 16.41,
    "grossProfitMargin" : 84.57,
    "grossProfit" : 141.47,
    "operatingProfitMargin" : 34.00,
    "operatingProfit" : 56.88,
    "netProfitMargin" : 20.53,
    "netProfit" : 34.34
  }, {
    "date" : "2018-12-31",
    "sales" : 194.91,
    "salesGrowthYoY" : 27.95,
    "grossProfitMargin" : 82.49,
    "grossProfit" : 160.78,
    "operatingProfitMargin" : 28.60,
    "operatingProfit" : 55.74,
    "netProfitMargin" : 18.57,
    "netProfit" : 36.19
  }, {
    "date" : "2019-03-31",
    "sales" : 135.45,
    "salesGrowthYoY" : -27.74,
    "grossProfitMargin" : 69.94,
    "grossProfit" : 94.73,
    "operatingProfitMargin" : 15.44,
    "operatingProfit" : 20.91,
    "netProfitMargin" : 15.46,
    "netProfit" : 20.94
  }, {
    "date" : "2019-06-30",
    "sales" : 196.43,
    "salesGrowthYoY" : -3.95,
    "grossProfitMargin" : 90.29,
    "grossProfit" : 177.36,
    "operatingProfitMargin" : 41.94,
    "operatingProfit" : 82.38,
    "netProfitMargin" : 27.11,
    "netProfit" : 53.25
  }, {
    "date" : "2019-09-30",
    "sales" : 138.08,
    "salesGrowthYoY" : -17.46,
    "grossProfitMargin" : 95.49,
    "grossProfit" : 131.85,
    "operatingProfitMargin" : 34.28,
    "operatingProfit" : 47.33,
    "netProfitMargin" : 19.69,
    "netProfit" : 27.19
  }, {
    "date" : "2019-12-31",
    "sales" : 137.55,
    "salesGrowthYoY" : -29.43,
    "grossProfitMargin" : 82.14,
    "grossProfit" : 112.98,
    "operatingProfitMargin" : 26.25,
    "operatingProfit" : 36.11,
    "netProfitMargin" : 14.47,
    "netProfit" : 19.90
  }, {
    "date" : "2020-03-31",
    "sales" : 119.55,
    "salesGrowthYoY" : -11.74,
    "grossProfitMargin" : 99.82,
    "grossProfit" : 119.33,
    "operatingProfitMargin" : 22.90,
    "operatingProfit" : 27.38,
    "netProfitMargin" : 38.25,
    "netProfit" : 45.73
  }, {
    "date" : "2020-06-30",
    "sales" : 128.55,
    "salesGrowthYoY" : -34.56,
    "grossProfitMargin" : 79.41,
    "grossProfit" : 102.08,
    "operatingProfitMargin" : 28.91,
    "operatingProfit" : 37.16,
    "netProfitMargin" : 18.13,
    "netProfit" : 23.31
  }, {
    "date" : "2020-09-30",
    "sales" : 143.31,
    "salesGrowthYoY" : 3.79,
    "grossProfitMargin" : 104.88,
    "grossProfit" : 150.30,
    "operatingProfitMargin" : 45.61,
    "operatingProfit" : 65.36,
    "netProfitMargin" : 28.71,
    "netProfit" : 41.14
  }, {
    "date" : "2020-12-31",
    "sales" : 117.05,
    "salesGrowthYoY" : -14.90,
    "grossProfitMargin" : 98.62,
    "grossProfit" : 115.43,
    "operatingProfitMargin" : 29.41,
    "operatingProfit" : 34.42,
    "netProfitMargin" : 15.87,
    "netProfit" : 18.58
  }, {
    "date" : "2021-03-31",
    "sales" : 357.68,
    "salesGrowthYoY" : 199.19,
    "grossProfitMargin" : 72.16,
    "grossProfit" : 258.10,
    "operatingProfitMargin" : 37.65,
    "operatingProfit" : 134.67,
    "netProfitMargin" : 19.82,
    "netProfit" : 70.89
  }, {
    "date" : "2021-06-30",
    "sales" : 475.05,
    "salesGrowthYoY" : 269.54,
    "grossProfitMargin" : 78.46,
    "grossProfit" : 372.72,
    "operatingProfitMargin" : 53.50,
    "operatingProfit" : 254.15,
    "netProfitMargin" : 31.32,
    "netProfit" : 148.79
  }, {
    "date" : "2021-09-30",
    "sales" : 565.68,
    "salesGrowthYoY" : 294.72,
    "grossProfitMargin" : 76.19,
    "grossProfit" : 430.99,
    "operatingProfitMargin" : 54.30,
    "operatingProfit" : 307.16,
    "netProfitMargin" : 32.16,
    "netProfit" : 181.92
  }, {
    "date" : "2021-12-31",
    "sales" : 491.77,
    "salesGrowthYoY" : 320.14,
    "grossProfitMargin" : 60.17,
    "grossProfit" : 295.90,
    "operatingProfitMargin" : 38.80,
    "operatingProfit" : 190.81,
    "netProfitMargin" : 22.14,
    "netProfit" : 108.88
  }, {
    "date" : "2022-03-31",
    "sales" : 716.24,
    "salesGrowthYoY" : 100.25,
    "grossProfitMargin" : 51.36,
    "grossProfit" : 367.86,
    "operatingProfitMargin" : 31.00,
    "operatingProfit" : 222.03,
    "netProfitMargin" : 32.88,
    "netProfit" : 235.50
  }, {
    "date" : "2022-06-30",
    "sales" : 651.68,
    "salesGrowthYoY" : 37.18,
    "grossProfitMargin" : 25.59,
    "grossProfit" : 166.76,
    "operatingProfitMargin" : 8.58,
    "operatingProfit" : 55.91,
    "netProfitMargin" : 5.19,
    "netProfit" : 33.82
  }, {
    "date" : "2022-09-30",
    "sales" : 478.50,
    "salesGrowthYoY" : -15.41,
    "grossProfitMargin" : 36.26,
    "grossProfit" : 173.50,
    "operatingProfitMargin" : 7.29,
    "operatingProfit" : 34.88,
    "netProfitMargin" : 4.58,
    "netProfit" : 21.92
  }, {
    "date" : "2022-12-31",
    "sales" : 387.92,
    "salesGrowthYoY" : -21.12,
    "grossProfitMargin" : 54.35,
    "grossProfit" : 210.83,
    "operatingProfitMargin" : 17.16,
    "operatingProfit" : 66.57,
    "netProfitMargin" : 10.63,
    "netProfit" : 41.24
  }, {
    "date" : "2023-03-31",
    "sales" : 607.71,
    "salesGrowthYoY" : -15.15,
    "grossProfitMargin" : 67.94,
    "grossProfit" : 412.88,
    "operatingProfitMargin" : 38.72,
    "operatingProfit" : 235.31,
    "netProfitMargin" : 28.63,
    "netProfit" : 173.99
  }, {
    "date" : "2023-06-30",
    "sales" : 362.53,
    "salesGrowthYoY" : -44.37,
    "grossProfitMargin" : 64.89,
    "grossProfit" : 235.25,
    "operatingProfitMargin" : 15.97,
    "operatingProfit" : 57.90,
    "netProfitMargin" : 10.98,
    "netProfit" : 39.81
  }, {
    "date" : "2023-09-30",
    "sales" : 184.81,
    "salesGrowthYoY" : -61.38,
    "grossProfitMargin" : 97.78,
    "grossProfit" : 180.71,
    "operatingProfitMargin" : 20.31,
    "operatingProfit" : 37.53,
    "netProfitMargin" : 14.26,
    "netProfit" : 26.35
  }, {
    "date" : "2023-12-31",
    "sales" : 153.02,
    "salesGrowthYoY" : -60.55,
    "grossProfitMargin" : 103.27,
    "grossProfit" : 158.02,
    "operatingProfitMargin" : 11.18,
    "operatingProfit" : 17.11,
    "netProfitMargin" : 6.28,
    "netProfit" : 9.61
  }, {
    "date" : "2024-03-31",
    "sales" : 551.77,
    "salesGrowthYoY" : -9.21,
    "grossProfitMargin" : 90.56,
    "grossProfit" : 499.68,
    "operatingProfitMargin" : 37.68,
    "operatingProfit" : 207.91,
    "netProfitMargin" : 29.40,
    "netProfit" : 162.22
  }, {
    "date" : "2024-06-30",
    "sales" : 601.67,
    "salesGrowthYoY" : 65.96,
    "grossProfitMargin" : 73.14,
    "grossProfit" : 440.06,
    "operatingProfitMargin" : 31.74,
    "operatingProfit" : 190.97,
    "netProfitMargin" : 24.32,
    "netProfit" : 146.33
  }, {
    "date" : "2024-09-30",
    "sales" : 260.25,
    "salesGrowthYoY" : 40.82,
    "grossProfitMargin" : 81.86,
    "grossProfit" : 213.04,
    "operatingProfitMargin" : 14.44,
    "operatingProfit" : 37.58,
    "netProfitMargin" : 12.34,
    "netProfit" : 32.11
  }, {
    "date" : "2024-12-31",
    "sales" : 481.67,
    "salesGrowthYoY" : 214.78,
    "grossProfitMargin" : 86.28,
    "grossProfit" : 415.58,
    "operatingProfitMargin" : 40.01,
    "operatingProfit" : 192.72,
    "netProfitMargin" : 26.31,
    "netProfit" : 126.73
  }, {
    "date" : "2025-03-31",
    "sales" : 594.95,
    "salesGrowthYoY" : 7.83,
    "grossProfitMargin" : 88.96,
    "grossProfit" : 529.27,
    "operatingProfitMargin" : 39.60,
    "operatingProfit" : 235.60,
    "netProfitMargin" : 23.41,
    "netProfit" : 139.28
  }, {
    "date" : "2025-06-30",
    "sales" : 422.72,
    "salesGrowthYoY" : -29.74,
    "grossProfitMargin" : 98.62,
    "grossProfit" : 416.89,
    "operatingProfitMargin" : 48.94,
    "operatingProfit" : 206.88,
    "netProfitMargin" : 30.46,
    "netProfit" : 128.76
  }, {
    "date" : "2025-09-30",
    "sales" : 436.36,
    "salesGrowthYoY" : 67.67,
    "grossProfitMargin" : 91.10,
    "grossProfit" : 397.52,
    "operatingProfitMargin" : 42.06,
    "operatingProfit" : 183.53,
    "netProfitMargin" : 25.26,
    "netProfit" : 110.22
  } ],
  "latestQuarterlyResult" : {
    "date" : "2025-09-30",
    "sales" : 436.36,
    "salesGrowthYoY" : 67.67,
    "grossProfitMargin" : 91.10,
    "grossProfit" : 397.52,
    "operatingProfitMargin" : 42.06,
    "operatingProfit" : 183.53,
    "netProfitMargin" : 25.26,
    "netProfit" : 110.22
  },
  "companyScore" : {
    "priceHigherThanDma50" : 5.00,
    "priceHigherThanDma100" : 5.00,
    "priceHigherThanDma200" : 5.00,
    "dma50HigherThanDma100" : 5.00,
    "dma50HigherThanDma200" : 5.00,
    "dma100HigherThanDma200" : 5.00,
    "pricePercentageAboveDma50" : 4.82,
    "pricePercentageAboveDma100" : 4.18,
    "pricePercentageAboveDma200" : 4.02,
    "weeklyVolumeHigherThanYearlyVolume" : 5.00,
    "salesGrowthPercentile" : 14.94,
    "operatingProfitMarginPercentile" : 18.01,
    "netProfitMarginPercentile" : 8.13,
    "totalTechnicalScore" : 48.01,
    "totalFundamentalScore" : 41.07,
    "totalScore" : 89.09
  }
}