{
  "metadata" : {
    "screenerCompanyId" : "2876",
    "companyCode" : "SANGHIIND",
    "companyName" : "Sanghi Industrie",
    "screenerCompanyLink" : "https://www.screener.in/company/SANGHIIND",
    "screenerTechnicalHistoryLink" : "https://www.screener.in/api/company/2876/chart/?q=Price-DMA50-DMA200-Volume&days=365",
    "screenerQuarterlyResultsLink" : "https://www.screener.in/api/company/2876/chart/?q=GPM-OPM-NPM-Quarter+Sales&days=10000",
    "attributes" : {
      "companyCode" : "SANGHIIND",
      "companyName" : "Sanghi Industrie",
      "marketCap" : 1629.00,
      "peRatio" : 0.00,
      "description" : "Sanghi Industries Limited is engaged in the manufacturing and marketing of cement and cement products in domestic and export markets. The Company’s manufacturing facilities are at Sanghipuram, Gujarat. The company sells in Gujarat, Rajasthan, Maharashtra and Kerala and International Markets of the Middle East, Africa and the Indian subcontinent. It also sells Ready Mix Concrete in Ahmedabad and Rajkot markets.[1]"
    },
    "companyScore" : {
      "priceHigherThanDma50" : 0.00,
      "priceHigherThanDma100" : 0.00,
      "priceHigherThanDma200" : 0.00,
      "dma50HigherThanDma100" : 0.00,
      "dma50HigherThanDma200" : 0.00,
      "dma100HigherThanDma200" : 0.00,
      "pricePercentageAboveDma50" : 5.12,
      "pricePercentageAboveDma100" : 5.19,
      "pricePercentageAboveDma200" : 5.25,
      "weeklyVolumeHigherThanYearlyVolume" : 0.00,
      "salesGrowthPercentile" : 19.49,
      "operatingProfitMarginPercentile" : 13.12,
      "netProfitMarginPercentile" : 4.89,
      "totalTechnicalScore" : 15.56,
      "totalFundamentalScore" : 37.49,
      "totalScore" : 53.05
    }
  },
  "attributes" : {
    "companyCode" : "SANGHIIND",
    "companyName" : "Sanghi Industrie",
    "marketCap" : 1629.00,
    "peRatio" : 0.00,
    "description" : "Sanghi Industries Limited is engaged in the manufacturing and marketing of cement and cement products in domestic and export markets. The Company’s manufacturing facilities are at Sanghipuram, Gujarat. The company sells in Gujarat, Rajasthan, Maharashtra and Kerala and International Markets of the Middle East, Africa and the Indian subcontinent. It also sells Ready Mix Concrete in Ahmedabad and Rajkot markets.[1]"
  },
  "technicalHistory" : [ {
    "date" : "2024-11-25",
    "price" : 79.89,
    "dma50" : 83.66,
    "dma100" : null,
    "dma200" : 91.83,
    "volume" : 352908.00
  }, {
    "date" : "2024-11-26",
    "price" : 78.08,
    "dma50" : 83.44,
    "dma100" : null,
    "dma200" : 91.69,
    "volume" : 325170.00
  }, {
    "date" : "2024-11-27",
    "price" : 81.70,
    "dma50" : 83.37,
    "dma100" : null,
    "dma200" : 91.59,
    "volume" : 664334.00
  }, {
    "date" : "2024-11-28",
    "price" : 81.37,
    "dma50" : 83.29,
    "dma100" : null,
    "dma200" : 91.49,
    "volume" : 393077.00
  }, {
    "date" : "2024-11-29",
    "price" : 81.16,
    "dma50" : 83.21,
    "dma100" : null,
    "dma200" : 91.39,
    "volume" : 187576.00
  }, {
    "date" : "2024-12-02",
    "price" : 81.41,
    "dma50" : 83.14,
    "dma100" : null,
    "dma200" : 91.29,
    "volume" : 375026.00
  }, {
    "date" : "2024-12-03",
    "price" : 83.19,
    "dma50" : 83.14,
    "dma100" : null,
    "dma200" : 91.21,
    "volume" : 384793.00
  }, {
    "date" : "2024-12-04",
    "price" : 81.80,
    "dma50" : 83.09,
    "dma100" : null,
    "dma200" : 91.11,
    "volume" : 205849.00
  }, {
    "date" : "2024-12-05",
    "price" : 82.74,
    "dma50" : 83.08,
    "dma100" : null,
    "dma200" : 91.03,
    "volume" : 697287.00
  }, {
    "date" : "2024-12-06",
    "price" : 81.80,
    "dma50" : 83.03,
    "dma100" : null,
    "dma200" : 90.94,
    "volume" : 391053.00
  }, {
    "date" : "2024-12-09",
    "price" : 80.64,
    "dma50" : 82.93,
    "dma100" : null,
    "dma200" : 90.84,
    "volume" : 195926.00
  }, {
    "date" : "2024-12-10",
    "price" : 80.11,
    "dma50" : 82.82,
    "dma100" : null,
    "dma200" : 90.73,
    "volume" : 159189.00
  }, {
    "date" : "2024-12-11",
    "price" : 80.12,
    "dma50" : 82.72,
    "dma100" : null,
    "dma200" : 90.62,
    "volume" : 344551.00
  }, {
    "date" : "2024-12-12",
    "price" : 80.07,
    "dma50" : 82.61,
    "dma100" : null,
    "dma200" : 90.52,
    "volume" : 164935.00
  }, {
    "date" : "2024-12-13",
    "price" : 79.27,
    "dma50" : 82.48,
    "dma100" : null,
    "dma200" : 90.41,
    "volume" : 153060.00
  }, {
    "date" : "2024-12-16",
    "price" : 77.15,
    "dma50" : 82.27,
    "dma100" : null,
    "dma200" : 90.28,
    "volume" : 530198.00
  }, {
    "date" : "2024-12-17",
    "price" : 76.90,
    "dma50" : 82.06,
    "dma100" : null,
    "dma200" : 90.14,
    "volume" : 371708.00
  }, {
    "date" : "2024-12-18",
    "price" : 67.71,
    "dma50" : 81.50,
    "dma100" : null,
    "dma200" : 89.92,
    "volume" : 5602832.00
  }, {
    "date" : "2024-12-19",
    "price" : 67.57,
    "dma50" : 80.95,
    "dma100" : null,
    "dma200" : 89.70,
    "volume" : 1329548.00
  }, {
    "date" : "2024-12-20",
    "price" : 63.27,
    "dma50" : 80.26,
    "dma100" : null,
    "dma200" : 89.43,
    "volume" : 2765396.00
  }, {
    "date" : "2024-12-23",
    "price" : 62.64,
    "dma50" : 79.57,
    "dma100" : null,
    "dma200" : 89.17,
    "volume" : 1077273.00
  }, {
    "date" : "2024-12-24",
    "price" : 61.77,
    "dma50" : 78.87,
    "dma100" : null,
    "dma200" : 88.89,
    "volume" : 720856.00
  }, {
    "date" : "2024-12-26",
    "price" : 62.48,
    "dma50" : 78.23,
    "dma100" : null,
    "dma200" : 88.63,
    "volume" : 1002781.00
  }, {
    "date" : "2024-12-27",
    "price" : 62.27,
    "dma50" : 77.60,
    "dma100" : null,
    "dma200" : 88.37,
    "volume" : 404019.00
  }, {
    "date" : "2024-12-30",
    "price" : 62.25,
    "dma50" : 77.00,
    "dma100" : null,
    "dma200" : 88.11,
    "volume" : 839312.00
  }, {
    "date" : "2024-12-31",
    "price" : 60.72,
    "dma50" : 76.36,
    "dma100" : null,
    "dma200" : 87.84,
    "volume" : 724133.00
  }, {
    "date" : "2025-01-01",
    "price" : 61.24,
    "dma50" : 75.77,
    "dma100" : null,
    "dma200" : 87.57,
    "volume" : 383246.00
  }, {
    "date" : "2025-01-02",
    "price" : 62.38,
    "dma50" : 75.24,
    "dma100" : null,
    "dma200" : 87.32,
    "volume" : 375305.00
  }, {
    "date" : "2025-01-03",
    "price" : 62.10,
    "dma50" : 74.73,
    "dma100" : null,
    "dma200" : 87.07,
    "volume" : 263588.00
  }, {
    "date" : "2025-01-06",
    "price" : 59.88,
    "dma50" : 74.15,
    "dma100" : null,
    "dma200" : 86.80,
    "volume" : 454813.00
  }, {
    "date" : "2025-01-07",
    "price" : 60.71,
    "dma50" : 73.62,
    "dma100" : null,
    "dma200" : 86.54,
    "volume" : 632988.00
  }, {
    "date" : "2025-01-08",
    "price" : 60.69,
    "dma50" : 73.11,
    "dma100" : null,
    "dma200" : 86.28,
    "volume" : 282605.00
  }, {
    "date" : "2025-01-09",
    "price" : 59.25,
    "dma50" : 72.57,
    "dma100" : null,
    "dma200" : 86.01,
    "volume" : 332564.00
  }, {
    "date" : "2025-01-10",
    "price" : 57.36,
    "dma50" : 71.97,
    "dma100" : null,
    "dma200" : 85.73,
    "volume" : 544740.00
  }, {
    "date" : "2025-01-13",
    "price" : 55.90,
    "dma50" : 71.34,
    "dma100" : null,
    "dma200" : 85.43,
    "volume" : 707155.00
  }, {
    "date" : "2025-01-14",
    "price" : 57.96,
    "dma50" : 70.82,
    "dma100" : null,
    "dma200" : 85.16,
    "volume" : 417887.00
  }, {
    "date" : "2025-01-15",
    "price" : 59.16,
    "dma50" : 70.36,
    "dma100" : null,
    "dma200" : 84.90,
    "volume" : 730319.00
  }, {
    "date" : "2025-01-16",
    "price" : 61.35,
    "dma50" : 70.01,
    "dma100" : null,
    "dma200" : 84.67,
    "volume" : 872556.00
  }, {
    "date" : "2025-01-17",
    "price" : 60.79,
    "dma50" : 69.64,
    "dma100" : null,
    "dma200" : 84.43,
    "volume" : 258871.00
  }, {
    "date" : "2025-01-20",
    "price" : 60.54,
    "dma50" : 69.29,
    "dma100" : null,
    "dma200" : 84.19,
    "volume" : 307733.00
  }, {
    "date" : "2025-01-21",
    "price" : 60.15,
    "dma50" : 68.93,
    "dma100" : null,
    "dma200" : 83.95,
    "volume" : 447436.00
  }, {
    "date" : "2025-01-22",
    "price" : 60.56,
    "dma50" : 68.60,
    "dma100" : null,
    "dma200" : 83.72,
    "volume" : 296954.00
  }, {
    "date" : "2025-01-23",
    "price" : 62.09,
    "dma50" : 68.35,
    "dma100" : null,
    "dma200" : 83.50,
    "volume" : 374298.00
  }, {
    "date" : "2025-01-24",
    "price" : 62.40,
    "dma50" : 68.11,
    "dma100" : null,
    "dma200" : 83.29,
    "volume" : 606907.00
  }, {
    "date" : "2025-01-27",
    "price" : 60.46,
    "dma50" : 67.81,
    "dma100" : null,
    "dma200" : 83.07,
    "volume" : 676320.00
  }, {
    "date" : "2025-01-28",
    "price" : 61.39,
    "dma50" : 67.56,
    "dma100" : null,
    "dma200" : 82.85,
    "volume" : 462403.00
  }, {
    "date" : "2025-01-29",
    "price" : 59.50,
    "dma50" : 67.24,
    "dma100" : null,
    "dma200" : 82.62,
    "volume" : 965490.00
  }, {
    "date" : "2025-01-30",
    "price" : 58.10,
    "dma50" : 66.89,
    "dma100" : null,
    "dma200" : 82.37,
    "volume" : 893142.00
  }, {
    "date" : "2025-01-31",
    "price" : 58.65,
    "dma50" : 66.56,
    "dma100" : null,
    "dma200" : 82.14,
    "volume" : 277977.00
  }, {
    "date" : "2025-02-01",
    "price" : 57.72,
    "dma50" : 66.22,
    "dma100" : null,
    "dma200" : 81.90,
    "volume" : 598397.00
  }, {
    "date" : "2025-02-03",
    "price" : 56.21,
    "dma50" : 65.82,
    "dma100" : null,
    "dma200" : 81.64,
    "volume" : 455811.00
  }, {
    "date" : "2025-02-04",
    "price" : 58.50,
    "dma50" : 65.54,
    "dma100" : null,
    "dma200" : 81.41,
    "volume" : 423692.00
  }, {
    "date" : "2025-02-05",
    "price" : 59.49,
    "dma50" : 65.30,
    "dma100" : null,
    "dma200" : 81.19,
    "volume" : 772122.00
  }, {
    "date" : "2025-02-06",
    "price" : 58.31,
    "dma50" : 65.03,
    "dma100" : null,
    "dma200" : 80.96,
    "volume" : 364241.00
  }, {
    "date" : "2025-02-07",
    "price" : 58.17,
    "dma50" : 64.76,
    "dma100" : null,
    "dma200" : 80.74,
    "volume" : 486632.00
  }, {
    "date" : "2025-02-10",
    "price" : 57.46,
    "dma50" : 64.47,
    "dma100" : null,
    "dma200" : 80.51,
    "volume" : 163199.00
  }, {
    "date" : "2025-02-11",
    "price" : 56.34,
    "dma50" : 64.15,
    "dma100" : null,
    "dma200" : 80.26,
    "volume" : 449756.00
  }, {
    "date" : "2025-02-12",
    "price" : 56.32,
    "dma50" : 63.84,
    "dma100" : null,
    "dma200" : 80.03,
    "volume" : 506186.00
  }, {
    "date" : "2025-02-13",
    "price" : 56.51,
    "dma50" : 63.56,
    "dma100" : null,
    "dma200" : 79.79,
    "volume" : 188443.00
  }, {
    "date" : "2025-02-14",
    "price" : 55.13,
    "dma50" : 63.23,
    "dma100" : null,
    "dma200" : 79.55,
    "volume" : 343708.00
  }, {
    "date" : "2025-02-17",
    "price" : 54.88,
    "dma50" : 62.90,
    "dma100" : null,
    "dma200" : 79.30,
    "volume" : 458140.00
  }, {
    "date" : "2025-02-18",
    "price" : 54.33,
    "dma50" : 62.56,
    "dma100" : null,
    "dma200" : 79.05,
    "volume" : 358359.00
  }, {
    "date" : "2025-02-19",
    "price" : 53.70,
    "dma50" : 62.22,
    "dma100" : null,
    "dma200" : 78.80,
    "volume" : 795269.00
  }, {
    "date" : "2025-02-20",
    "price" : 53.85,
    "dma50" : 61.89,
    "dma100" : null,
    "dma200" : 78.55,
    "volume" : 379661.00
  }, {
    "date" : "2025-02-21",
    "price" : 53.77,
    "dma50" : 61.57,
    "dma100" : null,
    "dma200" : 78.31,
    "volume" : 496698.00
  }, {
    "date" : "2025-02-24",
    "price" : 52.96,
    "dma50" : 61.23,
    "dma100" : null,
    "dma200" : 78.05,
    "volume" : 299037.00
  }, {
    "date" : "2025-02-25",
    "price" : 52.54,
    "dma50" : 60.89,
    "dma100" : null,
    "dma200" : 77.80,
    "volume" : 198136.00
  }, {
    "date" : "2025-02-27",
    "price" : 52.42,
    "dma50" : 60.56,
    "dma100" : null,
    "dma200" : 77.55,
    "volume" : 744230.00
  }, {
    "date" : "2025-02-28",
    "price" : 51.89,
    "dma50" : 60.22,
    "dma100" : null,
    "dma200" : 77.29,
    "volume" : 540420.00
  }, {
    "date" : "2025-03-03",
    "price" : 52.65,
    "dma50" : 59.92,
    "dma100" : null,
    "dma200" : 77.05,
    "volume" : 593713.00
  }, {
    "date" : "2025-03-04",
    "price" : 53.18,
    "dma50" : 59.66,
    "dma100" : null,
    "dma200" : 76.81,
    "volume" : 531768.00
  }, {
    "date" : "2025-03-05",
    "price" : 54.89,
    "dma50" : 59.47,
    "dma100" : null,
    "dma200" : 76.59,
    "volume" : 685144.00
  }, {
    "date" : "2025-03-06",
    "price" : 55.78,
    "dma50" : 59.33,
    "dma100" : null,
    "dma200" : 76.38,
    "volume" : 592610.00
  }, {
    "date" : "2025-03-07",
    "price" : 55.92,
    "dma50" : 59.19,
    "dma100" : null,
    "dma200" : 76.18,
    "volume" : 620802.00
  }, {
    "date" : "2025-03-10",
    "price" : 54.57,
    "dma50" : 59.01,
    "dma100" : null,
    "dma200" : 75.97,
    "volume" : 642041.00
  }, {
    "date" : "2025-03-11",
    "price" : 55.41,
    "dma50" : 58.87,
    "dma100" : null,
    "dma200" : 75.76,
    "volume" : 526693.00
  }, {
    "date" : "2025-03-12",
    "price" : 54.31,
    "dma50" : 58.69,
    "dma100" : null,
    "dma200" : 75.55,
    "volume" : 2643382.00
  }, {
    "date" : "2025-03-13",
    "price" : 54.15,
    "dma50" : 58.51,
    "dma100" : null,
    "dma200" : 75.33,
    "volume" : 811077.00
  }, {
    "date" : "2025-03-17",
    "price" : 54.65,
    "dma50" : 58.36,
    "dma100" : null,
    "dma200" : 75.13,
    "volume" : 758604.00
  }, {
    "date" : "2025-03-18",
    "price" : 55.19,
    "dma50" : 58.24,
    "dma100" : null,
    "dma200" : 74.93,
    "volume" : 705620.00
  }, {
    "date" : "2025-03-19",
    "price" : 56.53,
    "dma50" : 58.17,
    "dma100" : null,
    "dma200" : 74.75,
    "volume" : 1222745.00
  }, {
    "date" : "2025-03-20",
    "price" : 56.40,
    "dma50" : 58.10,
    "dma100" : null,
    "dma200" : 74.56,
    "volume" : 384886.00
  }, {
    "date" : "2025-03-21",
    "price" : 57.26,
    "dma50" : 58.07,
    "dma100" : null,
    "dma200" : 74.39,
    "volume" : 1044665.00
  }, {
    "date" : "2025-03-24",
    "price" : 57.58,
    "dma50" : 58.05,
    "dma100" : null,
    "dma200" : 74.23,
    "volume" : 1119457.00
  }, {
    "date" : "2025-03-25",
    "price" : 58.26,
    "dma50" : 58.06,
    "dma100" : null,
    "dma200" : 74.07,
    "volume" : 1884822.00
  }, {
    "date" : "2025-03-26",
    "price" : 59.07,
    "dma50" : 58.10,
    "dma100" : null,
    "dma200" : 73.92,
    "volume" : 1108131.00
  }, {
    "date" : "2025-03-27",
    "price" : 60.39,
    "dma50" : 58.19,
    "dma100" : null,
    "dma200" : 73.78,
    "volume" : 2493457.00
  }, {
    "date" : "2025-03-28",
    "price" : 59.43,
    "dma50" : 58.24,
    "dma100" : null,
    "dma200" : 73.64,
    "volume" : 818360.00
  }, {
    "date" : "2025-04-01",
    "price" : 59.27,
    "dma50" : 58.28,
    "dma100" : null,
    "dma200" : 73.50,
    "volume" : 415343.00
  }, {
    "date" : "2025-04-02",
    "price" : 59.66,
    "dma50" : 58.33,
    "dma100" : null,
    "dma200" : 73.36,
    "volume" : 202195.00
  }, {
    "date" : "2025-04-03",
    "price" : 60.21,
    "dma50" : 58.40,
    "dma100" : null,
    "dma200" : 73.23,
    "volume" : 220474.00
  }, {
    "date" : "2025-04-04",
    "price" : 58.60,
    "dma50" : 58.41,
    "dma100" : null,
    "dma200" : 73.08,
    "volume" : 196182.00
  }, {
    "date" : "2025-04-07",
    "price" : 58.45,
    "dma50" : 58.41,
    "dma100" : null,
    "dma200" : 72.94,
    "volume" : 564930.00
  }, {
    "date" : "2025-04-08",
    "price" : 59.69,
    "dma50" : 58.46,
    "dma100" : null,
    "dma200" : 72.81,
    "volume" : 141796.00
  }, {
    "date" : "2025-04-09",
    "price" : 60.96,
    "dma50" : 58.56,
    "dma100" : null,
    "dma200" : 72.69,
    "volume" : 472723.00
  }, {
    "date" : "2025-04-11",
    "price" : 61.18,
    "dma50" : 58.66,
    "dma100" : null,
    "dma200" : 72.57,
    "volume" : 264717.00
  }, {
    "date" : "2025-04-15",
    "price" : 61.89,
    "dma50" : 58.79,
    "dma100" : null,
    "dma200" : 72.47,
    "volume" : 426799.00
  }, {
    "date" : "2025-04-16",
    "price" : 62.85,
    "dma50" : 58.95,
    "dma100" : null,
    "dma200" : 72.37,
    "volume" : 291259.00
  }, {
    "date" : "2025-04-17",
    "price" : 63.65,
    "dma50" : 59.13,
    "dma100" : null,
    "dma200" : 72.28,
    "volume" : 821426.00
  }, {
    "date" : "2025-04-21",
    "price" : 64.95,
    "dma50" : 59.36,
    "dma100" : null,
    "dma200" : 72.21,
    "volume" : 502818.00
  }, {
    "date" : "2025-04-22",
    "price" : 64.74,
    "dma50" : 59.57,
    "dma100" : 62.13,
    "dma200" : 72.14,
    "volume" : 382004.00
  }, {
    "date" : "2025-04-23",
    "price" : 64.10,
    "dma50" : 59.75,
    "dma100" : 61.99,
    "dma200" : 72.06,
    "volume" : 256739.00
  }, {
    "date" : "2025-04-24",
    "price" : 63.59,
    "dma50" : 59.90,
    "dma100" : 61.81,
    "dma200" : 71.97,
    "volume" : 477167.00
  }, {
    "date" : "2025-04-25",
    "price" : 61.02,
    "dma50" : 59.94,
    "dma100" : 61.61,
    "dma200" : 71.86,
    "volume" : 722976.00
  }, {
    "date" : "2025-04-28",
    "price" : 60.83,
    "dma50" : 59.98,
    "dma100" : 61.40,
    "dma200" : 71.75,
    "volume" : 1037899.00
  }, {
    "date" : "2025-04-29",
    "price" : 59.81,
    "dma50" : 59.97,
    "dma100" : 61.19,
    "dma200" : 71.64,
    "volume" : 448401.00
  }, {
    "date" : "2025-04-30",
    "price" : 60.34,
    "dma50" : 59.99,
    "dma100" : 60.96,
    "dma200" : 71.52,
    "volume" : 227702.00
  }, {
    "date" : "2025-05-02",
    "price" : 59.46,
    "dma50" : 59.97,
    "dma100" : 60.73,
    "dma200" : 71.40,
    "volume" : 184199.00
  }, {
    "date" : "2025-05-05",
    "price" : 60.09,
    "dma50" : 59.97,
    "dma100" : 60.51,
    "dma200" : 71.29,
    "volume" : 559836.00
  }, {
    "date" : "2025-05-06",
    "price" : 59.23,
    "dma50" : 59.94,
    "dma100" : 60.28,
    "dma200" : 71.17,
    "volume" : 130064.00
  }, {
    "date" : "2025-05-07",
    "price" : 59.52,
    "dma50" : 59.93,
    "dma100" : 60.07,
    "dma200" : 71.05,
    "volume" : 153923.00
  }, {
    "date" : "2025-05-08",
    "price" : 58.12,
    "dma50" : 59.85,
    "dma100" : 59.85,
    "dma200" : 70.93,
    "volume" : 147801.00
  }, {
    "date" : "2025-05-09",
    "price" : 58.52,
    "dma50" : 59.80,
    "dma100" : 59.64,
    "dma200" : 70.80,
    "volume" : 177544.00
  }, {
    "date" : "2025-05-12",
    "price" : 60.56,
    "dma50" : 59.83,
    "dma100" : 59.44,
    "dma200" : 70.70,
    "volume" : 185450.00
  }, {
    "date" : "2025-05-13",
    "price" : 59.96,
    "dma50" : 59.84,
    "dma100" : 59.25,
    "dma200" : 70.59,
    "volume" : 100270.00
  }, {
    "date" : "2025-05-14",
    "price" : 60.68,
    "dma50" : 59.87,
    "dma100" : 59.08,
    "dma200" : 70.49,
    "volume" : 131839.00
  }, {
    "date" : "2025-05-15",
    "price" : 61.32,
    "dma50" : 59.93,
    "dma100" : 58.93,
    "dma200" : 70.40,
    "volume" : 163170.00
  }, {
    "date" : "2025-05-16",
    "price" : 62.94,
    "dma50" : 60.05,
    "dma100" : 58.88,
    "dma200" : 70.33,
    "volume" : 349230.00
  }, {
    "date" : "2025-05-19",
    "price" : 63.04,
    "dma50" : 60.16,
    "dma100" : 58.83,
    "dma200" : 70.26,
    "volume" : 224779.00
  }, {
    "date" : "2025-05-20",
    "price" : 62.79,
    "dma50" : 60.27,
    "dma100" : 58.83,
    "dma200" : 70.18,
    "volume" : 235105.00
  }, {
    "date" : "2025-05-21",
    "price" : 63.14,
    "dma50" : 60.38,
    "dma100" : 58.83,
    "dma200" : 70.11,
    "volume" : 313097.00
  }, {
    "date" : "2025-05-22",
    "price" : 63.20,
    "dma50" : 60.49,
    "dma100" : 58.85,
    "dma200" : 70.04,
    "volume" : 216585.00
  }, {
    "date" : "2025-05-23",
    "price" : 63.93,
    "dma50" : 60.62,
    "dma100" : 58.86,
    "dma200" : 69.98,
    "volume" : 189413.00
  }, {
    "date" : "2025-05-26",
    "price" : 63.21,
    "dma50" : 60.73,
    "dma100" : 58.87,
    "dma200" : 69.92,
    "volume" : 164274.00
  }, {
    "date" : "2025-05-27",
    "price" : 62.39,
    "dma50" : 60.79,
    "dma100" : 58.87,
    "dma200" : 69.84,
    "volume" : 220494.00
  }, {
    "date" : "2025-05-28",
    "price" : 62.39,
    "dma50" : 60.85,
    "dma100" : 58.89,
    "dma200" : 69.77,
    "volume" : 351229.00
  }, {
    "date" : "2025-05-29",
    "price" : 62.33,
    "dma50" : 60.91,
    "dma100" : 58.90,
    "dma200" : 69.69,
    "volume" : 144333.00
  }, {
    "date" : "2025-05-30",
    "price" : 61.77,
    "dma50" : 60.95,
    "dma100" : 58.89,
    "dma200" : 69.61,
    "volume" : 199915.00
  }, {
    "date" : "2025-06-02",
    "price" : 61.81,
    "dma50" : 60.98,
    "dma100" : 58.89,
    "dma200" : 69.54,
    "volume" : 150776.00
  }, {
    "date" : "2025-06-03",
    "price" : 61.19,
    "dma50" : 60.99,
    "dma100" : 58.91,
    "dma200" : 69.45,
    "volume" : 116374.00
  }, {
    "date" : "2025-06-04",
    "price" : 61.26,
    "dma50" : 61.00,
    "dma100" : 58.91,
    "dma200" : 69.37,
    "volume" : 187451.00
  }, {
    "date" : "2025-06-05",
    "price" : 61.11,
    "dma50" : 61.00,
    "dma100" : 58.91,
    "dma200" : 69.29,
    "volume" : 100097.00
  }, {
    "date" : "2025-06-06",
    "price" : 61.53,
    "dma50" : 61.02,
    "dma100" : 58.94,
    "dma200" : 69.21,
    "volume" : 141516.00
  }, {
    "date" : "2025-06-09",
    "price" : 61.71,
    "dma50" : 61.05,
    "dma100" : 58.98,
    "dma200" : 69.14,
    "volume" : 198141.00
  }, {
    "date" : "2025-06-10",
    "price" : 61.95,
    "dma50" : 61.09,
    "dma100" : 59.04,
    "dma200" : 69.07,
    "volume" : 632884.00
  }, {
    "date" : "2025-06-11",
    "price" : 61.61,
    "dma50" : 61.11,
    "dma100" : 59.08,
    "dma200" : 68.99,
    "volume" : 291037.00
  }, {
    "date" : "2025-06-12",
    "price" : 60.67,
    "dma50" : 61.09,
    "dma100" : 59.09,
    "dma200" : 68.91,
    "volume" : 263536.00
  }, {
    "date" : "2025-06-13",
    "price" : 59.96,
    "dma50" : 61.04,
    "dma100" : 59.08,
    "dma200" : 68.82,
    "volume" : 306832.00
  }, {
    "date" : "2025-06-16",
    "price" : 60.74,
    "dma50" : 61.03,
    "dma100" : 59.08,
    "dma200" : 68.74,
    "volume" : 226153.00
  }, {
    "date" : "2025-06-17",
    "price" : 60.96,
    "dma50" : 61.03,
    "dma100" : 59.08,
    "dma200" : 68.66,
    "volume" : 318873.00
  }, {
    "date" : "2025-06-18",
    "price" : 60.17,
    "dma50" : 61.00,
    "dma100" : 59.08,
    "dma200" : 68.58,
    "volume" : 142893.00
  }, {
    "date" : "2025-06-19",
    "price" : 58.99,
    "dma50" : 60.92,
    "dma100" : 59.07,
    "dma200" : 68.48,
    "volume" : 318687.00
  }, {
    "date" : "2025-06-20",
    "price" : 59.24,
    "dma50" : 60.85,
    "dma100" : 59.04,
    "dma200" : 68.39,
    "volume" : 203307.00
  }, {
    "date" : "2025-06-23",
    "price" : 59.54,
    "dma50" : 60.80,
    "dma100" : 59.01,
    "dma200" : 68.30,
    "volume" : 172557.00
  }, {
    "date" : "2025-06-24",
    "price" : 61.31,
    "dma50" : 60.82,
    "dma100" : 59.02,
    "dma200" : 68.23,
    "volume" : 688618.00
  }, {
    "date" : "2025-06-25",
    "price" : 62.37,
    "dma50" : 60.88,
    "dma100" : 59.03,
    "dma200" : 68.17,
    "volume" : 554990.00
  }, {
    "date" : "2025-06-26",
    "price" : 63.07,
    "dma50" : 60.97,
    "dma100" : 59.06,
    "dma200" : 68.12,
    "volume" : 519345.00
  }, {
    "date" : "2025-06-27",
    "price" : 64.11,
    "dma50" : 61.09,
    "dma100" : 59.12,
    "dma200" : 68.08,
    "volume" : 414288.00
  }, {
    "date" : "2025-06-30",
    "price" : 64.39,
    "dma50" : 61.22,
    "dma100" : 59.18,
    "dma200" : 68.05,
    "volume" : 278488.00
  }, {
    "date" : "2025-07-01",
    "price" : 65.03,
    "dma50" : 61.37,
    "dma100" : 59.26,
    "dma200" : 68.02,
    "volume" : 418916.00
  }, {
    "date" : "2025-07-02",
    "price" : 66.22,
    "dma50" : 61.56,
    "dma100" : 59.36,
    "dma200" : 68.00,
    "volume" : 422758.00
  }, {
    "date" : "2025-07-03",
    "price" : 66.11,
    "dma50" : 61.74,
    "dma100" : 59.43,
    "dma200" : 67.98,
    "volume" : 465649.00
  }, {
    "date" : "2025-07-04",
    "price" : 67.03,
    "dma50" : 61.95,
    "dma100" : 59.51,
    "dma200" : 67.97,
    "volume" : 388274.00
  }, {
    "date" : "2025-07-07",
    "price" : 66.20,
    "dma50" : 62.11,
    "dma100" : 59.59,
    "dma200" : 67.95,
    "volume" : 231583.00
  }, {
    "date" : "2025-07-08",
    "price" : 66.17,
    "dma50" : 62.27,
    "dma100" : 59.67,
    "dma200" : 67.94,
    "volume" : 157787.00
  }, {
    "date" : "2025-07-09",
    "price" : 66.25,
    "dma50" : 62.43,
    "dma100" : 59.75,
    "dma200" : 67.92,
    "volume" : 535249.00
  }, {
    "date" : "2025-07-10",
    "price" : 65.66,
    "dma50" : 62.55,
    "dma100" : 59.85,
    "dma200" : 67.90,
    "volume" : 129002.00
  }, {
    "date" : "2025-07-11",
    "price" : 65.59,
    "dma50" : 62.67,
    "dma100" : 59.94,
    "dma200" : 67.87,
    "volume" : 141932.00
  }, {
    "date" : "2025-07-14",
    "price" : 65.73,
    "dma50" : 62.79,
    "dma100" : 60.03,
    "dma200" : 67.85,
    "volume" : 217866.00
  }, {
    "date" : "2025-07-15",
    "price" : 66.04,
    "dma50" : 62.92,
    "dma100" : 60.14,
    "dma200" : 67.83,
    "volume" : 256365.00
  }, {
    "date" : "2025-07-16",
    "price" : 66.17,
    "dma50" : 63.05,
    "dma100" : 60.25,
    "dma200" : 67.82,
    "volume" : 195557.00
  }, {
    "date" : "2025-07-17",
    "price" : 66.58,
    "dma50" : 63.19,
    "dma100" : 60.38,
    "dma200" : 67.80,
    "volume" : 110297.00
  }, {
    "date" : "2025-07-18",
    "price" : 66.57,
    "dma50" : 63.32,
    "dma100" : 60.50,
    "dma200" : 67.79,
    "volume" : 312715.00
  }, {
    "date" : "2025-07-21",
    "price" : 68.83,
    "dma50" : 63.53,
    "dma100" : 60.65,
    "dma200" : 67.80,
    "volume" : 926454.00
  }, {
    "date" : "2025-07-22",
    "price" : 69.32,
    "dma50" : 63.76,
    "dma100" : 60.81,
    "dma200" : 67.82,
    "volume" : 502103.00
  }, {
    "date" : "2025-07-23",
    "price" : 69.30,
    "dma50" : 63.98,
    "dma100" : 60.97,
    "dma200" : 67.83,
    "volume" : 209654.00
  }, {
    "date" : "2025-07-24",
    "price" : 69.28,
    "dma50" : 64.19,
    "dma100" : 61.14,
    "dma200" : 67.85,
    "volume" : 290402.00
  }, {
    "date" : "2025-07-25",
    "price" : 68.31,
    "dma50" : 64.35,
    "dma100" : 61.30,
    "dma200" : 67.85,
    "volume" : 242624.00
  }, {
    "date" : "2025-07-28",
    "price" : 67.86,
    "dma50" : 64.49,
    "dma100" : 61.46,
    "dma200" : 67.85,
    "volume" : 378617.00
  }, {
    "date" : "2025-07-29",
    "price" : 68.19,
    "dma50" : 64.63,
    "dma100" : 61.61,
    "dma200" : 67.86,
    "volume" : 522766.00
  }, {
    "date" : "2025-07-30",
    "price" : 68.87,
    "dma50" : 64.80,
    "dma100" : 61.77,
    "dma200" : 67.87,
    "volume" : 199577.00
  }, {
    "date" : "2025-07-31",
    "price" : 66.31,
    "dma50" : 64.86,
    "dma100" : 61.89,
    "dma200" : 67.85,
    "volume" : 654464.00
  }, {
    "date" : "2025-08-01",
    "price" : 67.54,
    "dma50" : 64.96,
    "dma100" : 62.00,
    "dma200" : 67.85,
    "volume" : 189929.00
  }, {
    "date" : "2025-08-04",
    "price" : 68.17,
    "dma50" : 65.09,
    "dma100" : 62.13,
    "dma200" : 67.85,
    "volume" : 174782.00
  }, {
    "date" : "2025-08-05",
    "price" : 67.10,
    "dma50" : 65.17,
    "dma100" : 62.25,
    "dma200" : 67.84,
    "volume" : 101378.00
  }, {
    "date" : "2025-08-06",
    "price" : 65.65,
    "dma50" : 65.19,
    "dma100" : 62.35,
    "dma200" : 67.82,
    "volume" : 102250.00
  }, {
    "date" : "2025-08-07",
    "price" : 66.65,
    "dma50" : 65.24,
    "dma100" : 62.48,
    "dma200" : 67.81,
    "volume" : 298036.00
  }, {
    "date" : "2025-08-08",
    "price" : 65.21,
    "dma50" : 65.24,
    "dma100" : 62.59,
    "dma200" : 67.78,
    "volume" : 151197.00
  }, {
    "date" : "2025-08-11",
    "price" : 65.73,
    "dma50" : 65.26,
    "dma100" : 62.70,
    "dma200" : 67.76,
    "volume" : 101761.00
  }, {
    "date" : "2025-08-12",
    "price" : 65.76,
    "dma50" : 65.28,
    "dma100" : 62.80,
    "dma200" : 67.74,
    "volume" : 83520.00
  }, {
    "date" : "2025-08-13",
    "price" : 65.03,
    "dma50" : 65.27,
    "dma100" : 62.89,
    "dma200" : 67.72,
    "volume" : 98441.00
  }, {
    "date" : "2025-08-14",
    "price" : 64.52,
    "dma50" : 65.24,
    "dma100" : 62.97,
    "dma200" : 67.68,
    "volume" : 110564.00
  }, {
    "date" : "2025-08-18",
    "price" : 66.19,
    "dma50" : 65.28,
    "dma100" : 63.06,
    "dma200" : 67.67,
    "volume" : 252694.00
  }, {
    "date" : "2025-08-19",
    "price" : 66.29,
    "dma50" : 65.32,
    "dma100" : 63.15,
    "dma200" : 67.66,
    "volume" : 232546.00
  }, {
    "date" : "2025-08-20",
    "price" : 66.32,
    "dma50" : 65.36,
    "dma100" : 63.23,
    "dma200" : 67.64,
    "volume" : 61481.00
  }, {
    "date" : "2025-08-21",
    "price" : 65.76,
    "dma50" : 65.37,
    "dma100" : 63.29,
    "dma200" : 67.62,
    "volume" : 57231.00
  }, {
    "date" : "2025-08-22",
    "price" : 65.95,
    "dma50" : 65.40,
    "dma100" : 63.35,
    "dma200" : 67.61,
    "volume" : 424919.00
  }, {
    "date" : "2025-08-25",
    "price" : 65.48,
    "dma50" : 65.40,
    "dma100" : 63.41,
    "dma200" : 67.59,
    "volume" : 127836.00
  }, {
    "date" : "2025-08-26",
    "price" : 64.36,
    "dma50" : 65.36,
    "dma100" : 63.46,
    "dma200" : 67.55,
    "volume" : 576434.00
  }, {
    "date" : "2025-08-28",
    "price" : 62.95,
    "dma50" : 65.26,
    "dma100" : 63.49,
    "dma200" : 67.51,
    "volume" : 145915.00
  }, {
    "date" : "2025-08-29",
    "price" : 62.84,
    "dma50" : 65.17,
    "dma100" : 63.52,
    "dma200" : 67.46,
    "volume" : 103429.00
  }, {
    "date" : "2025-09-01",
    "price" : 63.78,
    "dma50" : 65.11,
    "dma100" : 63.57,
    "dma200" : 67.42,
    "volume" : 96486.00
  }, {
    "date" : "2025-09-02",
    "price" : 63.99,
    "dma50" : 65.07,
    "dma100" : 63.63,
    "dma200" : 67.39,
    "volume" : 134116.00
  }, {
    "date" : "2025-09-03",
    "price" : 64.66,
    "dma50" : 65.05,
    "dma100" : 63.68,
    "dma200" : 67.36,
    "volume" : 116239.00
  }, {
    "date" : "2025-09-04",
    "price" : 63.93,
    "dma50" : 65.01,
    "dma100" : 63.71,
    "dma200" : 67.33,
    "volume" : 180990.00
  }, {
    "date" : "2025-09-05",
    "price" : 64.20,
    "dma50" : 64.98,
    "dma100" : 63.74,
    "dma200" : 67.30,
    "volume" : 52410.00
  }, {
    "date" : "2025-09-08",
    "price" : 64.61,
    "dma50" : 64.96,
    "dma100" : 63.76,
    "dma200" : 67.27,
    "volume" : 97491.00
  }, {
    "date" : "2025-09-09",
    "price" : 63.86,
    "dma50" : 64.92,
    "dma100" : 63.77,
    "dma200" : 67.24,
    "volume" : 36660.00
  }, {
    "date" : "2025-09-10",
    "price" : 63.95,
    "dma50" : 64.88,
    "dma100" : 63.78,
    "dma200" : 67.20,
    "volume" : 64262.00
  }, {
    "date" : "2025-09-11",
    "price" : 63.10,
    "dma50" : 64.81,
    "dma100" : 63.76,
    "dma200" : 67.16,
    "volume" : 211842.00
  }, {
    "date" : "2025-09-12",
    "price" : 63.50,
    "dma50" : 64.76,
    "dma100" : 63.75,
    "dma200" : 67.13,
    "volume" : 107621.00
  }, {
    "date" : "2025-09-15",
    "price" : 64.02,
    "dma50" : 64.73,
    "dma100" : 63.75,
    "dma200" : 67.10,
    "volume" : 89561.00
  }, {
    "date" : "2025-09-16",
    "price" : 64.57,
    "dma50" : 64.73,
    "dma100" : 63.76,
    "dma200" : 67.07,
    "volume" : 87868.00
  }, {
    "date" : "2025-09-17",
    "price" : 65.44,
    "dma50" : 64.75,
    "dma100" : 63.80,
    "dma200" : 67.05,
    "volume" : 149374.00
  }, {
    "date" : "2025-09-18",
    "price" : 65.21,
    "dma50" : 64.77,
    "dma100" : 63.84,
    "dma200" : 67.04,
    "volume" : 123235.00
  }, {
    "date" : "2025-09-19",
    "price" : 65.65,
    "dma50" : 64.81,
    "dma100" : 63.90,
    "dma200" : 67.02,
    "volume" : 199730.00
  }, {
    "date" : "2025-09-22",
    "price" : 67.26,
    "dma50" : 64.90,
    "dma100" : 63.97,
    "dma200" : 67.03,
    "volume" : 849218.00
  }, {
    "date" : "2025-09-23",
    "price" : 66.65,
    "dma50" : 64.97,
    "dma100" : 64.04,
    "dma200" : 67.02,
    "volume" : 350874.00
  }, {
    "date" : "2025-09-24",
    "price" : 65.50,
    "dma50" : 64.99,
    "dma100" : 64.10,
    "dma200" : 67.01,
    "volume" : 223352.00
  }, {
    "date" : "2025-09-25",
    "price" : 65.68,
    "dma50" : 65.02,
    "dma100" : 64.16,
    "dma200" : 66.99,
    "volume" : 232941.00
  }, {
    "date" : "2025-09-26",
    "price" : 64.08,
    "dma50" : 64.98,
    "dma100" : 64.21,
    "dma200" : 66.96,
    "volume" : 156345.00
  }, {
    "date" : "2025-09-29",
    "price" : 63.86,
    "dma50" : 64.94,
    "dma100" : 64.26,
    "dma200" : 66.93,
    "volume" : 95298.00
  }, {
    "date" : "2025-09-30",
    "price" : 64.39,
    "dma50" : 64.92,
    "dma100" : 64.32,
    "dma200" : 66.91,
    "volume" : 42837.00
  }, {
    "date" : "2025-10-01",
    "price" : 64.40,
    "dma50" : 64.90,
    "dma100" : 64.36,
    "dma200" : 66.88,
    "volume" : 176028.00
  }, {
    "date" : "2025-10-03",
    "price" : 65.22,
    "dma50" : 64.91,
    "dma100" : 64.41,
    "dma200" : 66.87,
    "volume" : 155912.00
  }, {
    "date" : "2025-10-06",
    "price" : 64.75,
    "dma50" : 64.90,
    "dma100" : 64.46,
    "dma200" : 66.85,
    "volume" : 114429.00
  }, {
    "date" : "2025-10-07",
    "price" : 64.53,
    "dma50" : 64.89,
    "dma100" : 64.49,
    "dma200" : 66.82,
    "volume" : 107736.00
  }, {
    "date" : "2025-10-08",
    "price" : 63.92,
    "dma50" : 64.85,
    "dma100" : 64.50,
    "dma200" : 66.79,
    "volume" : 168774.00
  }, {
    "date" : "2025-10-09",
    "price" : 63.93,
    "dma50" : 64.81,
    "dma100" : 64.51,
    "dma200" : 66.76,
    "volume" : 101233.00
  }, {
    "date" : "2025-10-10",
    "price" : 64.45,
    "dma50" : 64.80,
    "dma100" : 64.52,
    "dma200" : 66.74,
    "volume" : 88311.00
  }, {
    "date" : "2025-10-13",
    "price" : 64.16,
    "dma50" : 64.77,
    "dma100" : 64.53,
    "dma200" : 66.72,
    "volume" : 57317.00
  }, {
    "date" : "2025-10-14",
    "price" : 64.08,
    "dma50" : 64.75,
    "dma100" : 64.54,
    "dma200" : 66.69,
    "volume" : 54730.00
  }, {
    "date" : "2025-10-15",
    "price" : 64.61,
    "dma50" : 64.74,
    "dma100" : 64.55,
    "dma200" : 66.67,
    "volume" : 165239.00
  }, {
    "date" : "2025-10-16",
    "price" : 64.88,
    "dma50" : 64.75,
    "dma100" : 64.57,
    "dma200" : 66.65,
    "volume" : 68176.00
  }, {
    "date" : "2025-10-17",
    "price" : 63.99,
    "dma50" : 64.72,
    "dma100" : 64.58,
    "dma200" : 66.62,
    "volume" : 89884.00
  }, {
    "date" : "2025-10-20",
    "price" : 64.59,
    "dma50" : 64.71,
    "dma100" : 64.60,
    "dma200" : 66.60,
    "volume" : 93326.00
  }, {
    "date" : "2025-10-21",
    "price" : 64.68,
    "dma50" : 64.71,
    "dma100" : 64.63,
    "dma200" : 66.59,
    "volume" : 57455.00
  }, {
    "date" : "2025-10-23",
    "price" : 64.59,
    "dma50" : 64.71,
    "dma100" : 64.65,
    "dma200" : 66.57,
    "volume" : 110937.00
  }, {
    "date" : "2025-10-24",
    "price" : 63.76,
    "dma50" : 64.67,
    "dma100" : 64.67,
    "dma200" : 66.54,
    "volume" : 710364.00
  }, {
    "date" : "2025-10-27",
    "price" : 64.14,
    "dma50" : 64.65,
    "dma100" : 64.70,
    "dma200" : 66.51,
    "volume" : 107392.00
  }, {
    "date" : "2025-10-28",
    "price" : 63.69,
    "dma50" : 64.61,
    "dma100" : 64.73,
    "dma200" : 66.49,
    "volume" : 101133.00
  }, {
    "date" : "2025-10-29",
    "price" : 65.63,
    "dma50" : 64.65,
    "dma100" : 64.77,
    "dma200" : 66.48,
    "volume" : 602025.00
  }, {
    "date" : "2025-10-30",
    "price" : 65.37,
    "dma50" : 64.68,
    "dma100" : 64.81,
    "dma200" : 66.47,
    "volume" : 53828.00
  }, {
    "date" : "2025-10-31",
    "price" : 65.02,
    "dma50" : 64.69,
    "dma100" : 64.84,
    "dma200" : 66.45,
    "volume" : 174614.00
  }, {
    "date" : "2025-11-03",
    "price" : 66.40,
    "dma50" : 64.76,
    "dma100" : 64.89,
    "dma200" : 66.45,
    "volume" : 774418.00
  }, {
    "date" : "2025-11-04",
    "price" : 65.58,
    "dma50" : 64.79,
    "dma100" : 64.93,
    "dma200" : 66.44,
    "volume" : 234115.00
  }, {
    "date" : "2025-11-06",
    "price" : 64.55,
    "dma50" : 64.78,
    "dma100" : 64.97,
    "dma200" : 66.42,
    "volume" : 117379.00
  }, {
    "date" : "2025-11-07",
    "price" : 64.35,
    "dma50" : 64.77,
    "dma100" : 65.01,
    "dma200" : 66.40,
    "volume" : 194693.00
  }, {
    "date" : "2025-11-10",
    "price" : 64.22,
    "dma50" : 64.74,
    "dma100" : 65.05,
    "dma200" : 66.38,
    "volume" : 90333.00
  }, {
    "date" : "2025-11-11",
    "price" : 64.41,
    "dma50" : 64.73,
    "dma100" : 65.08,
    "dma200" : 66.36,
    "volume" : 46615.00
  }, {
    "date" : "2025-11-12",
    "price" : 64.86,
    "dma50" : 64.74,
    "dma100" : 65.13,
    "dma200" : 66.35,
    "volume" : 169124.00
  }, {
    "date" : "2025-11-13",
    "price" : 64.32,
    "dma50" : 64.72,
    "dma100" : 65.18,
    "dma200" : 66.33,
    "volume" : 104808.00
  }, {
    "date" : "2025-11-14",
    "price" : 64.67,
    "dma50" : 64.72,
    "dma100" : 65.24,
    "dma200" : 66.31,
    "volume" : 150447.00
  }, {
    "date" : "2025-11-17",
    "price" : 64.47,
    "dma50" : 64.71,
    "dma100" : 65.28,
    "dma200" : 66.29,
    "volume" : 83444.00
  }, {
    "date" : "2025-11-18",
    "price" : 63.86,
    "dma50" : 64.67,
    "dma100" : 65.31,
    "dma200" : 66.27,
    "volume" : 705393.00
  }, {
    "date" : "2025-11-19",
    "price" : 63.79,
    "dma50" : 64.64,
    "dma100" : 65.32,
    "dma200" : 66.24,
    "volume" : 178972.00
  }, {
    "date" : "2025-11-20",
    "price" : 63.74,
    "dma50" : 64.60,
    "dma100" : 65.33,
    "dma200" : 66.22,
    "volume" : 174272.00
  }, {
    "date" : "2025-11-21",
    "price" : 62.81,
    "dma50" : 64.53,
    "dma100" : 65.32,
    "dma200" : 66.18,
    "volume" : 158130.00
  }, {
    "date" : "2025-11-24",
    "price" : 62.87,
    "dma50" : 64.47,
    "dma100" : 65.30,
    "dma200" : 66.15,
    "volume" : 687017.00
  } ],
  "latestTechnicalAttributes" : {
    "date" : "2025-11-24",
    "price" : 62.87,
    "dma50" : 64.47,
    "dma100" : 65.30,
    "dma200" : 66.15,
    "volume" : 687017.00
  },
  "quarterlyResults" : [ {
    "date" : "2005-03-31",
    "sales" : 105.99,
    "salesGrowthYoY" : null,
    "grossProfitMargin" : 72.78,
    "grossProfit" : 77.14,
    "operatingProfitMargin" : 34.95,
    "operatingProfit" : 37.04,
    "netProfitMargin" : 6.65,
    "netProfit" : 7.05
  }, {
    "date" : "2005-06-30",
    "sales" : 123.03,
    "salesGrowthYoY" : null,
    "grossProfitMargin" : 63.98,
    "grossProfit" : 78.71,
    "operatingProfitMargin" : 20.90,
    "operatingProfit" : 25.71,
    "netProfitMargin" : 4.06,
    "netProfit" : 5.00
  }, {
    "date" : "2005-09-30",
    "sales" : 104.62,
    "salesGrowthYoY" : null,
    "grossProfitMargin" : 65.96,
    "grossProfit" : 69.01,
    "operatingProfitMargin" : 19.16,
    "operatingProfit" : 20.05,
    "netProfitMargin" : 6.02,
    "netProfit" : 6.30
  }, {
    "date" : "2005-12-31",
    "sales" : 155.01,
    "salesGrowthYoY" : null,
    "grossProfitMargin" : 81.09,
    "grossProfit" : 125.70,
    "operatingProfitMargin" : 36.86,
    "operatingProfit" : 57.14,
    "netProfitMargin" : 20.46,
    "netProfit" : 31.72
  }, {
    "date" : "2006-03-31",
    "sales" : 176.84,
    "salesGrowthYoY" : 66.85,
    "grossProfitMargin" : 71.04,
    "grossProfit" : 125.63,
    "operatingProfitMargin" : 21.68,
    "operatingProfit" : 38.34,
    "netProfitMargin" : 22.12,
    "netProfit" : 39.12
  }, {
    "date" : "2006-06-30",
    "sales" : 203.68,
    "salesGrowthYoY" : 65.55,
    "grossProfitMargin" : 73.56,
    "grossProfit" : 149.83,
    "operatingProfitMargin" : 33.22,
    "operatingProfit" : 67.66,
    "netProfitMargin" : 14.62,
    "netProfit" : 29.78
  }, {
    "date" : "2006-09-30",
    "sales" : 166.85,
    "salesGrowthYoY" : 59.48,
    "grossProfitMargin" : 77.34,
    "grossProfit" : 129.04,
    "operatingProfitMargin" : 35.11,
    "operatingProfit" : 58.58,
    "netProfitMargin" : 14.22,
    "netProfit" : 23.73
  }, {
    "date" : "2006-12-31",
    "sales" : 183.41,
    "salesGrowthYoY" : 18.32,
    "grossProfitMargin" : 71.90,
    "grossProfit" : 131.87,
    "operatingProfitMargin" : 32.93,
    "operatingProfit" : 60.40,
    "netProfitMargin" : 12.67,
    "netProfit" : 23.24
  }, {
    "date" : "2007-03-31",
    "sales" : 264.04,
    "salesGrowthYoY" : 49.31,
    "grossProfitMargin" : 76.10,
    "grossProfit" : 200.93,
    "operatingProfitMargin" : 43.59,
    "operatingProfit" : 115.10,
    "netProfitMargin" : 25.15,
    "netProfit" : 66.41
  }, {
    "date" : "2007-06-30",
    "sales" : 214.53,
    "salesGrowthYoY" : 5.33,
    "grossProfitMargin" : 72.56,
    "grossProfit" : 155.66,
    "operatingProfitMargin" : 35.77,
    "operatingProfit" : 76.74,
    "netProfitMargin" : 14.57,
    "netProfit" : 31.26
  }, {
    "date" : "2007-09-30",
    "sales" : 185.84,
    "salesGrowthYoY" : 11.38,
    "grossProfitMargin" : 73.11,
    "grossProfit" : 135.87,
    "operatingProfitMargin" : 26.58,
    "operatingProfit" : 49.40,
    "netProfitMargin" : 8.75,
    "netProfit" : 16.26
  }, {
    "date" : "2007-12-31",
    "sales" : 201.01,
    "salesGrowthYoY" : 9.60,
    "grossProfitMargin" : 65.81,
    "grossProfit" : 132.28,
    "operatingProfitMargin" : 25.88,
    "operatingProfit" : 52.02,
    "netProfitMargin" : 10.42,
    "netProfit" : 20.95
  }, {
    "date" : "2008-03-31",
    "sales" : 245.12,
    "salesGrowthYoY" : -7.17,
    "grossProfitMargin" : 71.68,
    "grossProfit" : 175.70,
    "operatingProfitMargin" : 32.98,
    "operatingProfit" : 80.84,
    "netProfitMargin" : 15.11,
    "netProfit" : 37.04
  }, {
    "date" : "2008-06-30",
    "sales" : 223.94,
    "salesGrowthYoY" : 4.39,
    "grossProfitMargin" : 62.05,
    "grossProfit" : 138.95,
    "operatingProfitMargin" : 20.21,
    "operatingProfit" : 45.26,
    "netProfitMargin" : 3.29,
    "netProfit" : 7.37
  }, {
    "date" : "2008-09-30",
    "sales" : 166.74,
    "salesGrowthYoY" : -10.28,
    "grossProfitMargin" : 55.41,
    "grossProfit" : 92.39,
    "operatingProfitMargin" : 22.00,
    "operatingProfit" : 36.68,
    "netProfitMargin" : 2.45,
    "netProfit" : 4.09
  }, {
    "date" : "2008-12-31",
    "sales" : 187.95,
    "salesGrowthYoY" : -6.50,
    "grossProfitMargin" : 66.84,
    "grossProfit" : 125.63,
    "operatingProfitMargin" : 29.69,
    "operatingProfit" : 55.80,
    "netProfitMargin" : 9.51,
    "netProfit" : 17.87
  }, {
    "date" : "2009-03-31",
    "sales" : 227.72,
    "salesGrowthYoY" : -7.10,
    "grossProfitMargin" : 64.88,
    "grossProfit" : 147.74,
    "operatingProfitMargin" : 26.67,
    "operatingProfit" : 60.73,
    "netProfitMargin" : 10.20,
    "netProfit" : 23.23
  }, {
    "date" : "2009-06-30",
    "sales" : 191.49,
    "salesGrowthYoY" : -14.49,
    "grossProfitMargin" : 69.23,
    "grossProfit" : 132.57,
    "operatingProfitMargin" : 30.35,
    "operatingProfit" : 58.12,
    "netProfitMargin" : 9.89,
    "netProfit" : 18.94
  }, {
    "date" : "2009-09-30",
    "sales" : 156.79,
    "salesGrowthYoY" : -5.97,
    "grossProfitMargin" : 72.31,
    "grossProfit" : 113.37,
    "operatingProfitMargin" : 28.15,
    "operatingProfit" : 44.14,
    "netProfitMargin" : 2.97,
    "netProfit" : 4.66
  }, {
    "date" : "2009-12-31",
    "sales" : 132.76,
    "salesGrowthYoY" : -29.36,
    "grossProfitMargin" : 47.48,
    "grossProfit" : 63.03,
    "operatingProfitMargin" : 9.36,
    "operatingProfit" : 12.43,
    "netProfitMargin" : -17.64,
    "netProfit" : -23.42
  }, {
    "date" : "2010-03-31",
    "sales" : 184.53,
    "salesGrowthYoY" : -18.97,
    "grossProfitMargin" : 73.68,
    "grossProfit" : 135.96,
    "operatingProfitMargin" : 29.85,
    "operatingProfit" : 55.08,
    "netProfitMargin" : 14.45,
    "netProfit" : 26.66
  }, {
    "date" : "2010-06-30",
    "sales" : 209.10,
    "salesGrowthYoY" : 9.20,
    "grossProfitMargin" : 65.36,
    "grossProfit" : 136.67,
    "operatingProfitMargin" : 22.14,
    "operatingProfit" : 46.29,
    "netProfitMargin" : 2.23,
    "netProfit" : 4.66
  }, {
    "date" : "2010-09-30",
    "sales" : 125.33,
    "salesGrowthYoY" : -20.07,
    "grossProfitMargin" : 52.66,
    "grossProfit" : 66.00,
    "operatingProfitMargin" : 6.15,
    "operatingProfit" : 7.71,
    "netProfitMargin" : -12.46,
    "netProfit" : -15.62
  }, {
    "date" : "2010-12-31",
    "sales" : 117.54,
    "salesGrowthYoY" : -11.46,
    "grossProfitMargin" : 63.60,
    "grossProfit" : 74.76,
    "operatingProfitMargin" : 6.09,
    "operatingProfit" : 7.16,
    "netProfitMargin" : -18.41,
    "netProfit" : -21.64
  }, {
    "date" : "2011-03-31",
    "sales" : 253.05,
    "salesGrowthYoY" : 37.13,
    "grossProfitMargin" : 58.24,
    "grossProfit" : 147.38,
    "operatingProfitMargin" : 14.85,
    "operatingProfit" : 37.58,
    "netProfitMargin" : -1.50,
    "netProfit" : -3.80
  }, {
    "date" : "2011-06-30",
    "sales" : 194.46,
    "salesGrowthYoY" : -7.00,
    "grossProfitMargin" : 69.27,
    "grossProfit" : 134.70,
    "operatingProfitMargin" : 24.81,
    "operatingProfit" : 48.25,
    "netProfitMargin" : 1.09,
    "netProfit" : 2.12
  }, {
    "date" : "2011-09-30",
    "sales" : 155.60,
    "salesGrowthYoY" : 24.15,
    "grossProfitMargin" : 59.34,
    "grossProfit" : 92.33,
    "operatingProfitMargin" : 4.44,
    "operatingProfit" : 6.91,
    "netProfitMargin" : -24.00,
    "netProfit" : -37.34
  }, {
    "date" : "2011-12-31",
    "sales" : 227.12,
    "salesGrowthYoY" : 93.23,
    "grossProfitMargin" : 66.78,
    "grossProfit" : 151.67,
    "operatingProfitMargin" : 21.25,
    "operatingProfit" : 48.26,
    "netProfitMargin" : 1.33,
    "netProfit" : 3.02
  }, {
    "date" : "2012-03-31",
    "sales" : 297.13,
    "salesGrowthYoY" : 17.42,
    "grossProfitMargin" : 62.44,
    "grossProfit" : 185.53,
    "operatingProfitMargin" : 18.82,
    "operatingProfit" : 55.92,
    "netProfitMargin" : 4.21,
    "netProfit" : 12.51
  }, {
    "date" : "2012-06-30",
    "sales" : 294.22,
    "salesGrowthYoY" : 51.30,
    "grossProfitMargin" : 68.97,
    "grossProfit" : 202.92,
    "operatingProfitMargin" : 25.56,
    "operatingProfit" : 75.20,
    "netProfitMargin" : 35.24,
    "netProfit" : 103.68
  }, {
    "date" : "2012-09-30",
    "sales" : 214.13,
    "salesGrowthYoY" : 37.62,
    "grossProfitMargin" : 70.19,
    "grossProfit" : 150.30,
    "operatingProfitMargin" : 21.62,
    "operatingProfit" : 46.29,
    "netProfitMargin" : 8.49,
    "netProfit" : 18.18
  }, {
    "date" : "2013-03-31",
    "sales" : 288.02,
    "salesGrowthYoY" : 26.81,
    "grossProfitMargin" : 75.09,
    "grossProfit" : 216.27,
    "operatingProfitMargin" : 25.38,
    "operatingProfit" : 73.10,
    "netProfitMargin" : 14.53,
    "netProfit" : 41.85
  }, {
    "date" : "2013-06-30",
    "sales" : 221.22,
    "salesGrowthYoY" : -25.55,
    "grossProfitMargin" : 68.80,
    "grossProfit" : 152.20,
    "operatingProfitMargin" : 10.59,
    "operatingProfit" : 23.43,
    "netProfitMargin" : -16.16,
    "netProfit" : -35.75
  }, {
    "date" : "2013-09-30",
    "sales" : 185.28,
    "salesGrowthYoY" : -37.03,
    "grossProfitMargin" : 62.14,
    "grossProfit" : 115.13,
    "operatingProfitMargin" : 10.91,
    "operatingProfit" : 20.21,
    "netProfitMargin" : -10.00,
    "netProfit" : -18.53
  }, {
    "date" : "2013-12-31",
    "sales" : 285.52,
    "salesGrowthYoY" : 33.34,
    "grossProfitMargin" : 56.88,
    "grossProfit" : 162.40,
    "operatingProfitMargin" : 14.29,
    "operatingProfit" : 40.80,
    "netProfitMargin" : 2.62,
    "netProfit" : 7.48
  }, {
    "date" : "2014-03-31",
    "sales" : 328.68,
    "salesGrowthYoY" : 14.12,
    "grossProfitMargin" : 73.82,
    "grossProfit" : 242.63,
    "operatingProfitMargin" : 18.97,
    "operatingProfit" : 62.35,
    "netProfitMargin" : 7.66,
    "netProfit" : 25.18
  }, {
    "date" : "2014-06-30",
    "sales" : 288.80,
    "salesGrowthYoY" : 30.55,
    "grossProfitMargin" : 73.09,
    "grossProfit" : 211.08,
    "operatingProfitMargin" : 24.11,
    "operatingProfit" : 69.63,
    "netProfitMargin" : 12.28,
    "netProfit" : 35.46
  }, {
    "date" : "2014-09-30",
    "sales" : 179.79,
    "salesGrowthYoY" : -2.96,
    "grossProfitMargin" : 68.84,
    "grossProfit" : 123.77,
    "operatingProfitMargin" : 18.47,
    "operatingProfit" : 33.21,
    "netProfitMargin" : 1.02,
    "netProfit" : 1.83
  }, {
    "date" : "2014-12-31",
    "sales" : 242.14,
    "salesGrowthYoY" : -15.19,
    "grossProfitMargin" : 66.82,
    "grossProfit" : 161.80,
    "operatingProfitMargin" : 14.51,
    "operatingProfit" : 35.13,
    "netProfitMargin" : 2.94,
    "netProfit" : 7.12
  }, {
    "date" : "2015-03-31",
    "sales" : 248.16,
    "salesGrowthYoY" : -24.50,
    "grossProfitMargin" : 74.31,
    "grossProfit" : 184.41,
    "operatingProfitMargin" : 21.15,
    "operatingProfit" : 52.49,
    "netProfitMargin" : 8.75,
    "netProfit" : 21.71
  }, {
    "date" : "2015-06-30",
    "sales" : 262.50,
    "salesGrowthYoY" : -9.11,
    "grossProfitMargin" : 67.91,
    "grossProfit" : 178.26,
    "operatingProfitMargin" : 14.06,
    "operatingProfit" : 36.91,
    "netProfitMargin" : 0.10,
    "netProfit" : 0.26
  }, {
    "date" : "2015-09-30",
    "sales" : 207.43,
    "salesGrowthYoY" : 15.37,
    "grossProfitMargin" : 65.96,
    "grossProfit" : 136.82,
    "operatingProfitMargin" : 12.03,
    "operatingProfit" : 24.95,
    "netProfitMargin" : -0.71,
    "netProfit" : -1.47
  }, {
    "date" : "2015-12-31",
    "sales" : 237.80,
    "salesGrowthYoY" : -1.79,
    "grossProfitMargin" : 75.04,
    "grossProfit" : 178.45,
    "operatingProfitMargin" : 21.27,
    "operatingProfit" : 50.58,
    "netProfitMargin" : 9.92,
    "netProfit" : 23.59
  }, {
    "date" : "2016-03-31",
    "sales" : 316.55,
    "salesGrowthYoY" : 27.56,
    "grossProfitMargin" : 68.46,
    "grossProfit" : 216.71,
    "operatingProfitMargin" : 23.77,
    "operatingProfit" : 75.24,
    "netProfitMargin" : 18.14,
    "netProfit" : 57.42
  }, {
    "date" : "2016-06-30",
    "sales" : 270.71,
    "salesGrowthYoY" : 3.13,
    "grossProfitMargin" : 73.66,
    "grossProfit" : 199.40,
    "operatingProfitMargin" : 24.18,
    "operatingProfit" : 65.46,
    "netProfitMargin" : 8.77,
    "netProfit" : 23.74
  }, {
    "date" : "2016-09-30",
    "sales" : 207.20,
    "salesGrowthYoY" : -0.11,
    "grossProfitMargin" : 73.81,
    "grossProfit" : 152.93,
    "operatingProfitMargin" : 22.75,
    "operatingProfit" : 47.14,
    "netProfitMargin" : 4.11,
    "netProfit" : 8.52
  }, {
    "date" : "2016-12-31",
    "sales" : 272.11,
    "salesGrowthYoY" : 14.43,
    "grossProfitMargin" : 61.71,
    "grossProfit" : 167.92,
    "operatingProfitMargin" : 15.59,
    "operatingProfit" : 42.42,
    "netProfitMargin" : 1.69,
    "netProfit" : 4.60
  }, {
    "date" : "2017-03-31",
    "sales" : 246.65,
    "salesGrowthYoY" : -22.08,
    "grossProfitMargin" : 67.51,
    "grossProfit" : 166.51,
    "operatingProfitMargin" : 17.17,
    "operatingProfit" : 42.35,
    "netProfitMargin" : 10.65,
    "netProfit" : 26.27
  }, {
    "date" : "2017-06-30",
    "sales" : 287.54,
    "salesGrowthYoY" : 6.22,
    "grossProfitMargin" : 72.45,
    "grossProfit" : 208.32,
    "operatingProfitMargin" : 22.55,
    "operatingProfit" : 64.84,
    "netProfitMargin" : 10.99,
    "netProfit" : 31.60
  }, {
    "date" : "2017-09-30",
    "sales" : 205.59,
    "salesGrowthYoY" : -0.78,
    "grossProfitMargin" : 72.81,
    "grossProfit" : 149.69,
    "operatingProfitMargin" : 22.70,
    "operatingProfit" : 46.67,
    "netProfitMargin" : 5.31,
    "netProfit" : 10.92
  }, {
    "date" : "2017-12-31",
    "sales" : 279.60,
    "salesGrowthYoY" : 2.75,
    "grossProfitMargin" : 67.74,
    "grossProfit" : 189.40,
    "operatingProfitMargin" : 22.11,
    "operatingProfit" : 61.82,
    "netProfitMargin" : 11.51,
    "netProfit" : 32.18
  }, {
    "date" : "2018-03-31",
    "sales" : 253.63,
    "salesGrowthYoY" : 2.83,
    "grossProfitMargin" : 66.94,
    "grossProfit" : 169.78,
    "operatingProfitMargin" : 16.26,
    "operatingProfit" : 41.24,
    "netProfitMargin" : 7.33,
    "netProfit" : 18.59
  }, {
    "date" : "2018-06-30",
    "sales" : 274.83,
    "salesGrowthYoY" : -4.42,
    "grossProfitMargin" : 65.83,
    "grossProfit" : 180.92,
    "operatingProfitMargin" : 15.78,
    "operatingProfit" : 43.37,
    "netProfitMargin" : 7.24,
    "netProfit" : 19.90
  }, {
    "date" : "2018-09-30",
    "sales" : 244.12,
    "salesGrowthYoY" : 18.74,
    "grossProfitMargin" : 62.15,
    "grossProfit" : 151.72,
    "operatingProfitMargin" : 13.28,
    "operatingProfit" : 32.42,
    "netProfitMargin" : 0.80,
    "netProfit" : 1.95
  }, {
    "date" : "2018-12-31",
    "sales" : 266.05,
    "salesGrowthYoY" : -4.85,
    "grossProfitMargin" : 57.68,
    "grossProfit" : 153.46,
    "operatingProfitMargin" : 12.08,
    "operatingProfit" : 32.14,
    "netProfitMargin" : 1.62,
    "netProfit" : 4.31
  }, {
    "date" : "2019-03-31",
    "sales" : 275.96,
    "salesGrowthYoY" : 8.80,
    "grossProfitMargin" : 64.86,
    "grossProfit" : 178.99,
    "operatingProfitMargin" : 16.68,
    "operatingProfit" : 46.03,
    "netProfitMargin" : 9.58,
    "netProfit" : 26.44
  }, {
    "date" : "2019-06-30",
    "sales" : 274.12,
    "salesGrowthYoY" : -0.26,
    "grossProfitMargin" : 68.86,
    "grossProfit" : 188.76,
    "operatingProfitMargin" : 23.97,
    "operatingProfit" : 65.71,
    "netProfitMargin" : 13.99,
    "netProfit" : 38.35
  }, {
    "date" : "2019-09-30",
    "sales" : 204.66,
    "salesGrowthYoY" : -16.16,
    "grossProfitMargin" : 64.01,
    "grossProfit" : 131.00,
    "operatingProfitMargin" : 18.08,
    "operatingProfit" : 37.00,
    "netProfitMargin" : 3.04,
    "netProfit" : 6.22
  }, {
    "date" : "2019-12-31",
    "sales" : 187.16,
    "salesGrowthYoY" : -29.65,
    "grossProfitMargin" : 68.41,
    "grossProfit" : 128.04,
    "operatingProfitMargin" : 20.74,
    "operatingProfit" : 38.82,
    "netProfitMargin" : 2.64,
    "netProfit" : 4.94
  }, {
    "date" : "2020-03-31",
    "sales" : 221.61,
    "salesGrowthYoY" : -19.69,
    "grossProfitMargin" : 68.48,
    "grossProfit" : 151.76,
    "operatingProfitMargin" : 23.21,
    "operatingProfit" : 51.44,
    "netProfitMargin" : 7.15,
    "netProfit" : 15.85
  }, {
    "date" : "2020-06-30",
    "sales" : 148.74,
    "salesGrowthYoY" : -45.74,
    "grossProfitMargin" : 70.70,
    "grossProfit" : 105.16,
    "operatingProfitMargin" : 25.02,
    "operatingProfit" : 37.21,
    "netProfitMargin" : 4.05,
    "netProfit" : 6.02
  }, {
    "date" : "2020-09-30",
    "sales" : 171.84,
    "salesGrowthYoY" : -16.04,
    "grossProfitMargin" : 66.66,
    "grossProfit" : 114.55,
    "operatingProfitMargin" : 21.07,
    "operatingProfit" : 36.21,
    "netProfitMargin" : 2.40,
    "netProfit" : 4.12
  }, {
    "date" : "2020-12-31",
    "sales" : 290.52,
    "salesGrowthYoY" : 55.23,
    "grossProfitMargin" : 64.63,
    "grossProfit" : 187.76,
    "operatingProfitMargin" : 25.03,
    "operatingProfit" : 72.72,
    "netProfitMargin" : 14.47,
    "netProfit" : 42.04
  }, {
    "date" : "2021-03-31",
    "sales" : 328.13,
    "salesGrowthYoY" : 48.07,
    "grossProfitMargin" : 66.64,
    "grossProfit" : 218.67,
    "operatingProfitMargin" : 28.76,
    "operatingProfit" : 94.37,
    "netProfitMargin" : 7.92,
    "netProfit" : 25.99
  }, {
    "date" : "2021-06-30",
    "sales" : 281.90,
    "salesGrowthYoY" : 89.53,
    "grossProfitMargin" : 67.32,
    "grossProfit" : 189.78,
    "operatingProfitMargin" : 23.44,
    "operatingProfit" : 66.08,
    "netProfitMargin" : 7.92,
    "netProfit" : 22.33
  }, {
    "date" : "2021-09-30",
    "sales" : 211.35,
    "salesGrowthYoY" : 22.99,
    "grossProfitMargin" : 66.00,
    "grossProfit" : 139.49,
    "operatingProfitMargin" : 18.89,
    "operatingProfit" : 39.92,
    "netProfitMargin" : 2.11,
    "netProfit" : 4.46
  }, {
    "date" : "2021-12-31",
    "sales" : 281.01,
    "salesGrowthYoY" : -3.27,
    "grossProfitMargin" : 52.38,
    "grossProfit" : 147.19,
    "operatingProfitMargin" : 14.99,
    "operatingProfit" : 42.12,
    "netProfitMargin" : 2.68,
    "netProfit" : 7.53
  }, {
    "date" : "2022-03-31",
    "sales" : 355.15,
    "salesGrowthYoY" : 8.23,
    "grossProfitMargin" : 48.18,
    "grossProfit" : 171.11,
    "operatingProfitMargin" : 12.29,
    "operatingProfit" : 43.65,
    "netProfitMargin" : 1.78,
    "netProfit" : 6.32
  }, {
    "date" : "2022-06-30",
    "sales" : 339.14,
    "salesGrowthYoY" : 20.31,
    "grossProfitMargin" : 48.60,
    "grossProfit" : 164.82,
    "operatingProfitMargin" : 5.56,
    "operatingProfit" : 18.86,
    "netProfitMargin" : -9.69,
    "netProfit" : -32.86
  }, {
    "date" : "2022-09-30",
    "sales" : 229.86,
    "salesGrowthYoY" : 8.76,
    "grossProfitMargin" : 43.51,
    "grossProfit" : 100.01,
    "operatingProfitMargin" : -0.85,
    "operatingProfit" : -1.95,
    "netProfitMargin" : -19.28,
    "netProfit" : -44.32
  }, {
    "date" : "2022-12-31",
    "sales" : 133.69,
    "salesGrowthYoY" : -52.43,
    "grossProfitMargin" : 52.52,
    "grossProfit" : 70.21,
    "operatingProfitMargin" : -13.35,
    "operatingProfit" : -17.85,
    "netProfitMargin" : -107.67,
    "netProfit" : -143.94
  }, {
    "date" : "2023-03-31",
    "sales" : 225.67,
    "salesGrowthYoY" : -36.46,
    "grossProfitMargin" : 45.07,
    "grossProfit" : 101.71,
    "operatingProfitMargin" : -5.60,
    "operatingProfit" : -12.64,
    "netProfitMargin" : -46.33,
    "netProfit" : -104.55
  }, {
    "date" : "2023-06-30",
    "sales" : 166.69,
    "salesGrowthYoY" : -50.85,
    "grossProfitMargin" : 9.74,
    "grossProfit" : 16.24,
    "operatingProfitMargin" : -57.74,
    "operatingProfit" : -96.25,
    "netProfitMargin" : -113.64,
    "netProfit" : -189.43
  }, {
    "date" : "2023-09-30",
    "sales" : 180.68,
    "salesGrowthYoY" : -21.40,
    "grossProfitMargin" : 40.61,
    "grossProfit" : 73.37,
    "operatingProfitMargin" : -15.41,
    "operatingProfit" : -27.84,
    "netProfitMargin" : -71.33,
    "netProfit" : -128.88
  }, {
    "date" : "2023-12-31",
    "sales" : 189.11,
    "salesGrowthYoY" : 41.45,
    "grossProfitMargin" : 40.54,
    "grossProfit" : 76.67,
    "operatingProfitMargin" : -12.05,
    "operatingProfit" : -22.79,
    "netProfitMargin" : -75.47,
    "netProfit" : -142.72
  }, {
    "date" : "2024-03-31",
    "sales" : 284.87,
    "salesGrowthYoY" : 26.23,
    "grossProfitMargin" : 39.90,
    "grossProfit" : 113.66,
    "operatingProfitMargin" : 20.65,
    "operatingProfit" : 58.83,
    "netProfitMargin" : -1.86,
    "netProfit" : -5.30
  }, {
    "date" : "2024-06-30",
    "sales" : 222.99,
    "salesGrowthYoY" : 33.78,
    "grossProfitMargin" : 21.69,
    "grossProfit" : 48.37,
    "operatingProfitMargin" : -1.26,
    "operatingProfit" : -2.81,
    "netProfitMargin" : -39.83,
    "netProfit" : -88.82
  }, {
    "date" : "2024-09-30",
    "sales" : 151.50,
    "salesGrowthYoY" : -16.15,
    "grossProfitMargin" : 35.76,
    "grossProfit" : 54.18,
    "operatingProfitMargin" : 2.03,
    "operatingProfit" : 3.08,
    "netProfitMargin" : -49.16,
    "netProfit" : -74.48
  }, {
    "date" : "2024-12-31",
    "sales" : 258.96,
    "salesGrowthYoY" : 36.94,
    "grossProfitMargin" : 39.77,
    "grossProfit" : 102.99,
    "operatingProfitMargin" : 11.70,
    "operatingProfit" : 30.30,
    "netProfitMargin" : -37.44,
    "netProfit" : -96.95
  }, {
    "date" : "2025-03-31",
    "sales" : 335.25,
    "salesGrowthYoY" : 17.69,
    "grossProfitMargin" : 40.73,
    "grossProfit" : 136.55,
    "operatingProfitMargin" : 10.86,
    "operatingProfit" : 36.41,
    "netProfitMargin" : -34.87,
    "netProfit" : -116.90
  }, {
    "date" : "2025-06-30",
    "sales" : 245.38,
    "salesGrowthYoY" : 10.04,
    "grossProfitMargin" : 37.07,
    "grossProfit" : 90.96,
    "operatingProfitMargin" : 10.36,
    "operatingProfit" : 25.42,
    "netProfitMargin" : -47.03,
    "netProfit" : -115.40
  }, {
    "date" : "2025-09-30",
    "sales" : 284.93,
    "salesGrowthYoY" : 88.07,
    "grossProfitMargin" : 41.63,
    "grossProfit" : 118.62,
    "operatingProfitMargin" : 8.73,
    "operatingProfit" : 24.87,
    "netProfitMargin" : -40.90,
    "netProfit" : -116.54
  } ],
  "latestQuarterlyResult" : {
    "date" : "2025-09-30",
    "sales" : 284.93,
    "salesGrowthYoY" : 88.07,
    "grossProfitMargin" : 41.63,
    "grossProfit" : 118.62,
    "operatingProfitMargin" : 8.73,
    "operatingProfit" : 24.87,
    "netProfitMargin" : -40.90,
    "netProfit" : -116.54
  },
  "companyScore" : {
    "priceHigherThanDma50" : 0.00,
    "priceHigherThanDma100" : 0.00,
    "priceHigherThanDma200" : 0.00,
    "dma50HigherThanDma100" : 0.00,
    "dma50HigherThanDma200" : 0.00,
    "dma100HigherThanDma200" : 0.00,
    "pricePercentageAboveDma50" : 5.12,
    "pricePercentageAboveDma100" : 5.19,
    "pricePercentageAboveDma200" : 5.25,
    "weeklyVolumeHigherThanYearlyVolume" : 0.00,
    "salesGrowthPercentile" : 19.49,
    "operatingProfitMarginPercentile" : 13.12,
    "netProfitMarginPercentile" : 4.89,
    "totalTechnicalScore" : 15.56,
    "totalFundamentalScore" : 37.49,
    "totalScore" : 53.05
  }
}