{
  "metadata" : {
    "screenerCompanyId" : "1272993",
    "companyCode" : "SATIN",
    "companyName" : "Satin Creditcare",
    "screenerCompanyLink" : "https://www.screener.in/company/SATIN/consolidated/",
    "screenerTechnicalHistoryLink" : "https://www.screener.in/api/company/1272993/chart/?q=Price-DMA50-DMA200-Volume&days=365",
    "screenerQuarterlyResultsLink" : "https://www.screener.in/api/company/1272993/chart/?q=GPM-OPM-NPM-Quarter+Sales&days=10000",
    "attributes" : {
      "companyCode" : "SATIN",
      "companyName" : "Satin Creditcare",
      "marketCap" : 1705.00,
      "peRatio" : 8.88,
      "description" : "Satin Network Limited (SCNL) is a leading microfinance institution (MFI) with presence in 23 states & union territory and 95,000 villages. The company offers a bouquet of financial products in the Non‐MFI segment (comprising loans to MSMEs), a housing finance subsidiary, and business correspondent services and similar services to other financial Institutions through Taraashna Financial Services Limited (TFSL), a business correspondent company and a 100% subsidiary of SCNL.[1]"
    },
    "companyScore" : {
      "priceHigherThanDma50" : 5.00,
      "priceHigherThanDma100" : 5.00,
      "priceHigherThanDma200" : 5.00,
      "dma50HigherThanDma100" : 5.00,
      "dma50HigherThanDma200" : 0.00,
      "dma100HigherThanDma200" : 0.00,
      "pricePercentageAboveDma50" : 4.91,
      "pricePercentageAboveDma100" : 4.83,
      "pricePercentageAboveDma200" : 4.95,
      "weeklyVolumeHigherThanYearlyVolume" : 0.00,
      "salesGrowthPercentile" : 5.08,
      "operatingProfitMarginPercentile" : 9.92,
      "netProfitMarginPercentile" : 6.78,
      "totalTechnicalScore" : 34.69,
      "totalFundamentalScore" : 21.78,
      "totalScore" : 56.48
    }
  },
  "attributes" : {
    "companyCode" : "SATIN",
    "companyName" : "Satin Creditcare",
    "marketCap" : 1705.00,
    "peRatio" : 8.88,
    "description" : "Satin Network Limited (SCNL) is a leading microfinance institution (MFI) with presence in 23 states & union territory and 95,000 villages. The company offers a bouquet of financial products in the Non‐MFI segment (comprising loans to MSMEs), a housing finance subsidiary, and business correspondent services and similar services to other financial Institutions through Taraashna Financial Services Limited (TFSL), a business correspondent company and a 100% subsidiary of SCNL.[1]"
  },
  "technicalHistory" : [ {
    "date" : "2025-02-17",
    "price" : 140.85,
    "dma50" : 149.64,
    "dma100" : null,
    "dma200" : 179.53,
    "volume" : 356466.00
  }, {
    "date" : "2025-02-18",
    "price" : 141.24,
    "dma50" : 149.31,
    "dma100" : null,
    "dma200" : 179.15,
    "volume" : 329456.00
  }, {
    "date" : "2025-02-19",
    "price" : 144.16,
    "dma50" : 149.11,
    "dma100" : null,
    "dma200" : 178.80,
    "volume" : 202731.00
  }, {
    "date" : "2025-02-20",
    "price" : 146.32,
    "dma50" : 149.00,
    "dma100" : null,
    "dma200" : 178.48,
    "volume" : 175711.00
  }, {
    "date" : "2025-02-21",
    "price" : 148.89,
    "dma50" : 148.99,
    "dma100" : null,
    "dma200" : 178.18,
    "volume" : 264487.00
  }, {
    "date" : "2025-02-24",
    "price" : 147.15,
    "dma50" : 148.92,
    "dma100" : null,
    "dma200" : 177.87,
    "volume" : 168554.00
  }, {
    "date" : "2025-02-25",
    "price" : 147.58,
    "dma50" : 148.87,
    "dma100" : null,
    "dma200" : 177.57,
    "volume" : 168753.00
  }, {
    "date" : "2025-02-27",
    "price" : 147.73,
    "dma50" : 148.82,
    "dma100" : null,
    "dma200" : 177.27,
    "volume" : 465885.00
  }, {
    "date" : "2025-02-28",
    "price" : 145.94,
    "dma50" : 148.71,
    "dma100" : null,
    "dma200" : 176.96,
    "volume" : 190560.00
  }, {
    "date" : "2025-03-03",
    "price" : 143.57,
    "dma50" : 148.51,
    "dma100" : null,
    "dma200" : 176.63,
    "volume" : 302698.00
  }, {
    "date" : "2025-03-04",
    "price" : 145.77,
    "dma50" : 148.40,
    "dma100" : null,
    "dma200" : 176.32,
    "volume" : 381484.00
  }, {
    "date" : "2025-03-05",
    "price" : 146.03,
    "dma50" : 148.31,
    "dma100" : null,
    "dma200" : 176.02,
    "volume" : 350811.00
  }, {
    "date" : "2025-03-06",
    "price" : 144.98,
    "dma50" : 148.18,
    "dma100" : null,
    "dma200" : 175.71,
    "volume" : 289128.00
  }, {
    "date" : "2025-03-07",
    "price" : 146.65,
    "dma50" : 148.12,
    "dma100" : null,
    "dma200" : 175.42,
    "volume" : 147876.00
  }, {
    "date" : "2025-03-10",
    "price" : 146.28,
    "dma50" : 148.05,
    "dma100" : null,
    "dma200" : 175.13,
    "volume" : 313057.00
  }, {
    "date" : "2025-03-11",
    "price" : 144.96,
    "dma50" : 147.92,
    "dma100" : null,
    "dma200" : 174.83,
    "volume" : 354194.00
  }, {
    "date" : "2025-03-12",
    "price" : 143.23,
    "dma50" : 147.74,
    "dma100" : null,
    "dma200" : 174.52,
    "volume" : 270722.00
  }, {
    "date" : "2025-03-13",
    "price" : 142.12,
    "dma50" : 147.52,
    "dma100" : null,
    "dma200" : 174.20,
    "volume" : 345162.00
  }, {
    "date" : "2025-03-17",
    "price" : 136.50,
    "dma50" : 147.09,
    "dma100" : null,
    "dma200" : 173.82,
    "volume" : 555834.00
  }, {
    "date" : "2025-03-18",
    "price" : 139.63,
    "dma50" : 146.80,
    "dma100" : null,
    "dma200" : 173.48,
    "volume" : 269529.00
  }, {
    "date" : "2025-03-19",
    "price" : 142.73,
    "dma50" : 146.64,
    "dma100" : null,
    "dma200" : 173.18,
    "volume" : 563745.00
  }, {
    "date" : "2025-03-20",
    "price" : 143.41,
    "dma50" : 146.51,
    "dma100" : null,
    "dma200" : 172.88,
    "volume" : 293346.00
  }, {
    "date" : "2025-03-21",
    "price" : 147.87,
    "dma50" : 146.56,
    "dma100" : null,
    "dma200" : 172.63,
    "volume" : 300860.00
  }, {
    "date" : "2025-03-24",
    "price" : 144.61,
    "dma50" : 146.49,
    "dma100" : null,
    "dma200" : 172.35,
    "volume" : 381130.00
  }, {
    "date" : "2025-03-25",
    "price" : 141.99,
    "dma50" : 146.31,
    "dma100" : null,
    "dma200" : 172.05,
    "volume" : 443998.00
  }, {
    "date" : "2025-03-26",
    "price" : 139.53,
    "dma50" : 146.04,
    "dma100" : null,
    "dma200" : 171.73,
    "volume" : 377975.00
  }, {
    "date" : "2025-03-27",
    "price" : 147.25,
    "dma50" : 146.09,
    "dma100" : null,
    "dma200" : 171.48,
    "volume" : 699981.00
  }, {
    "date" : "2025-03-28",
    "price" : 142.98,
    "dma50" : 145.97,
    "dma100" : null,
    "dma200" : 171.20,
    "volume" : 383503.00
  }, {
    "date" : "2025-04-01",
    "price" : 149.27,
    "dma50" : 146.10,
    "dma100" : null,
    "dma200" : 170.98,
    "volume" : 219982.00
  }, {
    "date" : "2025-04-02",
    "price" : 146.97,
    "dma50" : 146.13,
    "dma100" : null,
    "dma200" : 170.74,
    "volume" : 133805.00
  }, {
    "date" : "2025-04-03",
    "price" : 147.85,
    "dma50" : 146.20,
    "dma100" : null,
    "dma200" : 170.51,
    "volume" : 96139.00
  }, {
    "date" : "2025-04-04",
    "price" : 144.72,
    "dma50" : 146.14,
    "dma100" : null,
    "dma200" : 170.26,
    "volume" : 181711.00
  }, {
    "date" : "2025-04-07",
    "price" : 139.79,
    "dma50" : 145.89,
    "dma100" : null,
    "dma200" : 169.95,
    "volume" : 251323.00
  }, {
    "date" : "2025-04-08",
    "price" : 143.10,
    "dma50" : 145.78,
    "dma100" : null,
    "dma200" : 169.69,
    "volume" : 134016.00
  }, {
    "date" : "2025-04-09",
    "price" : 146.26,
    "dma50" : 145.80,
    "dma100" : null,
    "dma200" : 169.45,
    "volume" : 137932.00
  }, {
    "date" : "2025-04-11",
    "price" : 149.45,
    "dma50" : 145.95,
    "dma100" : null,
    "dma200" : 169.25,
    "volume" : 110704.00
  }, {
    "date" : "2025-04-15",
    "price" : 154.74,
    "dma50" : 146.29,
    "dma100" : null,
    "dma200" : 169.11,
    "volume" : 207039.00
  }, {
    "date" : "2025-04-16",
    "price" : 156.49,
    "dma50" : 146.69,
    "dma100" : null,
    "dma200" : 168.98,
    "volume" : 171370.00
  }, {
    "date" : "2025-04-17",
    "price" : 159.18,
    "dma50" : 147.18,
    "dma100" : null,
    "dma200" : 168.89,
    "volume" : 184781.00
  }, {
    "date" : "2025-04-21",
    "price" : 161.08,
    "dma50" : 147.73,
    "dma100" : null,
    "dma200" : 168.81,
    "volume" : 375398.00
  }, {
    "date" : "2025-04-22",
    "price" : 163.20,
    "dma50" : 148.33,
    "dma100" : null,
    "dma200" : 168.75,
    "volume" : 151154.00
  }, {
    "date" : "2025-04-23",
    "price" : 163.26,
    "dma50" : 148.92,
    "dma100" : null,
    "dma200" : 168.70,
    "volume" : 165599.00
  }, {
    "date" : "2025-04-24",
    "price" : 165.10,
    "dma50" : 149.55,
    "dma100" : null,
    "dma200" : 168.66,
    "volume" : 350792.00
  }, {
    "date" : "2025-04-25",
    "price" : 162.60,
    "dma50" : 150.06,
    "dma100" : null,
    "dma200" : 168.60,
    "volume" : 243526.00
  }, {
    "date" : "2025-04-28",
    "price" : 164.59,
    "dma50" : 150.63,
    "dma100" : null,
    "dma200" : 168.56,
    "volume" : 312655.00
  }, {
    "date" : "2025-04-29",
    "price" : 164.15,
    "dma50" : 151.16,
    "dma100" : null,
    "dma200" : 168.52,
    "volume" : 188043.00
  }, {
    "date" : "2025-04-30",
    "price" : 164.54,
    "dma50" : 151.69,
    "dma100" : null,
    "dma200" : 168.48,
    "volume" : 204366.00
  }, {
    "date" : "2025-05-02",
    "price" : 164.97,
    "dma50" : 152.21,
    "dma100" : null,
    "dma200" : 168.44,
    "volume" : 209557.00
  }, {
    "date" : "2025-05-05",
    "price" : 163.08,
    "dma50" : 152.64,
    "dma100" : null,
    "dma200" : 168.39,
    "volume" : 143324.00
  }, {
    "date" : "2025-05-06",
    "price" : 162.76,
    "dma50" : 153.03,
    "dma100" : null,
    "dma200" : 168.34,
    "volume" : 207264.00
  }, {
    "date" : "2025-05-07",
    "price" : 167.84,
    "dma50" : 153.61,
    "dma100" : null,
    "dma200" : 168.33,
    "volume" : 482756.00
  }, {
    "date" : "2025-05-08",
    "price" : 168.02,
    "dma50" : 154.18,
    "dma100" : null,
    "dma200" : 168.33,
    "volume" : 989226.00
  }, {
    "date" : "2025-05-09",
    "price" : 168.20,
    "dma50" : 154.73,
    "dma100" : null,
    "dma200" : 168.33,
    "volume" : 394306.00
  }, {
    "date" : "2025-05-12",
    "price" : 168.14,
    "dma50" : 155.25,
    "dma100" : null,
    "dma200" : 168.32,
    "volume" : 459051.00
  }, {
    "date" : "2025-05-13",
    "price" : 172.07,
    "dma50" : 155.91,
    "dma100" : null,
    "dma200" : 168.36,
    "volume" : 427085.00
  }, {
    "date" : "2025-05-14",
    "price" : 173.11,
    "dma50" : 156.59,
    "dma100" : null,
    "dma200" : 168.41,
    "volume" : 227066.00
  }, {
    "date" : "2025-05-15",
    "price" : 173.23,
    "dma50" : 157.24,
    "dma100" : null,
    "dma200" : 168.46,
    "volume" : 171298.00
  }, {
    "date" : "2025-05-16",
    "price" : 172.52,
    "dma50" : 157.84,
    "dma100" : null,
    "dma200" : 168.50,
    "volume" : 229917.00
  }, {
    "date" : "2025-05-19",
    "price" : 172.70,
    "dma50" : 158.42,
    "dma100" : null,
    "dma200" : 168.54,
    "volume" : 325643.00
  }, {
    "date" : "2025-05-20",
    "price" : 168.31,
    "dma50" : 158.81,
    "dma100" : null,
    "dma200" : 168.54,
    "volume" : 151177.00
  }, {
    "date" : "2025-05-21",
    "price" : 165.88,
    "dma50" : 159.09,
    "dma100" : null,
    "dma200" : 168.51,
    "volume" : 139368.00
  }, {
    "date" : "2025-05-22",
    "price" : 162.07,
    "dma50" : 159.20,
    "dma100" : null,
    "dma200" : 168.45,
    "volume" : 140990.00
  }, {
    "date" : "2025-05-23",
    "price" : 162.62,
    "dma50" : 159.34,
    "dma100" : null,
    "dma200" : 168.39,
    "volume" : 139735.00
  }, {
    "date" : "2025-05-26",
    "price" : 159.03,
    "dma50" : 159.33,
    "dma100" : null,
    "dma200" : 168.30,
    "volume" : 121254.00
  }, {
    "date" : "2025-05-27",
    "price" : 159.06,
    "dma50" : 159.32,
    "dma100" : null,
    "dma200" : 168.20,
    "volume" : 97788.00
  }, {
    "date" : "2025-05-28",
    "price" : 160.54,
    "dma50" : 159.36,
    "dma100" : null,
    "dma200" : 168.13,
    "volume" : 344968.00
  }, {
    "date" : "2025-05-29",
    "price" : 157.44,
    "dma50" : 159.29,
    "dma100" : null,
    "dma200" : 168.02,
    "volume" : 138835.00
  }, {
    "date" : "2025-05-30",
    "price" : 155.67,
    "dma50" : 159.15,
    "dma100" : null,
    "dma200" : 167.90,
    "volume" : 182991.00
  }, {
    "date" : "2025-06-02",
    "price" : 153.92,
    "dma50" : 158.94,
    "dma100" : null,
    "dma200" : 167.76,
    "volume" : 120927.00
  }, {
    "date" : "2025-06-03",
    "price" : 159.33,
    "dma50" : 158.96,
    "dma100" : null,
    "dma200" : 167.67,
    "volume" : 436447.00
  }, {
    "date" : "2025-06-04",
    "price" : 154.93,
    "dma50" : 158.80,
    "dma100" : null,
    "dma200" : 167.55,
    "volume" : 147864.00
  }, {
    "date" : "2025-06-05",
    "price" : 155.90,
    "dma50" : 158.69,
    "dma100" : null,
    "dma200" : 167.43,
    "volume" : 167607.00
  }, {
    "date" : "2025-06-06",
    "price" : 157.91,
    "dma50" : 158.65,
    "dma100" : null,
    "dma200" : 167.34,
    "volume" : 284150.00
  }, {
    "date" : "2025-06-09",
    "price" : 162.48,
    "dma50" : 158.80,
    "dma100" : null,
    "dma200" : 167.29,
    "volume" : 448975.00
  }, {
    "date" : "2025-06-10",
    "price" : 167.93,
    "dma50" : 159.16,
    "dma100" : null,
    "dma200" : 167.30,
    "volume" : 345842.00
  }, {
    "date" : "2025-06-11",
    "price" : 165.77,
    "dma50" : 159.42,
    "dma100" : null,
    "dma200" : 167.28,
    "volume" : 249548.00
  }, {
    "date" : "2025-06-12",
    "price" : 162.62,
    "dma50" : 159.55,
    "dma100" : null,
    "dma200" : 167.23,
    "volume" : 267403.00
  }, {
    "date" : "2025-06-13",
    "price" : 159.13,
    "dma50" : 159.53,
    "dma100" : null,
    "dma200" : 167.15,
    "volume" : 175574.00
  }, {
    "date" : "2025-06-16",
    "price" : 156.58,
    "dma50" : 159.41,
    "dma100" : null,
    "dma200" : 167.05,
    "volume" : 345954.00
  }, {
    "date" : "2025-06-17",
    "price" : 154.44,
    "dma50" : 159.22,
    "dma100" : null,
    "dma200" : 166.92,
    "volume" : 157262.00
  }, {
    "date" : "2025-06-18",
    "price" : 152.72,
    "dma50" : 158.96,
    "dma100" : null,
    "dma200" : 166.78,
    "volume" : 151979.00
  }, {
    "date" : "2025-06-19",
    "price" : 150.03,
    "dma50" : 158.61,
    "dma100" : null,
    "dma200" : 166.61,
    "volume" : 195422.00
  }, {
    "date" : "2025-06-20",
    "price" : 151.62,
    "dma50" : 158.34,
    "dma100" : null,
    "dma200" : 166.47,
    "volume" : 129115.00
  }, {
    "date" : "2025-06-23",
    "price" : 152.01,
    "dma50" : 158.09,
    "dma100" : null,
    "dma200" : 166.32,
    "volume" : 63621.00
  }, {
    "date" : "2025-06-24",
    "price" : 157.96,
    "dma50" : 158.09,
    "dma100" : null,
    "dma200" : 166.24,
    "volume" : 3173111.00
  }, {
    "date" : "2025-06-25",
    "price" : 158.48,
    "dma50" : 158.10,
    "dma100" : null,
    "dma200" : 166.16,
    "volume" : 314556.00
  }, {
    "date" : "2025-06-26",
    "price" : 159.72,
    "dma50" : 158.17,
    "dma100" : null,
    "dma200" : 166.10,
    "volume" : 386608.00
  }, {
    "date" : "2025-06-27",
    "price" : 157.29,
    "dma50" : 158.13,
    "dma100" : null,
    "dma200" : 166.01,
    "volume" : 265750.00
  }, {
    "date" : "2025-06-30",
    "price" : 169.67,
    "dma50" : 158.58,
    "dma100" : null,
    "dma200" : 166.05,
    "volume" : 1144833.00
  }, {
    "date" : "2025-07-01",
    "price" : 168.88,
    "dma50" : 158.99,
    "dma100" : null,
    "dma200" : 166.07,
    "volume" : 228997.00
  }, {
    "date" : "2025-07-02",
    "price" : 166.44,
    "dma50" : 159.28,
    "dma100" : null,
    "dma200" : 166.08,
    "volume" : 215489.00
  }, {
    "date" : "2025-07-03",
    "price" : 166.47,
    "dma50" : 159.56,
    "dma100" : null,
    "dma200" : 166.08,
    "volume" : 180807.00
  }, {
    "date" : "2025-07-04",
    "price" : 172.67,
    "dma50" : 160.08,
    "dma100" : null,
    "dma200" : 166.15,
    "volume" : 698535.00
  }, {
    "date" : "2025-07-07",
    "price" : 166.75,
    "dma50" : 160.34,
    "dma100" : null,
    "dma200" : 166.15,
    "volume" : 216512.00
  }, {
    "date" : "2025-07-08",
    "price" : 165.77,
    "dma50" : 160.55,
    "dma100" : null,
    "dma200" : 166.15,
    "volume" : 257086.00
  }, {
    "date" : "2025-07-09",
    "price" : 165.94,
    "dma50" : 160.76,
    "dma100" : null,
    "dma200" : 166.15,
    "volume" : 109535.00
  }, {
    "date" : "2025-07-10",
    "price" : 164.25,
    "dma50" : 160.90,
    "dma100" : null,
    "dma200" : 166.13,
    "volume" : 208457.00
  }, {
    "date" : "2025-07-11",
    "price" : 161.63,
    "dma50" : 160.93,
    "dma100" : null,
    "dma200" : 166.08,
    "volume" : 124422.00
  }, {
    "date" : "2025-07-14",
    "price" : 159.71,
    "dma50" : 160.88,
    "dma100" : null,
    "dma200" : 166.02,
    "volume" : 107754.00
  }, {
    "date" : "2025-07-15",
    "price" : 161.99,
    "dma50" : 160.92,
    "dma100" : null,
    "dma200" : 165.98,
    "volume" : 100135.00
  }, {
    "date" : "2025-07-16",
    "price" : 165.30,
    "dma50" : 161.09,
    "dma100" : 156.29,
    "dma200" : 165.97,
    "volume" : 157184.00
  }, {
    "date" : "2025-07-17",
    "price" : 163.40,
    "dma50" : 161.19,
    "dma100" : 156.51,
    "dma200" : 165.95,
    "volume" : 91488.00
  }, {
    "date" : "2025-07-18",
    "price" : 164.06,
    "dma50" : 161.30,
    "dma100" : 156.71,
    "dma200" : 165.93,
    "volume" : 80031.00
  }, {
    "date" : "2025-07-21",
    "price" : 159.40,
    "dma50" : 161.22,
    "dma100" : 156.84,
    "dma200" : 165.86,
    "volume" : 213784.00
  }, {
    "date" : "2025-07-22",
    "price" : 157.53,
    "dma50" : 161.08,
    "dma100" : 156.93,
    "dma200" : 165.78,
    "volume" : 152234.00
  }, {
    "date" : "2025-07-23",
    "price" : 158.69,
    "dma50" : 160.99,
    "dma100" : 157.04,
    "dma200" : 165.71,
    "volume" : 115937.00
  }, {
    "date" : "2025-07-24",
    "price" : 156.48,
    "dma50" : 160.81,
    "dma100" : 157.13,
    "dma200" : 165.62,
    "volume" : 95769.00
  }, {
    "date" : "2025-07-25",
    "price" : 149.99,
    "dma50" : 160.38,
    "dma100" : 157.15,
    "dma200" : 165.46,
    "volume" : 425270.00
  }, {
    "date" : "2025-07-28",
    "price" : 146.69,
    "dma50" : 159.85,
    "dma100" : 157.16,
    "dma200" : 165.28,
    "volume" : 305551.00
  }, {
    "date" : "2025-07-29",
    "price" : 146.15,
    "dma50" : 159.31,
    "dma100" : 157.19,
    "dma200" : 165.09,
    "volume" : 134419.00
  }, {
    "date" : "2025-07-30",
    "price" : 146.63,
    "dma50" : 158.81,
    "dma100" : 157.20,
    "dma200" : 164.90,
    "volume" : 251729.00
  }, {
    "date" : "2025-07-31",
    "price" : 145.26,
    "dma50" : 158.28,
    "dma100" : 157.19,
    "dma200" : 164.71,
    "volume" : 171157.00
  }, {
    "date" : "2025-08-01",
    "price" : 145.06,
    "dma50" : 157.76,
    "dma100" : 157.19,
    "dma200" : 164.51,
    "volume" : 176250.00
  }, {
    "date" : "2025-08-04",
    "price" : 145.08,
    "dma50" : 157.27,
    "dma100" : 157.17,
    "dma200" : 164.32,
    "volume" : 108074.00
  }, {
    "date" : "2025-08-05",
    "price" : 144.03,
    "dma50" : 156.75,
    "dma100" : 157.15,
    "dma200" : 164.12,
    "volume" : 192971.00
  }, {
    "date" : "2025-08-06",
    "price" : 142.48,
    "dma50" : 156.19,
    "dma100" : 157.13,
    "dma200" : 163.90,
    "volume" : 94638.00
  }, {
    "date" : "2025-08-07",
    "price" : 142.70,
    "dma50" : 155.66,
    "dma100" : 157.12,
    "dma200" : 163.69,
    "volume" : 171071.00
  }, {
    "date" : "2025-08-08",
    "price" : 142.99,
    "dma50" : 155.16,
    "dma100" : 157.13,
    "dma200" : 163.48,
    "volume" : 137198.00
  }, {
    "date" : "2025-08-11",
    "price" : 140.50,
    "dma50" : 154.59,
    "dma100" : 157.17,
    "dma200" : 163.26,
    "volume" : 268349.00
  }, {
    "date" : "2025-08-12",
    "price" : 140.94,
    "dma50" : 154.05,
    "dma100" : 157.18,
    "dma200" : 163.03,
    "volume" : 154900.00
  }, {
    "date" : "2025-08-13",
    "price" : 139.99,
    "dma50" : 153.50,
    "dma100" : 157.16,
    "dma200" : 162.80,
    "volume" : 122802.00
  }, {
    "date" : "2025-08-14",
    "price" : 140.35,
    "dma50" : 152.98,
    "dma100" : 157.12,
    "dma200" : 162.58,
    "volume" : 210162.00
  }, {
    "date" : "2025-08-18",
    "price" : 140.00,
    "dma50" : 152.47,
    "dma100" : 157.05,
    "dma200" : 162.36,
    "volume" : 319841.00
  }, {
    "date" : "2025-08-19",
    "price" : 140.01,
    "dma50" : 151.99,
    "dma100" : 157.00,
    "dma200" : 162.13,
    "volume" : 188434.00
  }, {
    "date" : "2025-08-20",
    "price" : 140.54,
    "dma50" : 151.54,
    "dma100" : 156.99,
    "dma200" : 161.92,
    "volume" : 282393.00
  }, {
    "date" : "2025-08-21",
    "price" : 139.90,
    "dma50" : 151.08,
    "dma100" : 156.99,
    "dma200" : 161.70,
    "volume" : 245915.00
  }, {
    "date" : "2025-08-22",
    "price" : 140.79,
    "dma50" : 150.68,
    "dma100" : 156.92,
    "dma200" : 161.49,
    "volume" : 106151.00
  }, {
    "date" : "2025-08-25",
    "price" : 138.80,
    "dma50" : 150.21,
    "dma100" : 156.88,
    "dma200" : 161.27,
    "volume" : 106762.00
  }, {
    "date" : "2025-08-26",
    "price" : 136.96,
    "dma50" : 149.69,
    "dma100" : 156.76,
    "dma200" : 161.02,
    "volume" : 250911.00
  }, {
    "date" : "2025-08-28",
    "price" : 134.08,
    "dma50" : 149.08,
    "dma100" : 156.63,
    "dma200" : 160.76,
    "volume" : 239179.00
  }, {
    "date" : "2025-08-29",
    "price" : 135.29,
    "dma50" : 148.54,
    "dma100" : 156.51,
    "dma200" : 160.50,
    "volume" : 211648.00
  }, {
    "date" : "2025-09-01",
    "price" : 139.75,
    "dma50" : 148.19,
    "dma100" : 156.46,
    "dma200" : 160.30,
    "volume" : 185204.00
  }, {
    "date" : "2025-09-02",
    "price" : 140.45,
    "dma50" : 147.89,
    "dma100" : 156.46,
    "dma200" : 160.10,
    "volume" : 159312.00
  }, {
    "date" : "2025-09-03",
    "price" : 145.72,
    "dma50" : 147.81,
    "dma100" : 156.49,
    "dma200" : 159.96,
    "volume" : 223490.00
  }, {
    "date" : "2025-09-04",
    "price" : 146.52,
    "dma50" : 147.75,
    "dma100" : 156.49,
    "dma200" : 159.82,
    "volume" : 331176.00
  }, {
    "date" : "2025-09-05",
    "price" : 148.03,
    "dma50" : 147.77,
    "dma100" : 156.48,
    "dma200" : 159.70,
    "volume" : 118988.00
  }, {
    "date" : "2025-09-08",
    "price" : 145.14,
    "dma50" : 147.66,
    "dma100" : 156.38,
    "dma200" : 159.56,
    "volume" : 177570.00
  }, {
    "date" : "2025-09-09",
    "price" : 144.48,
    "dma50" : 147.54,
    "dma100" : 156.26,
    "dma200" : 159.41,
    "volume" : 73965.00
  }, {
    "date" : "2025-09-10",
    "price" : 146.94,
    "dma50" : 147.51,
    "dma100" : 156.14,
    "dma200" : 159.29,
    "volume" : 139291.00
  }, {
    "date" : "2025-09-11",
    "price" : 146.59,
    "dma50" : 147.48,
    "dma100" : 155.99,
    "dma200" : 159.16,
    "volume" : 87146.00
  }, {
    "date" : "2025-09-12",
    "price" : 147.80,
    "dma50" : 147.49,
    "dma100" : 155.84,
    "dma200" : 159.05,
    "volume" : 114852.00
  }, {
    "date" : "2025-09-15",
    "price" : 146.77,
    "dma50" : 147.46,
    "dma100" : 155.67,
    "dma200" : 158.92,
    "volume" : 100730.00
  }, {
    "date" : "2025-09-16",
    "price" : 147.32,
    "dma50" : 147.46,
    "dma100" : 155.50,
    "dma200" : 158.81,
    "volume" : 100531.00
  }, {
    "date" : "2025-09-17",
    "price" : 147.40,
    "dma50" : 147.45,
    "dma100" : 155.34,
    "dma200" : 158.69,
    "volume" : 82677.00
  }, {
    "date" : "2025-09-18",
    "price" : 146.43,
    "dma50" : 147.41,
    "dma100" : 155.16,
    "dma200" : 158.57,
    "volume" : 166217.00
  }, {
    "date" : "2025-09-19",
    "price" : 147.00,
    "dma50" : 147.40,
    "dma100" : 154.99,
    "dma200" : 158.46,
    "volume" : 130439.00
  }, {
    "date" : "2025-09-22",
    "price" : 144.48,
    "dma50" : 147.28,
    "dma100" : 154.79,
    "dma200" : 158.32,
    "volume" : 127356.00
  }, {
    "date" : "2025-09-23",
    "price" : 143.82,
    "dma50" : 147.15,
    "dma100" : 154.58,
    "dma200" : 158.17,
    "volume" : 114009.00
  }, {
    "date" : "2025-09-24",
    "price" : 143.86,
    "dma50" : 147.02,
    "dma100" : 154.39,
    "dma200" : 158.03,
    "volume" : 43134.00
  }, {
    "date" : "2025-09-25",
    "price" : 145.05,
    "dma50" : 146.94,
    "dma100" : 154.21,
    "dma200" : 157.90,
    "volume" : 101365.00
  }, {
    "date" : "2025-09-26",
    "price" : 145.06,
    "dma50" : 146.87,
    "dma100" : 153.98,
    "dma200" : 157.77,
    "volume" : 111869.00
  }, {
    "date" : "2025-09-29",
    "price" : 146.85,
    "dma50" : 146.87,
    "dma100" : 153.77,
    "dma200" : 157.67,
    "volume" : 184544.00
  }, {
    "date" : "2025-09-30",
    "price" : 145.13,
    "dma50" : 146.80,
    "dma100" : 153.54,
    "dma200" : 157.54,
    "volume" : 103237.00
  }, {
    "date" : "2025-10-01",
    "price" : 144.99,
    "dma50" : 146.73,
    "dma100" : 153.31,
    "dma200" : 157.42,
    "volume" : 182466.00
  }, {
    "date" : "2025-10-03",
    "price" : 151.63,
    "dma50" : 146.92,
    "dma100" : 153.10,
    "dma200" : 157.36,
    "volume" : 201336.00
  }, {
    "date" : "2025-10-06",
    "price" : 148.14,
    "dma50" : 146.97,
    "dma100" : 152.85,
    "dma200" : 157.27,
    "volume" : 149934.00
  }, {
    "date" : "2025-10-07",
    "price" : 149.34,
    "dma50" : 147.06,
    "dma100" : 152.62,
    "dma200" : 157.19,
    "volume" : 69858.00
  }, {
    "date" : "2025-10-08",
    "price" : 147.99,
    "dma50" : 147.10,
    "dma100" : 152.37,
    "dma200" : 157.10,
    "volume" : 113059.00
  }, {
    "date" : "2025-10-09",
    "price" : 147.15,
    "dma50" : 147.10,
    "dma100" : 152.11,
    "dma200" : 157.00,
    "volume" : 79445.00
  }, {
    "date" : "2025-10-10",
    "price" : 147.33,
    "dma50" : 147.11,
    "dma100" : 151.90,
    "dma200" : 156.90,
    "volume" : 115031.00
  }, {
    "date" : "2025-10-13",
    "price" : 145.62,
    "dma50" : 147.05,
    "dma100" : 151.70,
    "dma200" : 156.79,
    "volume" : 108776.00
  }, {
    "date" : "2025-10-14",
    "price" : 145.62,
    "dma50" : 146.99,
    "dma100" : 151.54,
    "dma200" : 156.68,
    "volume" : 64816.00
  }, {
    "date" : "2025-10-15",
    "price" : 146.18,
    "dma50" : 146.96,
    "dma100" : 151.37,
    "dma200" : 156.57,
    "volume" : 46858.00
  }, {
    "date" : "2025-10-16",
    "price" : 146.71,
    "dma50" : 146.95,
    "dma100" : 151.25,
    "dma200" : 156.48,
    "volume" : 94797.00
  }, {
    "date" : "2025-10-17",
    "price" : 145.51,
    "dma50" : 146.90,
    "dma100" : 151.11,
    "dma200" : 156.37,
    "volume" : 112518.00
  }, {
    "date" : "2025-10-20",
    "price" : 145.59,
    "dma50" : 146.84,
    "dma100" : 150.97,
    "dma200" : 156.26,
    "volume" : 103507.00
  }, {
    "date" : "2025-10-21",
    "price" : 146.92,
    "dma50" : 146.85,
    "dma100" : 150.86,
    "dma200" : 156.17,
    "volume" : 31645.00
  }, {
    "date" : "2025-10-23",
    "price" : 146.61,
    "dma50" : 146.84,
    "dma100" : 150.77,
    "dma200" : 156.07,
    "volume" : 55982.00
  }, {
    "date" : "2025-10-24",
    "price" : 147.40,
    "dma50" : 146.86,
    "dma100" : 150.70,
    "dma200" : 155.99,
    "volume" : 71880.00
  }, {
    "date" : "2025-10-27",
    "price" : 157.14,
    "dma50" : 147.26,
    "dma100" : 150.68,
    "dma200" : 156.00,
    "volume" : 1370585.00
  }, {
    "date" : "2025-10-28",
    "price" : 158.05,
    "dma50" : 147.69,
    "dma100" : 150.71,
    "dma200" : 156.02,
    "volume" : 263940.00
  }, {
    "date" : "2025-10-29",
    "price" : 157.71,
    "dma50" : 148.08,
    "dma100" : 150.73,
    "dma200" : 156.03,
    "volume" : 162145.00
  }, {
    "date" : "2025-10-30",
    "price" : 157.43,
    "dma50" : 148.45,
    "dma100" : 150.73,
    "dma200" : 156.05,
    "volume" : 625559.00
  }, {
    "date" : "2025-10-31",
    "price" : 156.61,
    "dma50" : 148.77,
    "dma100" : 150.67,
    "dma200" : 156.05,
    "volume" : 138389.00
  }, {
    "date" : "2025-11-03",
    "price" : 154.03,
    "dma50" : 148.97,
    "dma100" : 150.53,
    "dma200" : 156.03,
    "volume" : 301137.00
  }, {
    "date" : "2025-11-04",
    "price" : 151.08,
    "dma50" : 149.06,
    "dma100" : 150.38,
    "dma200" : 155.98,
    "volume" : 134557.00
  }, {
    "date" : "2025-11-06",
    "price" : 148.96,
    "dma50" : 149.05,
    "dma100" : 150.25,
    "dma200" : 155.91,
    "volume" : 136670.00
  }, {
    "date" : "2025-11-07",
    "price" : 151.04,
    "dma50" : 149.13,
    "dma100" : 150.16,
    "dma200" : 155.87,
    "volume" : 164836.00
  }, {
    "date" : "2025-11-10",
    "price" : 151.90,
    "dma50" : 149.24,
    "dma100" : 150.12,
    "dma200" : 155.83,
    "volume" : 155835.00
  }, {
    "date" : "2025-11-11",
    "price" : 152.35,
    "dma50" : 149.36,
    "dma100" : 150.10,
    "dma200" : 155.79,
    "volume" : 80704.00
  }, {
    "date" : "2025-11-12",
    "price" : 151.77,
    "dma50" : 149.45,
    "dma100" : 150.09,
    "dma200" : 155.75,
    "volume" : 129576.00
  }, {
    "date" : "2025-11-13",
    "price" : 150.81,
    "dma50" : 149.51,
    "dma100" : 150.10,
    "dma200" : 155.70,
    "volume" : 138086.00
  }, {
    "date" : "2025-11-14",
    "price" : 151.53,
    "dma50" : 149.59,
    "dma100" : 150.09,
    "dma200" : 155.66,
    "volume" : 105215.00
  }, {
    "date" : "2025-11-17",
    "price" : 152.90,
    "dma50" : 149.72,
    "dma100" : 150.10,
    "dma200" : 155.63,
    "volume" : 133133.00
  }, {
    "date" : "2025-11-18",
    "price" : 155.49,
    "dma50" : 149.94,
    "dma100" : 150.08,
    "dma200" : 155.63,
    "volume" : 378964.00
  }, {
    "date" : "2025-11-19",
    "price" : 152.35,
    "dma50" : 150.04,
    "dma100" : 150.02,
    "dma200" : 155.60,
    "volume" : 197368.00
  }, {
    "date" : "2025-11-20",
    "price" : 150.79,
    "dma50" : 150.07,
    "dma100" : 149.93,
    "dma200" : 155.55,
    "volume" : 98043.00
  }, {
    "date" : "2025-11-21",
    "price" : 150.03,
    "dma50" : 150.07,
    "dma100" : 149.86,
    "dma200" : 155.50,
    "volume" : 100750.00
  }, {
    "date" : "2025-11-24",
    "price" : 150.04,
    "dma50" : 150.06,
    "dma100" : 149.66,
    "dma200" : 155.44,
    "volume" : 120081.00
  }, {
    "date" : "2025-11-25",
    "price" : 149.09,
    "dma50" : 150.03,
    "dma100" : 149.46,
    "dma200" : 155.38,
    "volume" : 146697.00
  }, {
    "date" : "2025-11-26",
    "price" : 149.15,
    "dma50" : 149.99,
    "dma100" : 149.29,
    "dma200" : 155.32,
    "volume" : 235552.00
  }, {
    "date" : "2025-11-27",
    "price" : 151.70,
    "dma50" : 150.06,
    "dma100" : 149.14,
    "dma200" : 155.28,
    "volume" : 220085.00
  }, {
    "date" : "2025-11-28",
    "price" : 153.73,
    "dma50" : 150.20,
    "dma100" : 148.95,
    "dma200" : 155.27,
    "volume" : 89237.00
  }, {
    "date" : "2025-12-01",
    "price" : 152.68,
    "dma50" : 150.30,
    "dma100" : 148.81,
    "dma200" : 155.24,
    "volume" : 209581.00
  }, {
    "date" : "2025-12-02",
    "price" : 150.31,
    "dma50" : 150.30,
    "dma100" : 148.66,
    "dma200" : 155.19,
    "volume" : 83491.00
  }, {
    "date" : "2025-12-03",
    "price" : 149.93,
    "dma50" : 150.29,
    "dma100" : 148.50,
    "dma200" : 155.14,
    "volume" : 137951.00
  }, {
    "date" : "2025-12-04",
    "price" : 147.06,
    "dma50" : 150.16,
    "dma100" : 148.32,
    "dma200" : 155.06,
    "volume" : 123942.00
  }, {
    "date" : "2025-12-05",
    "price" : 144.21,
    "dma50" : 149.93,
    "dma100" : 148.15,
    "dma200" : 154.95,
    "volume" : 78014.00
  }, {
    "date" : "2025-12-08",
    "price" : 140.56,
    "dma50" : 149.56,
    "dma100" : 147.96,
    "dma200" : 154.81,
    "volume" : 273930.00
  }, {
    "date" : "2025-12-09",
    "price" : 137.25,
    "dma50" : 149.08,
    "dma100" : 147.71,
    "dma200" : 154.63,
    "volume" : 575481.00
  }, {
    "date" : "2025-12-10",
    "price" : 141.53,
    "dma50" : 148.78,
    "dma100" : 147.47,
    "dma200" : 154.50,
    "volume" : 114366.00
  }, {
    "date" : "2025-12-11",
    "price" : 142.69,
    "dma50" : 148.54,
    "dma100" : 147.27,
    "dma200" : 154.38,
    "volume" : 101178.00
  }, {
    "date" : "2025-12-12",
    "price" : 143.49,
    "dma50" : 148.34,
    "dma100" : 147.06,
    "dma200" : 154.28,
    "volume" : 116353.00
  }, {
    "date" : "2025-12-15",
    "price" : 143.10,
    "dma50" : 148.14,
    "dma100" : 146.90,
    "dma200" : 154.16,
    "volume" : 107051.00
  }, {
    "date" : "2025-12-16",
    "price" : 141.19,
    "dma50" : 147.87,
    "dma100" : 146.73,
    "dma200" : 154.04,
    "volume" : 88802.00
  }, {
    "date" : "2025-12-17",
    "price" : 139.63,
    "dma50" : 147.54,
    "dma100" : 146.54,
    "dma200" : 153.89,
    "volume" : 127082.00
  }, {
    "date" : "2025-12-18",
    "price" : 139.81,
    "dma50" : 147.24,
    "dma100" : 146.38,
    "dma200" : 153.75,
    "volume" : 53334.00
  }, {
    "date" : "2025-12-19",
    "price" : 140.46,
    "dma50" : 146.97,
    "dma100" : 146.28,
    "dma200" : 153.62,
    "volume" : 72762.00
  }, {
    "date" : "2025-12-22",
    "price" : 140.77,
    "dma50" : 146.73,
    "dma100" : 146.22,
    "dma200" : 153.49,
    "volume" : 68217.00
  }, {
    "date" : "2025-12-23",
    "price" : 141.10,
    "dma50" : 146.51,
    "dma100" : 146.17,
    "dma200" : 153.37,
    "volume" : 57108.00
  }, {
    "date" : "2025-12-24",
    "price" : 141.44,
    "dma50" : 146.31,
    "dma100" : 146.12,
    "dma200" : 153.25,
    "volume" : 64268.00
  }, {
    "date" : "2025-12-26",
    "price" : 141.87,
    "dma50" : 146.14,
    "dma100" : 146.09,
    "dma200" : 153.14,
    "volume" : 61763.00
  }, {
    "date" : "2025-12-29",
    "price" : 142.44,
    "dma50" : 145.99,
    "dma100" : 146.06,
    "dma200" : 153.03,
    "volume" : 65136.00
  }, {
    "date" : "2025-12-30",
    "price" : 143.68,
    "dma50" : 145.90,
    "dma100" : 146.05,
    "dma200" : 152.94,
    "volume" : 65160.00
  }, {
    "date" : "2025-12-31",
    "price" : 143.76,
    "dma50" : 145.82,
    "dma100" : 146.04,
    "dma200" : 152.85,
    "volume" : 125140.00
  }, {
    "date" : "2026-01-01",
    "price" : 144.29,
    "dma50" : 145.76,
    "dma100" : 146.06,
    "dma200" : 152.76,
    "volume" : 32801.00
  }, {
    "date" : "2026-01-02",
    "price" : 144.64,
    "dma50" : 145.71,
    "dma100" : 146.08,
    "dma200" : 152.68,
    "volume" : 80359.00
  }, {
    "date" : "2026-01-05",
    "price" : 145.98,
    "dma50" : 145.72,
    "dma100" : 146.11,
    "dma200" : 152.61,
    "volume" : 128264.00
  }, {
    "date" : "2026-01-06",
    "price" : 149.40,
    "dma50" : 145.87,
    "dma100" : 146.20,
    "dma200" : 152.58,
    "volume" : 119087.00
  }, {
    "date" : "2026-01-07",
    "price" : 150.24,
    "dma50" : 146.04,
    "dma100" : 146.29,
    "dma200" : 152.56,
    "volume" : 117054.00
  }, {
    "date" : "2026-01-08",
    "price" : 149.63,
    "dma50" : 146.18,
    "dma100" : 146.39,
    "dma200" : 152.53,
    "volume" : 157352.00
  }, {
    "date" : "2026-01-09",
    "price" : 149.66,
    "dma50" : 146.32,
    "dma100" : 146.48,
    "dma200" : 152.50,
    "volume" : 127100.00
  }, {
    "date" : "2026-01-12",
    "price" : 148.30,
    "dma50" : 146.39,
    "dma100" : 146.56,
    "dma200" : 152.46,
    "volume" : 161671.00
  }, {
    "date" : "2026-01-13",
    "price" : 150.94,
    "dma50" : 146.57,
    "dma100" : 146.67,
    "dma200" : 152.44,
    "volume" : 114992.00
  }, {
    "date" : "2026-01-14",
    "price" : 151.38,
    "dma50" : 146.76,
    "dma100" : 146.78,
    "dma200" : 152.43,
    "volume" : 69281.00
  }, {
    "date" : "2026-01-16",
    "price" : 150.80,
    "dma50" : 146.92,
    "dma100" : 146.89,
    "dma200" : 152.42,
    "volume" : 143275.00
  }, {
    "date" : "2026-01-19",
    "price" : 151.48,
    "dma50" : 147.10,
    "dma100" : 147.00,
    "dma200" : 152.41,
    "volume" : 225152.00
  }, {
    "date" : "2026-01-20",
    "price" : 148.72,
    "dma50" : 147.16,
    "dma100" : 147.10,
    "dma200" : 152.37,
    "volume" : 202176.00
  }, {
    "date" : "2026-01-21",
    "price" : 149.44,
    "dma50" : 147.25,
    "dma100" : 147.22,
    "dma200" : 152.34,
    "volume" : 227971.00
  }, {
    "date" : "2026-01-22",
    "price" : 150.04,
    "dma50" : 147.36,
    "dma100" : 147.38,
    "dma200" : 152.32,
    "volume" : 231150.00
  }, {
    "date" : "2026-01-23",
    "price" : 152.13,
    "dma50" : 147.55,
    "dma100" : 147.55,
    "dma200" : 152.32,
    "volume" : 124292.00
  }, {
    "date" : "2026-01-27",
    "price" : 153.47,
    "dma50" : 147.78,
    "dma100" : 147.69,
    "dma200" : 152.33,
    "volume" : 231959.00
  }, {
    "date" : "2026-01-28",
    "price" : 158.55,
    "dma50" : 148.20,
    "dma100" : 147.87,
    "dma200" : 152.39,
    "volume" : 564133.00
  }, {
    "date" : "2026-01-29",
    "price" : 154.27,
    "dma50" : 148.44,
    "dma100" : 147.95,
    "dma200" : 152.41,
    "volume" : 706927.00
  }, {
    "date" : "2026-01-30",
    "price" : 158.35,
    "dma50" : 148.83,
    "dma100" : 148.07,
    "dma200" : 152.47,
    "volume" : 183642.00
  }, {
    "date" : "2026-02-01",
    "price" : 154.02,
    "dma50" : 149.03,
    "dma100" : 148.13,
    "dma200" : 152.48,
    "volume" : 90638.00
  }, {
    "date" : "2026-02-02",
    "price" : 154.01,
    "dma50" : 149.23,
    "dma100" : 148.22,
    "dma200" : 152.50,
    "volume" : 132333.00
  }, {
    "date" : "2026-02-03",
    "price" : 156.92,
    "dma50" : 149.53,
    "dma100" : 148.35,
    "dma200" : 152.54,
    "volume" : 117836.00
  }, {
    "date" : "2026-02-04",
    "price" : 158.46,
    "dma50" : 149.88,
    "dma100" : 148.46,
    "dma200" : 152.60,
    "volume" : 98409.00
  }, {
    "date" : "2026-02-05",
    "price" : 159.25,
    "dma50" : 150.25,
    "dma100" : 148.59,
    "dma200" : 152.67,
    "volume" : 81671.00
  }, {
    "date" : "2026-02-06",
    "price" : 159.88,
    "dma50" : 150.62,
    "dma100" : 148.71,
    "dma200" : 152.74,
    "volume" : 95054.00
  }, {
    "date" : "2026-02-09",
    "price" : 158.35,
    "dma50" : 150.93,
    "dma100" : 148.82,
    "dma200" : 152.80,
    "volume" : 351761.00
  }, {
    "date" : "2026-02-10",
    "price" : 157.16,
    "dma50" : 151.17,
    "dma100" : 148.92,
    "dma200" : 152.84,
    "volume" : 91287.00
  }, {
    "date" : "2026-02-11",
    "price" : 156.06,
    "dma50" : 151.36,
    "dma100" : 149.01,
    "dma200" : 152.87,
    "volume" : 100490.00
  }, {
    "date" : "2026-02-12",
    "price" : 155.69,
    "dma50" : 151.53,
    "dma100" : 149.10,
    "dma200" : 152.90,
    "volume" : 59732.00
  }, {
    "date" : "2026-02-13",
    "price" : 154.33,
    "dma50" : 151.64,
    "dma100" : 149.17,
    "dma200" : 152.91,
    "volume" : 96645.00
  } ],
  "latestTechnicalAttributes" : {
    "date" : "2026-02-13",
    "price" : 154.33,
    "dma50" : 151.64,
    "dma100" : 149.17,
    "dma200" : 152.91,
    "volume" : 96645.00
  },
  "quarterlyResults" : [ {
    "date" : "2009-12-31",
    "sales" : 8.76,
    "salesGrowthYoY" : null,
    "grossProfitMargin" : 100.00,
    "grossProfit" : 8.76,
    "operatingProfitMargin" : 54.79,
    "operatingProfit" : 4.80,
    "netProfitMargin" : 6.05,
    "netProfit" : 0.53
  }, {
    "date" : "2010-03-31",
    "sales" : 14.61,
    "salesGrowthYoY" : null,
    "grossProfitMargin" : 100.00,
    "grossProfit" : 14.61,
    "operatingProfitMargin" : 59.75,
    "operatingProfit" : 8.73,
    "netProfitMargin" : 10.54,
    "netProfit" : 1.54
  }, {
    "date" : "2010-12-31",
    "sales" : 14.91,
    "salesGrowthYoY" : null,
    "grossProfitMargin" : 100.00,
    "grossProfit" : 14.91,
    "operatingProfitMargin" : 52.98,
    "operatingProfit" : 7.90,
    "netProfitMargin" : 1.61,
    "netProfit" : 0.24
  }, {
    "date" : "2011-03-31",
    "sales" : 15.69,
    "salesGrowthYoY" : null,
    "grossProfitMargin" : 100.00,
    "grossProfit" : 15.69,
    "operatingProfitMargin" : 54.62,
    "operatingProfit" : 8.57,
    "netProfitMargin" : 3.44,
    "netProfit" : 0.54
  }, {
    "date" : "2011-06-30",
    "sales" : 14.98,
    "salesGrowthYoY" : 71.00,
    "grossProfitMargin" : 100.00,
    "grossProfit" : 14.98,
    "operatingProfitMargin" : 49.67,
    "operatingProfit" : 7.44,
    "netProfitMargin" : 2.80,
    "netProfit" : 0.42
  }, {
    "date" : "2011-09-30",
    "sales" : 12.83,
    "salesGrowthYoY" : -12.18,
    "grossProfitMargin" : 100.00,
    "grossProfit" : 12.83,
    "operatingProfitMargin" : 47.62,
    "operatingProfit" : 6.11,
    "netProfitMargin" : 1.01,
    "netProfit" : 0.13
  }, {
    "date" : "2011-12-31",
    "sales" : 12.21,
    "salesGrowthYoY" : -18.11,
    "grossProfitMargin" : 100.00,
    "grossProfit" : 12.21,
    "operatingProfitMargin" : 53.32,
    "operatingProfit" : 6.51,
    "netProfitMargin" : 1.06,
    "netProfit" : 0.13
  }, {
    "date" : "2012-03-31",
    "sales" : 16.15,
    "salesGrowthYoY" : 2.93,
    "grossProfitMargin" : 100.00,
    "grossProfit" : 16.15,
    "operatingProfitMargin" : 58.64,
    "operatingProfit" : 9.47,
    "netProfitMargin" : 4.46,
    "netProfit" : 0.72
  }, {
    "date" : "2012-06-30",
    "sales" : 16.13,
    "salesGrowthYoY" : 7.68,
    "grossProfitMargin" : 100.00,
    "grossProfit" : 16.13,
    "operatingProfitMargin" : 53.19,
    "operatingProfit" : 8.58,
    "netProfitMargin" : 1.67,
    "netProfit" : 0.27
  }, {
    "date" : "2012-09-30",
    "sales" : 19.20,
    "salesGrowthYoY" : 49.65,
    "grossProfitMargin" : 100.00,
    "grossProfit" : 19.20,
    "operatingProfitMargin" : 58.91,
    "operatingProfit" : 11.31,
    "netProfitMargin" : 1.46,
    "netProfit" : 0.28
  }, {
    "date" : "2012-12-31",
    "sales" : 26.00,
    "salesGrowthYoY" : 112.94,
    "grossProfitMargin" : 100.00,
    "grossProfit" : 26.00,
    "operatingProfitMargin" : 63.65,
    "operatingProfit" : 16.55,
    "netProfitMargin" : 3.85,
    "netProfit" : 1.00
  }, {
    "date" : "2013-03-31",
    "sales" : 32.80,
    "salesGrowthYoY" : 103.10,
    "grossProfitMargin" : 100.00,
    "grossProfit" : 32.80,
    "operatingProfitMargin" : 72.04,
    "operatingProfit" : 23.63,
    "netProfitMargin" : 7.16,
    "netProfit" : 2.35
  }, {
    "date" : "2013-06-30",
    "sales" : 37.16,
    "salesGrowthYoY" : 130.38,
    "grossProfitMargin" : 100.00,
    "grossProfit" : 37.16,
    "operatingProfitMargin" : 61.11,
    "operatingProfit" : 22.71,
    "netProfitMargin" : 3.63,
    "netProfit" : 1.35
  }, {
    "date" : "2013-09-30",
    "sales" : 42.40,
    "salesGrowthYoY" : 120.83,
    "grossProfitMargin" : 100.00,
    "grossProfit" : 42.40,
    "operatingProfitMargin" : 65.09,
    "operatingProfit" : 27.60,
    "netProfitMargin" : 5.52,
    "netProfit" : 2.34
  }, {
    "date" : "2013-12-31",
    "sales" : 53.55,
    "salesGrowthYoY" : 105.96,
    "grossProfitMargin" : 100.00,
    "grossProfit" : 53.55,
    "operatingProfitMargin" : 69.58,
    "operatingProfit" : 37.26,
    "netProfitMargin" : 9.92,
    "netProfit" : 5.31
  }, {
    "date" : "2014-03-31",
    "sales" : 57.44,
    "salesGrowthYoY" : 75.12,
    "grossProfitMargin" : 100.00,
    "grossProfit" : 57.44,
    "operatingProfitMargin" : 72.32,
    "operatingProfit" : 41.54,
    "netProfitMargin" : 11.44,
    "netProfit" : 6.57
  }, {
    "date" : "2014-06-30",
    "sales" : 61.95,
    "salesGrowthYoY" : 66.71,
    "grossProfitMargin" : 100.00,
    "grossProfit" : 61.95,
    "operatingProfitMargin" : 67.97,
    "operatingProfit" : 42.11,
    "netProfitMargin" : 11.15,
    "netProfit" : 6.91
  }, {
    "date" : "2014-09-30",
    "sales" : 73.97,
    "salesGrowthYoY" : 74.46,
    "grossProfitMargin" : 100.00,
    "grossProfit" : 73.97,
    "operatingProfitMargin" : 64.86,
    "operatingProfit" : 47.98,
    "netProfitMargin" : 8.94,
    "netProfit" : 6.61
  }, {
    "date" : "2014-12-31",
    "sales" : 86.38,
    "salesGrowthYoY" : 61.31,
    "grossProfitMargin" : 100.00,
    "grossProfit" : 86.38,
    "operatingProfitMargin" : 70.46,
    "operatingProfit" : 60.86,
    "netProfitMargin" : 8.96,
    "netProfit" : 7.74
  }, {
    "date" : "2015-03-31",
    "sales" : 99.59,
    "salesGrowthYoY" : 73.38,
    "grossProfitMargin" : 100.00,
    "grossProfit" : 99.59,
    "operatingProfitMargin" : 72.98,
    "operatingProfit" : 72.68,
    "netProfitMargin" : 10.49,
    "netProfit" : 10.45
  }, {
    "date" : "2015-06-30",
    "sales" : 113.57,
    "salesGrowthYoY" : 83.33,
    "grossProfitMargin" : 100.00,
    "grossProfit" : 113.57,
    "operatingProfitMargin" : 68.66,
    "operatingProfit" : 77.98,
    "netProfitMargin" : 10.63,
    "netProfit" : 12.07
  }, {
    "date" : "2015-09-30",
    "sales" : 126.14,
    "salesGrowthYoY" : 70.53,
    "grossProfitMargin" : 100.00,
    "grossProfit" : 126.14,
    "operatingProfitMargin" : 70.15,
    "operatingProfit" : 88.49,
    "netProfitMargin" : 11.52,
    "netProfit" : 14.53
  }, {
    "date" : "2015-12-31",
    "sales" : 142.36,
    "salesGrowthYoY" : 64.81,
    "grossProfitMargin" : 100.00,
    "grossProfit" : 142.36,
    "operatingProfitMargin" : 67.57,
    "operatingProfit" : 96.19,
    "netProfitMargin" : 10.54,
    "netProfit" : 15.00
  }, {
    "date" : "2016-03-31",
    "sales" : 170.20,
    "salesGrowthYoY" : 70.90,
    "grossProfitMargin" : 100.00,
    "grossProfit" : 170.20,
    "operatingProfitMargin" : 65.42,
    "operatingProfit" : 111.34,
    "netProfitMargin" : 9.60,
    "netProfit" : 16.34
  }, {
    "date" : "2016-06-30",
    "sales" : 194.99,
    "salesGrowthYoY" : 71.69,
    "grossProfitMargin" : 100.00,
    "grossProfit" : 194.99,
    "operatingProfitMargin" : 69.18,
    "operatingProfit" : 134.89,
    "netProfitMargin" : 12.61,
    "netProfit" : 24.59
  }, {
    "date" : "2016-09-30",
    "sales" : 208.90,
    "salesGrowthYoY" : 65.61,
    "grossProfitMargin" : 100.00,
    "grossProfit" : 208.90,
    "operatingProfitMargin" : 19.36,
    "operatingProfit" : 40.44,
    "netProfitMargin" : 12.46,
    "netProfit" : 26.03
  }, {
    "date" : "2016-12-31",
    "sales" : 207.95,
    "salesGrowthYoY" : 46.07,
    "grossProfitMargin" : 100.00,
    "grossProfit" : 207.95,
    "operatingProfitMargin" : 68.30,
    "operatingProfit" : 142.03,
    "netProfitMargin" : 7.91,
    "netProfit" : 16.45
  }, {
    "date" : "2017-03-31",
    "sales" : 164.82,
    "salesGrowthYoY" : -3.16,
    "grossProfitMargin" : 100.00,
    "grossProfit" : 164.82,
    "operatingProfitMargin" : 35.86,
    "operatingProfit" : 59.10,
    "netProfitMargin" : -25.82,
    "netProfit" : -42.56
  }, {
    "date" : "2017-06-30",
    "sales" : 242.71,
    "salesGrowthYoY" : 24.47,
    "grossProfitMargin" : 100.00,
    "grossProfit" : 242.71,
    "operatingProfitMargin" : 2.35,
    "operatingProfit" : 5.70,
    "netProfitMargin" : -33.88,
    "netProfit" : -82.23
  }, {
    "date" : "2017-09-30",
    "sales" : 235.12,
    "salesGrowthYoY" : 12.55,
    "grossProfitMargin" : 100.00,
    "grossProfit" : 235.12,
    "operatingProfitMargin" : 104.19,
    "operatingProfit" : 244.97,
    "netProfitMargin" : 31.65,
    "netProfit" : 74.42
  }, {
    "date" : "2017-12-31",
    "sales" : 245.61,
    "salesGrowthYoY" : 18.11,
    "grossProfitMargin" : 100.00,
    "grossProfit" : 245.61,
    "operatingProfitMargin" : 86.23,
    "operatingProfit" : 211.79,
    "netProfitMargin" : 19.88,
    "netProfit" : 48.83
  }, {
    "date" : "2018-03-31",
    "sales" : 277.63,
    "salesGrowthYoY" : 68.44,
    "grossProfitMargin" : 100.00,
    "grossProfit" : 277.63,
    "operatingProfitMargin" : 75.72,
    "operatingProfit" : 210.22,
    "netProfitMargin" : 14.82,
    "netProfit" : 41.14
  }, {
    "date" : "2018-06-30",
    "sales" : 309.40,
    "salesGrowthYoY" : 27.48,
    "grossProfitMargin" : 100.00,
    "grossProfit" : 309.40,
    "operatingProfitMargin" : 62.59,
    "operatingProfit" : 193.65,
    "netProfitMargin" : 8.10,
    "netProfit" : 25.06
  }, {
    "date" : "2018-09-30",
    "sales" : 352.02,
    "salesGrowthYoY" : 49.72,
    "grossProfitMargin" : 100.00,
    "grossProfit" : 352.02,
    "operatingProfitMargin" : 68.06,
    "operatingProfit" : 239.58,
    "netProfitMargin" : 12.61,
    "netProfit" : 44.39
  }, {
    "date" : "2018-12-31",
    "sales" : 381.35,
    "salesGrowthYoY" : 55.27,
    "grossProfitMargin" : 100.00,
    "grossProfit" : 381.35,
    "operatingProfitMargin" : 74.32,
    "operatingProfit" : 283.42,
    "netProfitMargin" : 18.36,
    "netProfit" : 70.02
  }, {
    "date" : "2019-03-31",
    "sales" : 329.99,
    "salesGrowthYoY" : 18.86,
    "grossProfitMargin" : 100.00,
    "grossProfit" : 329.99,
    "operatingProfitMargin" : 72.44,
    "operatingProfit" : 239.04,
    "netProfitMargin" : 16.81,
    "netProfit" : 55.47
  }, {
    "date" : "2019-06-30",
    "sales" : 332.75,
    "salesGrowthYoY" : 7.55,
    "grossProfitMargin" : 100.00,
    "grossProfit" : 332.75,
    "operatingProfitMargin" : 65.76,
    "operatingProfit" : 218.82,
    "netProfitMargin" : 12.44,
    "netProfit" : 41.39
  }, {
    "date" : "2019-09-30",
    "sales" : 344.85,
    "salesGrowthYoY" : -2.04,
    "grossProfitMargin" : 100.00,
    "grossProfit" : 344.85,
    "operatingProfitMargin" : 65.92,
    "operatingProfit" : 227.33,
    "netProfitMargin" : 15.87,
    "netProfit" : 54.73
  }, {
    "date" : "2019-12-31",
    "sales" : 346.99,
    "salesGrowthYoY" : -9.01,
    "grossProfitMargin" : 100.00,
    "grossProfit" : 346.99,
    "operatingProfitMargin" : 57.55,
    "operatingProfit" : 199.69,
    "netProfitMargin" : 13.74,
    "netProfit" : 47.68
  }, {
    "date" : "2020-03-31",
    "sales" : 375.01,
    "salesGrowthYoY" : 13.64,
    "grossProfitMargin" : 100.00,
    "grossProfit" : 375.01,
    "operatingProfitMargin" : 41.64,
    "operatingProfit" : 156.15,
    "netProfitMargin" : 3.33,
    "netProfit" : 12.49
  }, {
    "date" : "2020-06-30",
    "sales" : 289.31,
    "salesGrowthYoY" : -13.05,
    "grossProfitMargin" : 100.00,
    "grossProfit" : 289.31,
    "operatingProfitMargin" : 60.84,
    "operatingProfit" : 176.02,
    "netProfitMargin" : 4.44,
    "netProfit" : 12.85
  }, {
    "date" : "2020-09-30",
    "sales" : 313.16,
    "salesGrowthYoY" : -9.19,
    "grossProfitMargin" : 100.00,
    "grossProfit" : 313.16,
    "operatingProfitMargin" : 56.01,
    "operatingProfit" : 175.40,
    "netProfitMargin" : 4.09,
    "netProfit" : 12.81
  }, {
    "date" : "2020-12-31",
    "sales" : 293.42,
    "salesGrowthYoY" : -15.44,
    "grossProfitMargin" : 100.00,
    "grossProfit" : 293.42,
    "operatingProfitMargin" : 16.11,
    "operatingProfit" : 47.27,
    "netProfitMargin" : -27.94,
    "netProfit" : -81.98
  }, {
    "date" : "2021-03-31",
    "sales" : 372.59,
    "salesGrowthYoY" : -0.65,
    "grossProfitMargin" : 100.00,
    "grossProfit" : 372.59,
    "operatingProfitMargin" : 59.08,
    "operatingProfit" : 220.13,
    "netProfitMargin" : 11.48,
    "netProfit" : 42.77
  }, {
    "date" : "2021-06-30",
    "sales" : 320.22,
    "salesGrowthYoY" : 10.68,
    "grossProfitMargin" : 100.00,
    "grossProfit" : 320.22,
    "operatingProfitMargin" : 21.11,
    "operatingProfit" : 67.60,
    "netProfitMargin" : -22.25,
    "netProfit" : -71.25
  }, {
    "date" : "2021-09-30",
    "sales" : 298.69,
    "salesGrowthYoY" : -4.62,
    "grossProfitMargin" : 100.00,
    "grossProfit" : 298.69,
    "operatingProfitMargin" : 56.07,
    "operatingProfit" : 167.48,
    "netProfitMargin" : 3.91,
    "netProfit" : 11.68
  }, {
    "date" : "2021-12-31",
    "sales" : 316.24,
    "salesGrowthYoY" : 7.78,
    "grossProfitMargin" : 100.00,
    "grossProfit" : 316.24,
    "operatingProfitMargin" : 65.18,
    "operatingProfit" : 206.13,
    "netProfitMargin" : 12.73,
    "netProfit" : 40.26
  }, {
    "date" : "2022-03-31",
    "sales" : 330.54,
    "salesGrowthYoY" : -11.29,
    "grossProfitMargin" : 100.00,
    "grossProfit" : 330.54,
    "operatingProfitMargin" : 71.64,
    "operatingProfit" : 236.80,
    "netProfitMargin" : 18.01,
    "netProfit" : 59.53
  }, {
    "date" : "2022-06-30",
    "sales" : 661.89,
    "salesGrowthYoY" : 106.70,
    "grossProfitMargin" : 100.00,
    "grossProfit" : 661.89,
    "operatingProfitMargin" : 33.62,
    "operatingProfit" : 222.53,
    "netProfitMargin" : 9.09,
    "netProfit" : 60.17
  }, {
    "date" : "2022-09-30",
    "sales" : 324.97,
    "salesGrowthYoY" : 8.80,
    "grossProfitMargin" : 100.00,
    "grossProfit" : 324.97,
    "operatingProfitMargin" : 64.44,
    "operatingProfit" : 209.41,
    "netProfitMargin" : 16.81,
    "netProfit" : 54.63
  }, {
    "date" : "2022-12-31",
    "sales" : 377.56,
    "salesGrowthYoY" : 19.39,
    "grossProfitMargin" : 100.00,
    "grossProfit" : 377.56,
    "operatingProfitMargin" : 58.75,
    "operatingProfit" : 221.82,
    "netProfitMargin" : 14.60,
    "netProfit" : 55.12
  }, {
    "date" : "2023-03-31",
    "sales" : 388.78,
    "salesGrowthYoY" : 17.62,
    "grossProfitMargin" : 100.00,
    "grossProfit" : 388.78,
    "operatingProfitMargin" : 71.76,
    "operatingProfit" : 278.99,
    "netProfitMargin" : 24.28,
    "netProfit" : 94.40
  }, {
    "date" : "2023-06-30",
    "sales" : 421.92,
    "salesGrowthYoY" : -36.26,
    "grossProfitMargin" : 100.00,
    "grossProfit" : 421.92,
    "operatingProfitMargin" : 68.45,
    "operatingProfit" : 288.80,
    "netProfitMargin" : 20.36,
    "netProfit" : 85.90
  }, {
    "date" : "2023-09-30",
    "sales" : 491.69,
    "salesGrowthYoY" : 51.30,
    "grossProfitMargin" : 100.00,
    "grossProfit" : 491.69,
    "operatingProfitMargin" : 69.90,
    "operatingProfit" : 343.69,
    "netProfitMargin" : 21.00,
    "netProfit" : 103.25
  }, {
    "date" : "2023-12-31",
    "sales" : 547.44,
    "salesGrowthYoY" : 44.99,
    "grossProfitMargin" : 100.00,
    "grossProfit" : 547.44,
    "operatingProfitMargin" : 69.38,
    "operatingProfit" : 379.81,
    "netProfitMargin" : 19.80,
    "netProfit" : 108.39
  }, {
    "date" : "2024-03-31",
    "sales" : 592.58,
    "salesGrowthYoY" : 52.42,
    "grossProfitMargin" : 100.00,
    "grossProfit" : 592.58,
    "operatingProfitMargin" : 68.26,
    "operatingProfit" : 404.50,
    "netProfitMargin" : 21.14,
    "netProfit" : 125.27
  }, {
    "date" : "2024-06-30",
    "sales" : 581.92,
    "salesGrowthYoY" : 37.92,
    "grossProfitMargin" : 100.00,
    "grossProfit" : 581.92,
    "operatingProfitMargin" : 63.90,
    "operatingProfit" : 371.85,
    "netProfitMargin" : 17.63,
    "netProfit" : 102.59
  }, {
    "date" : "2024-09-30",
    "sales" : 600.45,
    "salesGrowthYoY" : 22.12,
    "grossProfitMargin" : 100.00,
    "grossProfit" : 600.45,
    "operatingProfitMargin" : 50.85,
    "operatingProfit" : 305.33,
    "netProfitMargin" : 6.92,
    "netProfit" : 41.55
  }, {
    "date" : "2024-12-31",
    "sales" : 631.30,
    "salesGrowthYoY" : 15.32,
    "grossProfitMargin" : 100.00,
    "grossProfit" : 631.30,
    "operatingProfitMargin" : 41.91,
    "operatingProfit" : 264.58,
    "netProfitMargin" : 4.97,
    "netProfit" : 31.38
  }, {
    "date" : "2025-03-31",
    "sales" : 559.80,
    "salesGrowthYoY" : -5.53,
    "grossProfitMargin" : 100.00,
    "grossProfit" : 559.80,
    "operatingProfitMargin" : 46.68,
    "operatingProfit" : 261.31,
    "netProfitMargin" : 7.33,
    "netProfit" : 41.03
  }, {
    "date" : "2025-06-30",
    "sales" : 641.43,
    "salesGrowthYoY" : 10.23,
    "grossProfitMargin" : 100.00,
    "grossProfit" : 641.43,
    "operatingProfitMargin" : 50.85,
    "operatingProfit" : 326.17,
    "netProfitMargin" : 6.64,
    "netProfit" : 42.59
  }, {
    "date" : "2025-09-30",
    "sales" : 715.90,
    "salesGrowthYoY" : 19.23,
    "grossProfitMargin" : 100.00,
    "grossProfit" : 715.90,
    "operatingProfitMargin" : 53.76,
    "operatingProfit" : 384.87,
    "netProfitMargin" : 7.25,
    "netProfit" : 51.90
  }, {
    "date" : "2025-12-31",
    "sales" : 669.87,
    "salesGrowthYoY" : 6.11,
    "grossProfitMargin" : 100.00,
    "grossProfit" : 669.87,
    "operatingProfitMargin" : 52.86,
    "operatingProfit" : 354.09,
    "netProfitMargin" : 10.55,
    "netProfit" : 70.67
  } ],
  "latestQuarterlyResult" : {
    "date" : "2025-12-31",
    "sales" : 669.87,
    "salesGrowthYoY" : 6.11,
    "grossProfitMargin" : 100.00,
    "grossProfit" : 669.87,
    "operatingProfitMargin" : 52.86,
    "operatingProfit" : 354.09,
    "netProfitMargin" : 10.55,
    "netProfit" : 70.67
  },
  "companyScore" : {
    "priceHigherThanDma50" : 5.00,
    "priceHigherThanDma100" : 5.00,
    "priceHigherThanDma200" : 5.00,
    "dma50HigherThanDma100" : 5.00,
    "dma50HigherThanDma200" : 0.00,
    "dma100HigherThanDma200" : 0.00,
    "pricePercentageAboveDma50" : 4.91,
    "pricePercentageAboveDma100" : 4.83,
    "pricePercentageAboveDma200" : 4.95,
    "weeklyVolumeHigherThanYearlyVolume" : 0.00,
    "salesGrowthPercentile" : 5.08,
    "operatingProfitMarginPercentile" : 9.92,
    "netProfitMarginPercentile" : 6.78,
    "totalTechnicalScore" : 34.69,
    "totalFundamentalScore" : 21.78,
    "totalScore" : 56.48
  }
}