{
  "metadata" : {
    "screenerCompanyId" : "2984",
    "companyCode" : "SCI",
    "companyName" : "S C I",
    "screenerCompanyLink" : "https://www.screener.in/company/SCI/consolidated/",
    "screenerTechnicalHistoryLink" : "https://www.screener.in/api/company/2984/chart/?q=Price-DMA50-DMA200-Volume&days=365",
    "screenerQuarterlyResultsLink" : "https://www.screener.in/api/company/2984/chart/?q=GPM-OPM-NPM-Quarter+Sales&days=10000",
    "attributes" : {
      "companyCode" : "SCI",
      "companyName" : "S C I",
      "marketCap" : 12171.00,
      "peRatio" : 10.70,
      "description" : "Shipping Corporation of India is engaged involved in business of transporting goods and passengers."
    },
    "companyScore" : {
      "priceHigherThanDma50" : 5.00,
      "priceHigherThanDma100" : 5.00,
      "priceHigherThanDma200" : 5.00,
      "dma50HigherThanDma100" : 5.00,
      "dma50HigherThanDma200" : 5.00,
      "dma100HigherThanDma200" : 5.00,
      "pricePercentageAboveDma50" : 4.46,
      "pricePercentageAboveDma100" : 4.42,
      "pricePercentageAboveDma200" : 4.17,
      "weeklyVolumeHigherThanYearlyVolume" : 5.00,
      "salesGrowthPercentile" : 16.75,
      "operatingProfitMarginPercentile" : 19.52,
      "netProfitMarginPercentile" : 8.57,
      "totalTechnicalScore" : 48.05,
      "totalFundamentalScore" : 44.85,
      "totalScore" : 92.90
    }
  },
  "attributes" : {
    "companyCode" : "SCI",
    "companyName" : "S C I",
    "marketCap" : 12171.00,
    "peRatio" : 10.70,
    "description" : "Shipping Corporation of India is engaged involved in business of transporting goods and passengers."
  },
  "technicalHistory" : [ {
    "date" : "2025-02-20",
    "price" : 161.73,
    "dma50" : 192.57,
    "dma100" : null,
    "dma200" : 216.19,
    "volume" : 1423968.00
  }, {
    "date" : "2025-02-21",
    "price" : 161.49,
    "dma50" : 191.35,
    "dma100" : null,
    "dma200" : 215.65,
    "volume" : 1591620.00
  }, {
    "date" : "2025-02-24",
    "price" : 158.85,
    "dma50" : 190.08,
    "dma100" : null,
    "dma200" : 215.08,
    "volume" : 1081185.00
  }, {
    "date" : "2025-02-25",
    "price" : 155.96,
    "dma50" : 188.74,
    "dma100" : null,
    "dma200" : 214.50,
    "volume" : 917345.00
  }, {
    "date" : "2025-02-27",
    "price" : 151.73,
    "dma50" : 187.29,
    "dma100" : null,
    "dma200" : 213.87,
    "volume" : 892848.00
  }, {
    "date" : "2025-02-28",
    "price" : 145.94,
    "dma50" : 185.67,
    "dma100" : null,
    "dma200" : 213.20,
    "volume" : 1877778.00
  }, {
    "date" : "2025-03-03",
    "price" : 143.66,
    "dma50" : 184.02,
    "dma100" : null,
    "dma200" : 212.50,
    "volume" : 3224391.00
  }, {
    "date" : "2025-03-04",
    "price" : 146.91,
    "dma50" : 182.56,
    "dma100" : null,
    "dma200" : 211.85,
    "volume" : 1623573.00
  }, {
    "date" : "2025-03-05",
    "price" : 151.82,
    "dma50" : 181.36,
    "dma100" : null,
    "dma200" : 211.25,
    "volume" : 1260707.00
  }, {
    "date" : "2025-03-06",
    "price" : 154.83,
    "dma50" : 180.32,
    "dma100" : null,
    "dma200" : 210.69,
    "volume" : 1377665.00
  }, {
    "date" : "2025-03-07",
    "price" : 157.69,
    "dma50" : 179.43,
    "dma100" : null,
    "dma200" : 210.16,
    "volume" : 2127801.00
  }, {
    "date" : "2025-03-10",
    "price" : 153.11,
    "dma50" : 178.40,
    "dma100" : null,
    "dma200" : 209.60,
    "volume" : 1588209.00
  }, {
    "date" : "2025-03-11",
    "price" : 152.60,
    "dma50" : 177.39,
    "dma100" : null,
    "dma200" : 209.03,
    "volume" : 1208997.00
  }, {
    "date" : "2025-03-12",
    "price" : 150.42,
    "dma50" : 176.33,
    "dma100" : null,
    "dma200" : 208.45,
    "volume" : 1020881.00
  }, {
    "date" : "2025-03-13",
    "price" : 148.69,
    "dma50" : 175.25,
    "dma100" : null,
    "dma200" : 207.85,
    "volume" : 1440081.00
  }, {
    "date" : "2025-03-17",
    "price" : 145.48,
    "dma50" : 174.08,
    "dma100" : null,
    "dma200" : 207.23,
    "volume" : 1216568.00
  }, {
    "date" : "2025-03-18",
    "price" : 147.50,
    "dma50" : 173.04,
    "dma100" : null,
    "dma200" : 206.64,
    "volume" : 1909534.00
  }, {
    "date" : "2025-03-19",
    "price" : 157.69,
    "dma50" : 172.43,
    "dma100" : null,
    "dma200" : 206.15,
    "volume" : 6245075.00
  }, {
    "date" : "2025-03-20",
    "price" : 176.49,
    "dma50" : 172.59,
    "dma100" : null,
    "dma200" : 205.85,
    "volume" : 61002972.00
  }, {
    "date" : "2025-03-21",
    "price" : 169.26,
    "dma50" : 172.46,
    "dma100" : null,
    "dma200" : 205.49,
    "volume" : 7885217.00
  }, {
    "date" : "2025-03-24",
    "price" : 177.25,
    "dma50" : 172.65,
    "dma100" : null,
    "dma200" : 205.21,
    "volume" : 15075034.00
  }, {
    "date" : "2025-03-25",
    "price" : 175.11,
    "dma50" : 172.75,
    "dma100" : null,
    "dma200" : 204.91,
    "volume" : 6010941.00
  }, {
    "date" : "2025-03-26",
    "price" : 166.96,
    "dma50" : 172.52,
    "dma100" : null,
    "dma200" : 204.53,
    "volume" : 3785759.00
  }, {
    "date" : "2025-03-27",
    "price" : 167.00,
    "dma50" : 172.30,
    "dma100" : null,
    "dma200" : 204.16,
    "volume" : 8752732.00
  }, {
    "date" : "2025-03-28",
    "price" : 165.28,
    "dma50" : 172.03,
    "dma100" : null,
    "dma200" : 203.77,
    "volume" : 6214844.00
  }, {
    "date" : "2025-04-01",
    "price" : 170.20,
    "dma50" : 171.96,
    "dma100" : null,
    "dma200" : 203.44,
    "volume" : 4410883.00
  }, {
    "date" : "2025-04-02",
    "price" : 169.98,
    "dma50" : 171.88,
    "dma100" : null,
    "dma200" : 203.11,
    "volume" : 1800548.00
  }, {
    "date" : "2025-04-03",
    "price" : 171.63,
    "dma50" : 171.87,
    "dma100" : null,
    "dma200" : 202.79,
    "volume" : 5038209.00
  }, {
    "date" : "2025-04-04",
    "price" : 165.66,
    "dma50" : 171.63,
    "dma100" : null,
    "dma200" : 202.42,
    "volume" : 2996950.00
  }, {
    "date" : "2025-04-07",
    "price" : 157.14,
    "dma50" : 171.06,
    "dma100" : null,
    "dma200" : 201.97,
    "volume" : 6479615.00
  }, {
    "date" : "2025-04-08",
    "price" : 169.10,
    "dma50" : 170.98,
    "dma100" : null,
    "dma200" : 201.64,
    "volume" : 4131121.00
  }, {
    "date" : "2025-04-09",
    "price" : 165.91,
    "dma50" : 170.78,
    "dma100" : null,
    "dma200" : 201.29,
    "volume" : 2026058.00
  }, {
    "date" : "2025-04-11",
    "price" : 171.75,
    "dma50" : 170.82,
    "dma100" : null,
    "dma200" : 201.00,
    "volume" : 3149700.00
  }, {
    "date" : "2025-04-15",
    "price" : 173.64,
    "dma50" : 170.93,
    "dma100" : null,
    "dma200" : 200.72,
    "volume" : 2936187.00
  }, {
    "date" : "2025-04-16",
    "price" : 175.24,
    "dma50" : 171.10,
    "dma100" : null,
    "dma200" : 200.47,
    "volume" : 3194783.00
  }, {
    "date" : "2025-04-17",
    "price" : 175.70,
    "dma50" : 171.28,
    "dma100" : null,
    "dma200" : 200.22,
    "volume" : 1860923.00
  }, {
    "date" : "2025-04-21",
    "price" : 177.35,
    "dma50" : 171.52,
    "dma100" : null,
    "dma200" : 200.00,
    "volume" : 2250769.00
  }, {
    "date" : "2025-04-22",
    "price" : 176.46,
    "dma50" : 171.71,
    "dma100" : null,
    "dma200" : 199.76,
    "volume" : 1575045.00
  }, {
    "date" : "2025-04-23",
    "price" : 176.64,
    "dma50" : 171.90,
    "dma100" : null,
    "dma200" : 199.53,
    "volume" : 1986552.00
  }, {
    "date" : "2025-04-24",
    "price" : 181.02,
    "dma50" : 172.26,
    "dma100" : null,
    "dma200" : 199.35,
    "volume" : 9123701.00
  }, {
    "date" : "2025-04-25",
    "price" : 173.82,
    "dma50" : 172.32,
    "dma100" : null,
    "dma200" : 199.09,
    "volume" : 3466558.00
  }, {
    "date" : "2025-04-28",
    "price" : 176.76,
    "dma50" : 172.50,
    "dma100" : null,
    "dma200" : 198.87,
    "volume" : 5891921.00
  }, {
    "date" : "2025-04-29",
    "price" : 182.67,
    "dma50" : 172.90,
    "dma100" : null,
    "dma200" : 198.71,
    "volume" : 15640765.00
  }, {
    "date" : "2025-04-30",
    "price" : 178.01,
    "dma50" : 173.10,
    "dma100" : null,
    "dma200" : 198.50,
    "volume" : 3703547.00
  }, {
    "date" : "2025-05-02",
    "price" : 173.87,
    "dma50" : 173.13,
    "dma100" : null,
    "dma200" : 198.26,
    "volume" : 2855418.00
  }, {
    "date" : "2025-05-05",
    "price" : 176.30,
    "dma50" : 173.25,
    "dma100" : null,
    "dma200" : 198.04,
    "volume" : 2556246.00
  }, {
    "date" : "2025-05-06",
    "price" : 170.09,
    "dma50" : 173.13,
    "dma100" : null,
    "dma200" : 197.76,
    "volume" : 2081940.00
  }, {
    "date" : "2025-05-07",
    "price" : 168.63,
    "dma50" : 172.95,
    "dma100" : null,
    "dma200" : 197.47,
    "volume" : 3300264.00
  }, {
    "date" : "2025-05-08",
    "price" : 163.25,
    "dma50" : 172.57,
    "dma100" : null,
    "dma200" : 197.13,
    "volume" : 2160502.00
  }, {
    "date" : "2025-05-09",
    "price" : 161.91,
    "dma50" : 172.15,
    "dma100" : null,
    "dma200" : 196.78,
    "volume" : 2379258.00
  }, {
    "date" : "2025-05-12",
    "price" : 173.26,
    "dma50" : 172.20,
    "dma100" : null,
    "dma200" : 196.55,
    "volume" : 2216010.00
  }, {
    "date" : "2025-05-13",
    "price" : 173.80,
    "dma50" : 172.26,
    "dma100" : null,
    "dma200" : 196.32,
    "volume" : 1861978.00
  }, {
    "date" : "2025-05-14",
    "price" : 175.53,
    "dma50" : 172.39,
    "dma100" : null,
    "dma200" : 196.11,
    "volume" : 8502326.00
  }, {
    "date" : "2025-05-15",
    "price" : 172.74,
    "dma50" : 172.40,
    "dma100" : null,
    "dma200" : 195.88,
    "volume" : 5149029.00
  }, {
    "date" : "2025-05-16",
    "price" : 188.77,
    "dma50" : 173.04,
    "dma100" : null,
    "dma200" : 195.81,
    "volume" : 26576476.00
  }, {
    "date" : "2025-05-19",
    "price" : 187.26,
    "dma50" : 173.60,
    "dma100" : null,
    "dma200" : 195.73,
    "volume" : 9222614.00
  }, {
    "date" : "2025-05-20",
    "price" : 179.92,
    "dma50" : 173.85,
    "dma100" : null,
    "dma200" : 195.57,
    "volume" : 3579770.00
  }, {
    "date" : "2025-05-21",
    "price" : 181.80,
    "dma50" : 174.16,
    "dma100" : null,
    "dma200" : 195.43,
    "volume" : 2858548.00
  }, {
    "date" : "2025-05-22",
    "price" : 196.11,
    "dma50" : 175.02,
    "dma100" : null,
    "dma200" : 195.44,
    "volume" : 36865061.00
  }, {
    "date" : "2025-05-23",
    "price" : 202.48,
    "dma50" : 176.10,
    "dma100" : null,
    "dma200" : 195.51,
    "volume" : 19026689.00
  }, {
    "date" : "2025-05-26",
    "price" : 200.42,
    "dma50" : 177.05,
    "dma100" : null,
    "dma200" : 195.56,
    "volume" : 4010159.00
  }, {
    "date" : "2025-05-27",
    "price" : 203.14,
    "dma50" : 178.07,
    "dma100" : null,
    "dma200" : 195.63,
    "volume" : 4670656.00
  }, {
    "date" : "2025-05-28",
    "price" : 205.79,
    "dma50" : 179.16,
    "dma100" : null,
    "dma200" : 195.73,
    "volume" : 6376443.00
  }, {
    "date" : "2025-05-29",
    "price" : 204.94,
    "dma50" : 180.17,
    "dma100" : null,
    "dma200" : 195.83,
    "volume" : 2778656.00
  }, {
    "date" : "2025-05-30",
    "price" : 201.52,
    "dma50" : 181.01,
    "dma100" : null,
    "dma200" : 195.88,
    "volume" : 2086298.00
  }, {
    "date" : "2025-06-02",
    "price" : 202.87,
    "dma50" : 181.87,
    "dma100" : null,
    "dma200" : 195.95,
    "volume" : 3826283.00
  }, {
    "date" : "2025-06-03",
    "price" : 204.86,
    "dma50" : 182.77,
    "dma100" : null,
    "dma200" : 196.04,
    "volume" : 6599893.00
  }, {
    "date" : "2025-06-04",
    "price" : 209.15,
    "dma50" : 183.80,
    "dma100" : null,
    "dma200" : 196.17,
    "volume" : 13254571.00
  }, {
    "date" : "2025-06-05",
    "price" : 213.68,
    "dma50" : 184.97,
    "dma100" : null,
    "dma200" : 196.34,
    "volume" : 7901387.00
  }, {
    "date" : "2025-06-06",
    "price" : 213.66,
    "dma50" : 186.10,
    "dma100" : null,
    "dma200" : 196.52,
    "volume" : 5044070.00
  }, {
    "date" : "2025-06-09",
    "price" : 214.02,
    "dma50" : 187.19,
    "dma100" : null,
    "dma200" : 196.69,
    "volume" : 3339125.00
  }, {
    "date" : "2025-06-10",
    "price" : 215.13,
    "dma50" : 188.29,
    "dma100" : null,
    "dma200" : 196.87,
    "volume" : 3203649.00
  }, {
    "date" : "2025-06-11",
    "price" : 210.54,
    "dma50" : 189.16,
    "dma100" : null,
    "dma200" : 197.01,
    "volume" : 2782110.00
  }, {
    "date" : "2025-06-12",
    "price" : 206.32,
    "dma50" : 189.84,
    "dma100" : null,
    "dma200" : 197.10,
    "volume" : 3323313.00
  }, {
    "date" : "2025-06-13",
    "price" : 227.06,
    "dma50" : 191.30,
    "dma100" : null,
    "dma200" : 197.40,
    "volume" : 93716741.00
  }, {
    "date" : "2025-06-16",
    "price" : 235.30,
    "dma50" : 193.02,
    "dma100" : null,
    "dma200" : 197.78,
    "volume" : 40700523.00
  }, {
    "date" : "2025-06-17",
    "price" : 215.86,
    "dma50" : 193.92,
    "dma100" : null,
    "dma200" : 197.96,
    "volume" : 23464557.00
  }, {
    "date" : "2025-06-18",
    "price" : 222.00,
    "dma50" : 195.02,
    "dma100" : null,
    "dma200" : 198.20,
    "volume" : 27467120.00
  }, {
    "date" : "2025-06-19",
    "price" : 215.27,
    "dma50" : 195.81,
    "dma100" : null,
    "dma200" : 198.37,
    "volume" : 9781900.00
  }, {
    "date" : "2025-06-20",
    "price" : 219.60,
    "dma50" : 196.74,
    "dma100" : null,
    "dma200" : 198.58,
    "volume" : 7791552.00
  }, {
    "date" : "2025-06-23",
    "price" : 227.73,
    "dma50" : 197.96,
    "dma100" : null,
    "dma200" : 198.87,
    "volume" : 24304887.00
  }, {
    "date" : "2025-06-24",
    "price" : 221.69,
    "dma50" : 198.89,
    "dma100" : null,
    "dma200" : 199.10,
    "volume" : 6083151.00
  }, {
    "date" : "2025-06-25",
    "price" : 223.83,
    "dma50" : 199.87,
    "dma100" : null,
    "dma200" : 199.34,
    "volume" : 3546675.00
  }, {
    "date" : "2025-06-26",
    "price" : 222.27,
    "dma50" : 200.75,
    "dma100" : null,
    "dma200" : 199.57,
    "volume" : 2509475.00
  }, {
    "date" : "2025-06-27",
    "price" : 227.04,
    "dma50" : 201.78,
    "dma100" : null,
    "dma200" : 199.84,
    "volume" : 6127572.00
  }, {
    "date" : "2025-06-30",
    "price" : 223.81,
    "dma50" : 202.64,
    "dma100" : null,
    "dma200" : 200.08,
    "volume" : 2207255.00
  }, {
    "date" : "2025-07-01",
    "price" : 225.11,
    "dma50" : 203.52,
    "dma100" : null,
    "dma200" : 200.33,
    "volume" : 2860219.00
  }, {
    "date" : "2025-07-02",
    "price" : 224.32,
    "dma50" : 204.34,
    "dma100" : null,
    "dma200" : 200.57,
    "volume" : 1814266.00
  }, {
    "date" : "2025-07-03",
    "price" : 222.04,
    "dma50" : 205.03,
    "dma100" : null,
    "dma200" : 200.78,
    "volume" : 1594189.00
  }, {
    "date" : "2025-07-04",
    "price" : 221.43,
    "dma50" : 205.68,
    "dma100" : null,
    "dma200" : 200.99,
    "volume" : 2109222.00
  }, {
    "date" : "2025-07-07",
    "price" : 228.36,
    "dma50" : 206.57,
    "dma100" : null,
    "dma200" : 201.26,
    "volume" : 12547701.00
  }, {
    "date" : "2025-07-08",
    "price" : 225.85,
    "dma50" : 207.32,
    "dma100" : null,
    "dma200" : 201.51,
    "volume" : 2979063.00
  }, {
    "date" : "2025-07-09",
    "price" : 224.83,
    "dma50" : 208.01,
    "dma100" : null,
    "dma200" : 201.74,
    "volume" : 2086184.00
  }, {
    "date" : "2025-07-10",
    "price" : 223.56,
    "dma50" : 208.62,
    "dma100" : null,
    "dma200" : 201.95,
    "volume" : 1750520.00
  }, {
    "date" : "2025-07-11",
    "price" : 221.66,
    "dma50" : 209.13,
    "dma100" : null,
    "dma200" : 202.15,
    "volume" : 1445953.00
  }, {
    "date" : "2025-07-14",
    "price" : 217.13,
    "dma50" : 209.44,
    "dma100" : null,
    "dma200" : 202.30,
    "volume" : 1690546.00
  }, {
    "date" : "2025-07-15",
    "price" : 219.24,
    "dma50" : 209.83,
    "dma100" : null,
    "dma200" : 202.47,
    "volume" : 1085163.00
  }, {
    "date" : "2025-07-16",
    "price" : 222.44,
    "dma50" : 210.32,
    "dma100" : null,
    "dma200" : 202.67,
    "volume" : 1606170.00
  }, {
    "date" : "2025-07-17",
    "price" : 221.39,
    "dma50" : 210.76,
    "dma100" : null,
    "dma200" : 202.85,
    "volume" : 1340211.00
  }, {
    "date" : "2025-07-18",
    "price" : 219.13,
    "dma50" : 211.08,
    "dma100" : null,
    "dma200" : 203.02,
    "volume" : 984205.00
  }, {
    "date" : "2025-07-21",
    "price" : 218.41,
    "dma50" : 211.37,
    "dma100" : 188.39,
    "dma200" : 203.17,
    "volume" : 909149.00
  }, {
    "date" : "2025-07-22",
    "price" : 216.65,
    "dma50" : 211.58,
    "dma100" : 188.94,
    "dma200" : 203.30,
    "volume" : 894264.00
  }, {
    "date" : "2025-07-23",
    "price" : 224.67,
    "dma50" : 212.09,
    "dma100" : 189.60,
    "dma200" : 203.52,
    "volume" : 4599935.00
  }, {
    "date" : "2025-07-24",
    "price" : 222.73,
    "dma50" : 212.51,
    "dma100" : 190.26,
    "dma200" : 203.71,
    "volume" : 1483899.00
  }, {
    "date" : "2025-07-25",
    "price" : 219.08,
    "dma50" : 212.77,
    "dma100" : 190.94,
    "dma200" : 203.86,
    "volume" : 1105419.00
  }, {
    "date" : "2025-07-28",
    "price" : 213.89,
    "dma50" : 212.81,
    "dma100" : 191.62,
    "dma200" : 203.96,
    "volume" : 1271236.00
  }, {
    "date" : "2025-07-29",
    "price" : 215.43,
    "dma50" : 212.91,
    "dma100" : 192.33,
    "dma200" : 204.07,
    "volume" : 1025034.00
  }, {
    "date" : "2025-07-30",
    "price" : 215.52,
    "dma50" : 213.02,
    "dma100" : 193.02,
    "dma200" : 204.19,
    "volume" : 698803.00
  }, {
    "date" : "2025-07-31",
    "price" : 215.92,
    "dma50" : 213.13,
    "dma100" : 193.66,
    "dma200" : 204.30,
    "volume" : 1128678.00
  }, {
    "date" : "2025-08-01",
    "price" : 210.60,
    "dma50" : 213.03,
    "dma100" : 194.22,
    "dma200" : 204.37,
    "volume" : 796641.00
  }, {
    "date" : "2025-08-04",
    "price" : 211.45,
    "dma50" : 212.97,
    "dma100" : 194.76,
    "dma200" : 204.44,
    "volume" : 835105.00
  }, {
    "date" : "2025-08-05",
    "price" : 210.07,
    "dma50" : 212.86,
    "dma100" : 195.33,
    "dma200" : 204.49,
    "volume" : 994084.00
  }, {
    "date" : "2025-08-06",
    "price" : 210.06,
    "dma50" : 212.75,
    "dma100" : 195.90,
    "dma200" : 204.55,
    "volume" : 1963714.00
  }, {
    "date" : "2025-08-07",
    "price" : 207.18,
    "dma50" : 212.53,
    "dma100" : 196.47,
    "dma200" : 204.57,
    "volume" : 1310408.00
  }, {
    "date" : "2025-08-08",
    "price" : 201.61,
    "dma50" : 212.10,
    "dma100" : 197.00,
    "dma200" : 204.55,
    "volume" : 866473.00
  }, {
    "date" : "2025-08-11",
    "price" : 202.36,
    "dma50" : 211.72,
    "dma100" : 197.57,
    "dma200" : 204.52,
    "volume" : 2746258.00
  }, {
    "date" : "2025-08-12",
    "price" : 205.75,
    "dma50" : 211.48,
    "dma100" : 198.15,
    "dma200" : 204.54,
    "volume" : 4462761.00
  }, {
    "date" : "2025-08-13",
    "price" : 208.34,
    "dma50" : 211.36,
    "dma100" : 198.65,
    "dma200" : 204.57,
    "volume" : 1802784.00
  }, {
    "date" : "2025-08-14",
    "price" : 207.62,
    "dma50" : 211.21,
    "dma100" : 198.97,
    "dma200" : 204.60,
    "volume" : 931561.00
  }, {
    "date" : "2025-08-18",
    "price" : 212.44,
    "dma50" : 211.26,
    "dma100" : 199.40,
    "dma200" : 204.68,
    "volume" : 3252613.00
  }, {
    "date" : "2025-08-19",
    "price" : 213.75,
    "dma50" : 211.36,
    "dma100" : 199.76,
    "dma200" : 204.77,
    "volume" : 1300938.00
  }, {
    "date" : "2025-08-20",
    "price" : 213.99,
    "dma50" : 211.46,
    "dma100" : 200.15,
    "dma200" : 204.86,
    "volume" : 713581.00
  }, {
    "date" : "2025-08-21",
    "price" : 216.47,
    "dma50" : 211.66,
    "dma100" : 200.65,
    "dma200" : 204.98,
    "volume" : 1863743.00
  }, {
    "date" : "2025-08-22",
    "price" : 216.41,
    "dma50" : 211.84,
    "dma100" : 201.14,
    "dma200" : 205.09,
    "volume" : 1780899.00
  }, {
    "date" : "2025-08-25",
    "price" : 214.62,
    "dma50" : 211.95,
    "dma100" : 201.63,
    "dma200" : 205.19,
    "volume" : 844897.00
  }, {
    "date" : "2025-08-26",
    "price" : 210.80,
    "dma50" : 211.91,
    "dma100" : 202.04,
    "dma200" : 205.24,
    "volume" : 916179.00
  }, {
    "date" : "2025-08-28",
    "price" : 213.52,
    "dma50" : 211.97,
    "dma100" : 202.48,
    "dma200" : 205.33,
    "volume" : 1823202.00
  }, {
    "date" : "2025-08-29",
    "price" : 211.50,
    "dma50" : 211.95,
    "dma100" : 202.87,
    "dma200" : 205.39,
    "volume" : 1246507.00
  }, {
    "date" : "2025-09-01",
    "price" : 217.52,
    "dma50" : 212.17,
    "dma100" : 203.39,
    "dma200" : 205.51,
    "volume" : 2057255.00
  }, {
    "date" : "2025-09-02",
    "price" : 220.02,
    "dma50" : 212.48,
    "dma100" : 204.02,
    "dma200" : 205.65,
    "volume" : 2183902.00
  }, {
    "date" : "2025-09-03",
    "price" : 222.01,
    "dma50" : 212.85,
    "dma100" : 204.55,
    "dma200" : 205.82,
    "volume" : 2564387.00
  }, {
    "date" : "2025-09-04",
    "price" : 212.22,
    "dma50" : 212.83,
    "dma100" : 205.01,
    "dma200" : 205.88,
    "volume" : 2663554.00
  }, {
    "date" : "2025-09-05",
    "price" : 208.95,
    "dma50" : 212.68,
    "dma100" : 205.39,
    "dma200" : 205.91,
    "volume" : 1108789.00
  }, {
    "date" : "2025-09-08",
    "price" : 207.27,
    "dma50" : 212.46,
    "dma100" : 205.72,
    "dma200" : 205.92,
    "volume" : 1035295.00
  }, {
    "date" : "2025-09-09",
    "price" : 206.51,
    "dma50" : 212.23,
    "dma100" : 206.03,
    "dma200" : 205.93,
    "volume" : 894446.00
  }, {
    "date" : "2025-09-10",
    "price" : 208.00,
    "dma50" : 212.06,
    "dma100" : 206.36,
    "dma200" : 205.95,
    "volume" : 759183.00
  }, {
    "date" : "2025-09-11",
    "price" : 212.50,
    "dma50" : 212.08,
    "dma100" : 206.71,
    "dma200" : 206.01,
    "volume" : 6303196.00
  }, {
    "date" : "2025-09-12",
    "price" : 214.34,
    "dma50" : 212.17,
    "dma100" : 207.09,
    "dma200" : 206.10,
    "volume" : 1882547.00
  }, {
    "date" : "2025-09-15",
    "price" : 214.86,
    "dma50" : 212.28,
    "dma100" : 207.47,
    "dma200" : 206.18,
    "volume" : 1550261.00
  }, {
    "date" : "2025-09-16",
    "price" : 218.54,
    "dma50" : 212.52,
    "dma100" : 207.85,
    "dma200" : 206.31,
    "volume" : 2664698.00
  }, {
    "date" : "2025-09-17",
    "price" : 219.42,
    "dma50" : 212.79,
    "dma100" : 208.30,
    "dma200" : 206.44,
    "volume" : 3112646.00
  }, {
    "date" : "2025-09-18",
    "price" : 218.67,
    "dma50" : 213.02,
    "dma100" : 208.72,
    "dma200" : 206.56,
    "volume" : 1496087.00
  }, {
    "date" : "2025-09-19",
    "price" : 219.59,
    "dma50" : 213.28,
    "dma100" : 209.09,
    "dma200" : 206.69,
    "volume" : 1224546.00
  }, {
    "date" : "2025-09-22",
    "price" : 226.53,
    "dma50" : 213.80,
    "dma100" : 209.58,
    "dma200" : 206.89,
    "volume" : 23742336.00
  }, {
    "date" : "2025-09-23",
    "price" : 223.34,
    "dma50" : 214.17,
    "dma100" : 210.07,
    "dma200" : 207.05,
    "volume" : 3271529.00
  }, {
    "date" : "2025-09-24",
    "price" : 232.48,
    "dma50" : 214.89,
    "dma100" : 210.63,
    "dma200" : 207.30,
    "volume" : 22316581.00
  }, {
    "date" : "2025-09-25",
    "price" : 232.89,
    "dma50" : 215.60,
    "dma100" : 211.26,
    "dma200" : 207.56,
    "volume" : 10836353.00
  }, {
    "date" : "2025-09-26",
    "price" : 225.45,
    "dma50" : 215.98,
    "dma100" : 211.83,
    "dma200" : 207.74,
    "volume" : 3678451.00
  }, {
    "date" : "2025-09-29",
    "price" : 220.44,
    "dma50" : 216.16,
    "dma100" : 212.40,
    "dma200" : 207.86,
    "volume" : 3745200.00
  }, {
    "date" : "2025-09-30",
    "price" : 222.69,
    "dma50" : 216.41,
    "dma100" : 213.01,
    "dma200" : 208.01,
    "volume" : 2440283.00
  }, {
    "date" : "2025-10-01",
    "price" : 223.48,
    "dma50" : 216.69,
    "dma100" : 213.51,
    "dma200" : 208.16,
    "volume" : 2186194.00
  }, {
    "date" : "2025-10-03",
    "price" : 228.61,
    "dma50" : 217.16,
    "dma100" : 214.06,
    "dma200" : 208.37,
    "volume" : 3352700.00
  }, {
    "date" : "2025-10-06",
    "price" : 224.14,
    "dma50" : 217.43,
    "dma100" : 214.54,
    "dma200" : 208.52,
    "volume" : 1510229.00
  }, {
    "date" : "2025-10-07",
    "price" : 222.17,
    "dma50" : 217.62,
    "dma100" : 215.04,
    "dma200" : 208.66,
    "volume" : 1536153.00
  }, {
    "date" : "2025-10-08",
    "price" : 217.59,
    "dma50" : 217.62,
    "dma100" : 215.33,
    "dma200" : 208.75,
    "volume" : 1189400.00
  }, {
    "date" : "2025-10-09",
    "price" : 221.06,
    "dma50" : 217.75,
    "dma100" : 215.66,
    "dma200" : 208.87,
    "volume" : 1204143.00
  }, {
    "date" : "2025-10-10",
    "price" : 222.13,
    "dma50" : 217.92,
    "dma100" : 216.09,
    "dma200" : 209.00,
    "volume" : 2813680.00
  }, {
    "date" : "2025-10-13",
    "price" : 230.16,
    "dma50" : 218.40,
    "dma100" : 216.57,
    "dma200" : 209.21,
    "volume" : 10861866.00
  }, {
    "date" : "2025-10-14",
    "price" : 231.52,
    "dma50" : 218.92,
    "dma100" : 216.92,
    "dma200" : 209.44,
    "volume" : 10101848.00
  }, {
    "date" : "2025-10-15",
    "price" : 233.34,
    "dma50" : 219.48,
    "dma100" : 217.23,
    "dma200" : 209.67,
    "volume" : 3412003.00
  }, {
    "date" : "2025-10-16",
    "price" : 228.80,
    "dma50" : 219.85,
    "dma100" : 217.52,
    "dma200" : 209.86,
    "volume" : 1786828.00
  }, {
    "date" : "2025-10-17",
    "price" : 225.21,
    "dma50" : 220.06,
    "dma100" : 217.74,
    "dma200" : 210.02,
    "volume" : 2050780.00
  }, {
    "date" : "2025-10-20",
    "price" : 226.19,
    "dma50" : 220.30,
    "dma100" : 217.94,
    "dma200" : 210.18,
    "volume" : 1162602.00
  }, {
    "date" : "2025-10-21",
    "price" : 231.64,
    "dma50" : 220.74,
    "dma100" : 218.21,
    "dma200" : 210.39,
    "volume" : 1386198.00
  }, {
    "date" : "2025-10-23",
    "price" : 250.00,
    "dma50" : 221.89,
    "dma100" : 218.69,
    "dma200" : 210.79,
    "volume" : 39542145.00
  }, {
    "date" : "2025-10-24",
    "price" : 274.34,
    "dma50" : 223.95,
    "dma100" : 219.41,
    "dma200" : 211.42,
    "volume" : 72873641.00
  }, {
    "date" : "2025-10-27",
    "price" : 271.67,
    "dma50" : 225.82,
    "dma100" : 220.08,
    "dma200" : 212.02,
    "volume" : 28787440.00
  }, {
    "date" : "2025-10-28",
    "price" : 261.81,
    "dma50" : 227.23,
    "dma100" : 220.60,
    "dma200" : 212.51,
    "volume" : 10268501.00
  }, {
    "date" : "2025-10-29",
    "price" : 266.71,
    "dma50" : 228.78,
    "dma100" : 221.13,
    "dma200" : 213.05,
    "volume" : 15476856.00
  }, {
    "date" : "2025-10-30",
    "price" : 263.56,
    "dma50" : 230.14,
    "dma100" : 221.63,
    "dma200" : 213.55,
    "volume" : 5348212.00
  }, {
    "date" : "2025-10-31",
    "price" : 259.68,
    "dma50" : 231.30,
    "dma100" : 222.09,
    "dma200" : 214.01,
    "volume" : 6706149.00
  }, {
    "date" : "2025-11-03",
    "price" : 256.95,
    "dma50" : 232.31,
    "dma100" : 222.51,
    "dma200" : 214.44,
    "volume" : 3620892.00
  }, {
    "date" : "2025-11-04",
    "price" : 250.20,
    "dma50" : 233.01,
    "dma100" : 222.90,
    "dma200" : 214.80,
    "volume" : 3440263.00
  }, {
    "date" : "2025-11-06",
    "price" : 260.45,
    "dma50" : 234.09,
    "dma100" : 223.44,
    "dma200" : 215.25,
    "volume" : 18990170.00
  }, {
    "date" : "2025-11-07",
    "price" : 266.45,
    "dma50" : 235.35,
    "dma100" : 223.84,
    "dma200" : 215.76,
    "volume" : 19766288.00
  }, {
    "date" : "2025-11-10",
    "price" : 253.00,
    "dma50" : 236.05,
    "dma100" : 224.02,
    "dma200" : 216.13,
    "volume" : 24580254.00
  }, {
    "date" : "2025-11-11",
    "price" : 261.85,
    "dma50" : 237.06,
    "dma100" : 224.48,
    "dma200" : 216.59,
    "volume" : 26755957.00
  }, {
    "date" : "2025-11-12",
    "price" : 269.85,
    "dma50" : 238.34,
    "dma100" : 224.95,
    "dma200" : 217.12,
    "volume" : 12087309.00
  }, {
    "date" : "2025-11-13",
    "price" : 263.55,
    "dma50" : 239.33,
    "dma100" : 225.44,
    "dma200" : 217.58,
    "volume" : 6654473.00
  }, {
    "date" : "2025-11-14",
    "price" : 265.30,
    "dma50" : 240.35,
    "dma100" : 225.89,
    "dma200" : 218.05,
    "volume" : 5051427.00
  }, {
    "date" : "2025-11-17",
    "price" : 261.30,
    "dma50" : 241.17,
    "dma100" : 226.23,
    "dma200" : 218.48,
    "volume" : 3923976.00
  }, {
    "date" : "2025-11-18",
    "price" : 256.15,
    "dma50" : 241.76,
    "dma100" : 226.57,
    "dma200" : 218.86,
    "volume" : 3968645.00
  }, {
    "date" : "2025-11-19",
    "price" : 249.00,
    "dma50" : 242.04,
    "dma100" : 226.83,
    "dma200" : 219.16,
    "volume" : 2884547.00
  }, {
    "date" : "2025-11-20",
    "price" : 248.85,
    "dma50" : 242.31,
    "dma100" : 227.09,
    "dma200" : 219.45,
    "volume" : 7080165.00
  }, {
    "date" : "2025-11-21",
    "price" : 241.95,
    "dma50" : 242.30,
    "dma100" : 227.24,
    "dma200" : 219.68,
    "volume" : 3227448.00
  }, {
    "date" : "2025-11-24",
    "price" : 239.60,
    "dma50" : 242.19,
    "dma100" : 227.40,
    "dma200" : 219.88,
    "volume" : 4649784.00
  }, {
    "date" : "2025-11-25",
    "price" : 232.45,
    "dma50" : 241.81,
    "dma100" : 227.47,
    "dma200" : 220.00,
    "volume" : 3792438.00
  }, {
    "date" : "2025-11-26",
    "price" : 233.00,
    "dma50" : 241.46,
    "dma100" : 227.56,
    "dma200" : 220.13,
    "volume" : 3387502.00
  }, {
    "date" : "2025-11-27",
    "price" : 229.35,
    "dma50" : 240.99,
    "dma100" : 227.63,
    "dma200" : 220.22,
    "volume" : 4101376.00
  }, {
    "date" : "2025-11-28",
    "price" : 231.80,
    "dma50" : 240.63,
    "dma100" : 227.74,
    "dma200" : 220.34,
    "volume" : 3111849.00
  }, {
    "date" : "2025-12-01",
    "price" : 229.01,
    "dma50" : 240.17,
    "dma100" : 227.74,
    "dma200" : 220.42,
    "volume" : 2792851.00
  }, {
    "date" : "2025-12-02",
    "price" : 229.14,
    "dma50" : 239.74,
    "dma100" : 227.77,
    "dma200" : 220.51,
    "volume" : 7560294.00
  }, {
    "date" : "2025-12-03",
    "price" : 228.42,
    "dma50" : 239.30,
    "dma100" : 227.81,
    "dma200" : 220.59,
    "volume" : 2488721.00
  }, {
    "date" : "2025-12-04",
    "price" : 228.67,
    "dma50" : 238.88,
    "dma100" : 227.86,
    "dma200" : 220.67,
    "volume" : 2663282.00
  }, {
    "date" : "2025-12-05",
    "price" : 232.26,
    "dma50" : 238.62,
    "dma100" : 227.97,
    "dma200" : 220.78,
    "volume" : 5746763.00
  }, {
    "date" : "2025-12-08",
    "price" : 223.73,
    "dma50" : 238.04,
    "dma100" : 228.03,
    "dma200" : 220.81,
    "volume" : 2469543.00
  }, {
    "date" : "2025-12-09",
    "price" : 227.14,
    "dma50" : 237.61,
    "dma100" : 228.11,
    "dma200" : 220.88,
    "volume" : 2769413.00
  }, {
    "date" : "2025-12-10",
    "price" : 224.93,
    "dma50" : 237.11,
    "dma100" : 228.14,
    "dma200" : 220.92,
    "volume" : 1312388.00
  }, {
    "date" : "2025-12-11",
    "price" : 222.76,
    "dma50" : 236.55,
    "dma100" : 228.15,
    "dma200" : 220.94,
    "volume" : 1764225.00
  }, {
    "date" : "2025-12-12",
    "price" : 225.42,
    "dma50" : 236.11,
    "dma100" : 228.21,
    "dma200" : 220.98,
    "volume" : 2441878.00
  }, {
    "date" : "2025-12-15",
    "price" : 222.17,
    "dma50" : 235.57,
    "dma100" : 228.25,
    "dma200" : 220.99,
    "volume" : 1111947.00
  }, {
    "date" : "2025-12-16",
    "price" : 216.50,
    "dma50" : 234.82,
    "dma100" : 228.25,
    "dma200" : 220.95,
    "volume" : 1589661.00
  }, {
    "date" : "2025-12-17",
    "price" : 207.68,
    "dma50" : 233.75,
    "dma100" : 228.08,
    "dma200" : 220.82,
    "volume" : 4856637.00
  }, {
    "date" : "2025-12-18",
    "price" : 208.98,
    "dma50" : 232.78,
    "dma100" : 227.94,
    "dma200" : 220.70,
    "volume" : 3779330.00
  }, {
    "date" : "2025-12-19",
    "price" : 209.71,
    "dma50" : 231.88,
    "dma100" : 227.85,
    "dma200" : 220.59,
    "volume" : 4460400.00
  }, {
    "date" : "2025-12-22",
    "price" : 214.33,
    "dma50" : 231.19,
    "dma100" : 227.85,
    "dma200" : 220.53,
    "volume" : 3464478.00
  }, {
    "date" : "2025-12-23",
    "price" : 216.73,
    "dma50" : 230.62,
    "dma100" : 227.87,
    "dma200" : 220.49,
    "volume" : 2338412.00
  }, {
    "date" : "2025-12-24",
    "price" : 217.99,
    "dma50" : 230.13,
    "dma100" : 227.89,
    "dma200" : 220.46,
    "volume" : 2332984.00
  }, {
    "date" : "2025-12-26",
    "price" : 224.90,
    "dma50" : 229.92,
    "dma100" : 227.98,
    "dma200" : 220.51,
    "volume" : 5867144.00
  }, {
    "date" : "2025-12-29",
    "price" : 233.92,
    "dma50" : 230.08,
    "dma100" : 228.21,
    "dma200" : 220.64,
    "volume" : 12223841.00
  }, {
    "date" : "2025-12-30",
    "price" : 228.47,
    "dma50" : 230.02,
    "dma100" : 228.38,
    "dma200" : 220.72,
    "volume" : 3337151.00
  }, {
    "date" : "2025-12-31",
    "price" : 231.76,
    "dma50" : 230.08,
    "dma100" : 228.60,
    "dma200" : 220.83,
    "volume" : 1787053.00
  }, {
    "date" : "2026-01-01",
    "price" : 229.46,
    "dma50" : 230.06,
    "dma100" : 228.80,
    "dma200" : 220.91,
    "volume" : 1481358.00
  }, {
    "date" : "2026-01-02",
    "price" : 235.08,
    "dma50" : 230.26,
    "dma100" : 229.07,
    "dma200" : 221.06,
    "volume" : 2739182.00
  }, {
    "date" : "2026-01-05",
    "price" : 228.98,
    "dma50" : 230.21,
    "dma100" : 229.35,
    "dma200" : 221.13,
    "volume" : 2058385.00
  }, {
    "date" : "2026-01-06",
    "price" : 227.23,
    "dma50" : 230.09,
    "dma100" : 229.60,
    "dma200" : 221.19,
    "volume" : 1386206.00
  }, {
    "date" : "2026-01-07",
    "price" : 228.53,
    "dma50" : 230.03,
    "dma100" : 229.82,
    "dma200" : 221.27,
    "volume" : 917691.00
  }, {
    "date" : "2026-01-08",
    "price" : 217.91,
    "dma50" : 229.55,
    "dma100" : 229.92,
    "dma200" : 221.23,
    "volume" : 2533347.00
  }, {
    "date" : "2026-01-09",
    "price" : 214.74,
    "dma50" : 228.97,
    "dma100" : 229.99,
    "dma200" : 221.17,
    "volume" : 2128835.00
  }, {
    "date" : "2026-01-12",
    "price" : 215.69,
    "dma50" : 228.45,
    "dma100" : 230.02,
    "dma200" : 221.12,
    "volume" : 2078395.00
  }, {
    "date" : "2026-01-13",
    "price" : 211.95,
    "dma50" : 227.80,
    "dma100" : 230.01,
    "dma200" : 221.02,
    "volume" : 1993190.00
  }, {
    "date" : "2026-01-14",
    "price" : 214.63,
    "dma50" : 227.29,
    "dma100" : 230.01,
    "dma200" : 220.96,
    "volume" : 1782899.00
  }, {
    "date" : "2026-01-16",
    "price" : 212.65,
    "dma50" : 226.71,
    "dma100" : 229.97,
    "dma200" : 220.88,
    "volume" : 1514683.00
  }, {
    "date" : "2026-01-19",
    "price" : 210.22,
    "dma50" : 226.07,
    "dma100" : 229.91,
    "dma200" : 220.77,
    "volume" : 1033904.00
  }, {
    "date" : "2026-01-20",
    "price" : 203.25,
    "dma50" : 225.17,
    "dma100" : 229.80,
    "dma200" : 220.60,
    "volume" : 1672064.00
  }, {
    "date" : "2026-01-21",
    "price" : 202.64,
    "dma50" : 224.29,
    "dma100" : 229.72,
    "dma200" : 220.42,
    "volume" : 2052282.00
  }, {
    "date" : "2026-01-22",
    "price" : 207.44,
    "dma50" : 223.63,
    "dma100" : 229.66,
    "dma200" : 220.29,
    "volume" : 1383258.00
  }, {
    "date" : "2026-01-23",
    "price" : 201.74,
    "dma50" : 222.77,
    "dma100" : 229.56,
    "dma200" : 220.10,
    "volume" : 991127.00
  }, {
    "date" : "2026-01-27",
    "price" : 210.99,
    "dma50" : 222.31,
    "dma100" : 229.49,
    "dma200" : 220.01,
    "volume" : 4404021.00
  }, {
    "date" : "2026-01-28",
    "price" : 220.26,
    "dma50" : 222.23,
    "dma100" : 229.50,
    "dma200" : 220.02,
    "volume" : 3297825.00
  }, {
    "date" : "2026-01-29",
    "price" : 222.65,
    "dma50" : 222.24,
    "dma100" : 229.50,
    "dma200" : 220.04,
    "volume" : 2999777.00
  }, {
    "date" : "2026-01-30",
    "price" : 225.37,
    "dma50" : 222.37,
    "dma100" : 229.63,
    "dma200" : 220.10,
    "volume" : 6197383.00
  }, {
    "date" : "2026-02-01",
    "price" : 213.59,
    "dma50" : 222.02,
    "dma100" : 229.68,
    "dma200" : 220.03,
    "volume" : 6578632.00
  }, {
    "date" : "2026-02-02",
    "price" : 215.98,
    "dma50" : 221.79,
    "dma100" : 229.77,
    "dma200" : 219.99,
    "volume" : 2050934.00
  }, {
    "date" : "2026-02-03",
    "price" : 221.25,
    "dma50" : 221.76,
    "dma100" : 229.91,
    "dma200" : 220.00,
    "volume" : 1708549.00
  }, {
    "date" : "2026-02-04",
    "price" : 226.03,
    "dma50" : 221.93,
    "dma100" : 230.09,
    "dma200" : 220.06,
    "volume" : 2030132.00
  }, {
    "date" : "2026-02-05",
    "price" : 223.23,
    "dma50" : 221.98,
    "dma100" : 230.20,
    "dma200" : 220.09,
    "volume" : 1233514.00
  }, {
    "date" : "2026-02-06",
    "price" : 221.80,
    "dma50" : 221.98,
    "dma100" : 230.28,
    "dma200" : 220.11,
    "volume" : 1106230.00
  }, {
    "date" : "2026-02-09",
    "price" : 265.25,
    "dma50" : 223.67,
    "dma100" : 230.78,
    "dma200" : 220.56,
    "volume" : 76037493.00
  }, {
    "date" : "2026-02-10",
    "price" : 266.97,
    "dma50" : 225.37,
    "dma100" : 231.26,
    "dma200" : 221.02,
    "volume" : 41315599.00
  }, {
    "date" : "2026-02-11",
    "price" : 267.04,
    "dma50" : 227.00,
    "dma100" : 231.74,
    "dma200" : 221.48,
    "volume" : 11035522.00
  }, {
    "date" : "2026-02-12",
    "price" : 273.62,
    "dma50" : 228.83,
    "dma100" : 232.29,
    "dma200" : 222.00,
    "volume" : 35708703.00
  }, {
    "date" : "2026-02-13",
    "price" : 264.43,
    "dma50" : 230.23,
    "dma100" : 232.74,
    "dma200" : 222.42,
    "volume" : 9290298.00
  }, {
    "date" : "2026-02-16",
    "price" : 268.86,
    "dma50" : 231.74,
    "dma100" : 233.16,
    "dma200" : 222.88,
    "volume" : 6167288.00
  }, {
    "date" : "2026-02-17",
    "price" : 273.12,
    "dma50" : 233.37,
    "dma100" : 233.66,
    "dma200" : 223.38,
    "volume" : 9925413.00
  }, {
    "date" : "2026-02-18",
    "price" : 268.18,
    "dma50" : 234.73,
    "dma100" : 234.02,
    "dma200" : 223.83,
    "volume" : 5049455.00
  }, {
    "date" : "2026-02-19",
    "price" : 261.32,
    "dma50" : 235.77,
    "dma100" : 234.30,
    "dma200" : 224.20,
    "volume" : 3422017.00
  } ],
  "latestTechnicalAttributes" : {
    "date" : "2026-02-19",
    "price" : 261.32,
    "dma50" : 235.77,
    "dma100" : 234.30,
    "dma200" : 224.20,
    "volume" : 3422017.00
  },
  "quarterlyResults" : [ {
    "date" : "2005-03-31",
    "sales" : 907.24,
    "salesGrowthYoY" : null,
    "grossProfitMargin" : 100.00,
    "grossProfit" : 907.24,
    "operatingProfitMargin" : 35.13,
    "operatingProfit" : 318.71,
    "netProfitMargin" : 67.36,
    "netProfit" : 611.12
  }, {
    "date" : "2005-06-30",
    "sales" : 811.93,
    "salesGrowthYoY" : null,
    "grossProfitMargin" : 100.00,
    "grossProfit" : 811.93,
    "operatingProfitMargin" : 42.60,
    "operatingProfit" : 345.88,
    "netProfitMargin" : 33.76,
    "netProfit" : 274.11
  }, {
    "date" : "2005-09-30",
    "sales" : 740.73,
    "salesGrowthYoY" : null,
    "grossProfitMargin" : 100.00,
    "grossProfit" : 740.73,
    "operatingProfitMargin" : 28.91,
    "operatingProfit" : 214.15,
    "netProfitMargin" : 20.24,
    "netProfit" : 149.92
  }, {
    "date" : "2005-12-31",
    "sales" : 927.82,
    "salesGrowthYoY" : null,
    "grossProfitMargin" : 100.00,
    "grossProfit" : 927.82,
    "operatingProfitMargin" : 36.98,
    "operatingProfit" : 343.11,
    "netProfitMargin" : 28.89,
    "netProfit" : 268.05
  }, {
    "date" : "2006-03-31",
    "sales" : 1050.54,
    "salesGrowthYoY" : 15.80,
    "grossProfitMargin" : 100.00,
    "grossProfit" : 1050.54,
    "operatingProfitMargin" : 35.11,
    "operatingProfit" : 368.84,
    "netProfitMargin" : 32.27,
    "netProfit" : 339.01
  }, {
    "date" : "2006-06-30",
    "sales" : 786.97,
    "salesGrowthYoY" : -3.07,
    "grossProfitMargin" : 100.00,
    "grossProfit" : 786.97,
    "operatingProfitMargin" : 30.08,
    "operatingProfit" : 236.72,
    "netProfitMargin" : 21.96,
    "netProfit" : 172.82
  }, {
    "date" : "2006-09-30",
    "sales" : 1014.28,
    "salesGrowthYoY" : 36.93,
    "grossProfitMargin" : 100.00,
    "grossProfit" : 1014.28,
    "operatingProfitMargin" : 28.51,
    "operatingProfit" : 289.17,
    "netProfitMargin" : 27.99,
    "netProfit" : 283.90
  }, {
    "date" : "2006-12-31",
    "sales" : 1034.00,
    "salesGrowthYoY" : 11.44,
    "grossProfitMargin" : 100.00,
    "grossProfit" : 1034.00,
    "operatingProfitMargin" : 24.09,
    "operatingProfit" : 249.09,
    "netProfitMargin" : 21.92,
    "netProfit" : 226.65
  }, {
    "date" : "2007-03-31",
    "sales" : 868.19,
    "salesGrowthYoY" : -17.36,
    "grossProfitMargin" : 100.00,
    "grossProfit" : 868.19,
    "operatingProfitMargin" : 23.65,
    "operatingProfit" : 205.33,
    "netProfitMargin" : 29.37,
    "netProfit" : 254.99
  }, {
    "date" : "2007-06-30",
    "sales" : 885.86,
    "salesGrowthYoY" : 12.57,
    "grossProfitMargin" : 100.00,
    "grossProfit" : 885.86,
    "operatingProfitMargin" : 25.24,
    "operatingProfit" : 223.59,
    "netProfitMargin" : 23.27,
    "netProfit" : 206.14
  }, {
    "date" : "2007-09-30",
    "sales" : 868.88,
    "salesGrowthYoY" : -14.34,
    "grossProfitMargin" : 100.00,
    "grossProfit" : 868.88,
    "operatingProfitMargin" : 26.14,
    "operatingProfit" : 227.13,
    "netProfitMargin" : 20.98,
    "netProfit" : 182.29
  }, {
    "date" : "2007-12-31",
    "sales" : 915.27,
    "salesGrowthYoY" : -11.48,
    "grossProfitMargin" : 100.00,
    "grossProfit" : 915.27,
    "operatingProfitMargin" : 24.92,
    "operatingProfit" : 228.09,
    "netProfitMargin" : 19.31,
    "netProfit" : 176.74
  }, {
    "date" : "2008-03-31",
    "sales" : 1056.83,
    "salesGrowthYoY" : 21.73,
    "grossProfitMargin" : 100.00,
    "grossProfit" : 1056.83,
    "operatingProfitMargin" : 21.99,
    "operatingProfit" : 232.40,
    "netProfitMargin" : 23.53,
    "netProfit" : 248.67
  }, {
    "date" : "2008-06-30",
    "sales" : 1061.91,
    "salesGrowthYoY" : 19.87,
    "grossProfitMargin" : 100.00,
    "grossProfit" : 1061.91,
    "operatingProfitMargin" : 31.38,
    "operatingProfit" : 333.23,
    "netProfitMargin" : 26.33,
    "netProfit" : 279.60
  }, {
    "date" : "2008-09-30",
    "sales" : 1184.65,
    "salesGrowthYoY" : 36.34,
    "grossProfitMargin" : 100.00,
    "grossProfit" : 1184.65,
    "operatingProfitMargin" : 24.51,
    "operatingProfit" : 290.36,
    "netProfitMargin" : 21.09,
    "netProfit" : 249.84
  }, {
    "date" : "2008-12-31",
    "sales" : 1113.13,
    "salesGrowthYoY" : 21.62,
    "grossProfitMargin" : 100.00,
    "grossProfit" : 1113.13,
    "operatingProfitMargin" : 19.86,
    "operatingProfit" : 221.07,
    "netProfitMargin" : 16.66,
    "netProfit" : 185.45
  }, {
    "date" : "2009-03-31",
    "sales" : 806.95,
    "salesGrowthYoY" : -23.64,
    "grossProfitMargin" : 100.00,
    "grossProfit" : 806.95,
    "operatingProfitMargin" : 11.37,
    "operatingProfit" : 91.75,
    "netProfitMargin" : 28.36,
    "netProfit" : 228.85
  }, {
    "date" : "2009-06-30",
    "sales" : 882.79,
    "salesGrowthYoY" : -16.87,
    "grossProfitMargin" : 100.00,
    "grossProfit" : 882.79,
    "operatingProfitMargin" : 12.00,
    "operatingProfit" : 105.93,
    "netProfitMargin" : 11.34,
    "netProfit" : 100.11
  }, {
    "date" : "2009-09-30",
    "sales" : 844.94,
    "salesGrowthYoY" : -28.68,
    "grossProfitMargin" : 100.00,
    "grossProfit" : 844.94,
    "operatingProfitMargin" : 12.44,
    "operatingProfit" : 105.11,
    "netProfitMargin" : 3.99,
    "netProfit" : 33.71
  }, {
    "date" : "2009-12-31",
    "sales" : 845.43,
    "salesGrowthYoY" : -24.05,
    "grossProfitMargin" : 100.00,
    "grossProfit" : 845.43,
    "operatingProfitMargin" : 10.38,
    "operatingProfit" : 87.76,
    "netProfitMargin" : 4.26,
    "netProfit" : 36.02
  }, {
    "date" : "2010-03-31",
    "sales" : 889.42,
    "salesGrowthYoY" : 10.22,
    "grossProfitMargin" : 100.00,
    "grossProfit" : 889.42,
    "operatingProfitMargin" : 16.90,
    "operatingProfit" : 150.31,
    "netProfitMargin" : 12.09,
    "netProfit" : 107.53
  }, {
    "date" : "2010-06-30",
    "sales" : 949.62,
    "salesGrowthYoY" : 7.57,
    "grossProfitMargin" : 100.00,
    "grossProfit" : 949.62,
    "operatingProfitMargin" : 28.01,
    "operatingProfit" : 265.99,
    "netProfitMargin" : 18.68,
    "netProfit" : 177.39
  }, {
    "date" : "2010-09-30",
    "sales" : 894.62,
    "salesGrowthYoY" : 5.88,
    "grossProfitMargin" : 100.00,
    "grossProfit" : 894.62,
    "operatingProfitMargin" : 24.54,
    "operatingProfit" : 219.54,
    "netProfitMargin" : 15.05,
    "netProfit" : 134.64
  }, {
    "date" : "2010-12-31",
    "sales" : 912.28,
    "salesGrowthYoY" : 7.91,
    "grossProfitMargin" : 100.00,
    "grossProfit" : 912.28,
    "operatingProfitMargin" : 20.23,
    "operatingProfit" : 184.55,
    "netProfitMargin" : 8.16,
    "netProfit" : 74.44
  }, {
    "date" : "2011-03-31",
    "sales" : 876.57,
    "salesGrowthYoY" : -1.44,
    "grossProfitMargin" : 100.00,
    "grossProfit" : 876.57,
    "operatingProfitMargin" : 12.79,
    "operatingProfit" : 112.11,
    "netProfitMargin" : -0.70,
    "netProfit" : -6.14
  }, {
    "date" : "2011-06-30",
    "sales" : 972.85,
    "salesGrowthYoY" : 2.45,
    "grossProfitMargin" : 100.00,
    "grossProfit" : 972.85,
    "operatingProfitMargin" : 12.17,
    "operatingProfit" : 118.40,
    "netProfitMargin" : -0.22,
    "netProfit" : -2.14
  }, {
    "date" : "2011-09-30",
    "sales" : 1024.24,
    "salesGrowthYoY" : 14.49,
    "grossProfitMargin" : 100.00,
    "grossProfit" : 1024.24,
    "operatingProfitMargin" : 9.58,
    "operatingProfit" : 98.12,
    "netProfitMargin" : -15.39,
    "netProfit" : -157.63
  }, {
    "date" : "2011-12-31",
    "sales" : 1147.45,
    "salesGrowthYoY" : 25.78,
    "grossProfitMargin" : 100.00,
    "grossProfit" : 1147.45,
    "operatingProfitMargin" : 10.28,
    "operatingProfit" : 117.96,
    "netProfitMargin" : -8.27,
    "netProfit" : -94.89
  }, {
    "date" : "2012-03-31",
    "sales" : 1038.26,
    "salesGrowthYoY" : 18.45,
    "grossProfitMargin" : 100.00,
    "grossProfit" : 1038.26,
    "operatingProfitMargin" : -13.97,
    "operatingProfit" : -145.04,
    "netProfitMargin" : -40.01,
    "netProfit" : -415.41
  }, {
    "date" : "2012-06-30",
    "sales" : 1220.02,
    "salesGrowthYoY" : 25.41,
    "grossProfitMargin" : 100.00,
    "grossProfit" : 1220.02,
    "operatingProfitMargin" : 13.31,
    "operatingProfit" : 162.38,
    "netProfitMargin" : -6.68,
    "netProfit" : -81.50
  }, {
    "date" : "2012-09-30",
    "sales" : 1134.52,
    "salesGrowthYoY" : 10.77,
    "grossProfitMargin" : 100.00,
    "grossProfit" : 1134.52,
    "operatingProfitMargin" : 7.71,
    "operatingProfit" : 87.47,
    "netProfitMargin" : -13.91,
    "netProfit" : -157.81
  }, {
    "date" : "2012-12-31",
    "sales" : 1031.68,
    "salesGrowthYoY" : -10.09,
    "grossProfitMargin" : 100.00,
    "grossProfit" : 1031.68,
    "operatingProfitMargin" : 13.54,
    "operatingProfit" : 139.69,
    "netProfitMargin" : -7.29,
    "netProfit" : -75.21
  }, {
    "date" : "2013-03-31",
    "sales" : 955.88,
    "salesGrowthYoY" : -7.93,
    "grossProfitMargin" : 100.00,
    "grossProfit" : 955.88,
    "operatingProfitMargin" : -9.38,
    "operatingProfit" : -89.66,
    "netProfitMargin" : -29.76,
    "netProfit" : -284.47
  }, {
    "date" : "2013-06-30",
    "sales" : 976.13,
    "salesGrowthYoY" : -19.99,
    "grossProfitMargin" : 100.00,
    "grossProfit" : 976.13,
    "operatingProfitMargin" : 14.72,
    "operatingProfit" : 143.69,
    "netProfitMargin" : -10.11,
    "netProfit" : -98.69
  }, {
    "date" : "2013-09-30",
    "sales" : 1050.06,
    "salesGrowthYoY" : -7.44,
    "grossProfitMargin" : 100.00,
    "grossProfit" : 1050.06,
    "operatingProfitMargin" : 12.64,
    "operatingProfit" : 132.73,
    "netProfitMargin" : -11.76,
    "netProfit" : -123.49
  }, {
    "date" : "2013-12-31",
    "sales" : 1063.10,
    "salesGrowthYoY" : 3.05,
    "grossProfitMargin" : 100.00,
    "grossProfit" : 1063.10,
    "operatingProfitMargin" : 12.07,
    "operatingProfit" : 128.32,
    "netProfitMargin" : -6.18,
    "netProfit" : -65.70
  }, {
    "date" : "2014-03-31",
    "sales" : 1279.10,
    "salesGrowthYoY" : 33.81,
    "grossProfitMargin" : 100.00,
    "grossProfit" : 1279.10,
    "operatingProfitMargin" : 19.34,
    "operatingProfit" : 247.38,
    "netProfitMargin" : 1.04,
    "netProfit" : 13.30
  }, {
    "date" : "2014-06-30",
    "sales" : 1064.50,
    "salesGrowthYoY" : 9.05,
    "grossProfitMargin" : 100.00,
    "grossProfit" : 1064.50,
    "operatingProfitMargin" : 16.28,
    "operatingProfit" : 173.30,
    "netProfitMargin" : 4.65,
    "netProfit" : 49.50
  }, {
    "date" : "2014-09-30",
    "sales" : 1092.97,
    "salesGrowthYoY" : 4.09,
    "grossProfitMargin" : 100.00,
    "grossProfit" : 1092.97,
    "operatingProfitMargin" : 20.25,
    "operatingProfit" : 221.33,
    "netProfitMargin" : 1.70,
    "netProfit" : 18.58
  }, {
    "date" : "2014-12-31",
    "sales" : 988.82,
    "salesGrowthYoY" : -6.99,
    "grossProfitMargin" : 100.00,
    "grossProfit" : 988.82,
    "operatingProfitMargin" : 15.66,
    "operatingProfit" : 154.85,
    "netProfitMargin" : -1.64,
    "netProfit" : -16.22
  }, {
    "date" : "2015-03-31",
    "sales" : 1041.27,
    "salesGrowthYoY" : -18.59,
    "grossProfitMargin" : 100.00,
    "grossProfit" : 1041.27,
    "operatingProfitMargin" : 27.19,
    "operatingProfit" : 283.12,
    "netProfitMargin" : 7.05,
    "netProfit" : 73.41
  }, {
    "date" : "2015-06-30",
    "sales" : 1084.81,
    "salesGrowthYoY" : 1.91,
    "grossProfitMargin" : 100.00,
    "grossProfit" : 1084.81,
    "operatingProfitMargin" : 32.97,
    "operatingProfit" : 357.66,
    "netProfitMargin" : 18.78,
    "netProfit" : 203.73
  }, {
    "date" : "2015-09-30",
    "sales" : 1091.22,
    "salesGrowthYoY" : -0.16,
    "grossProfitMargin" : 100.00,
    "grossProfit" : 1091.22,
    "operatingProfitMargin" : 28.09,
    "operatingProfit" : 306.52,
    "netProfitMargin" : 14.83,
    "netProfit" : 161.83
  }, {
    "date" : "2015-12-31",
    "sales" : 942.82,
    "salesGrowthYoY" : -4.65,
    "grossProfitMargin" : 100.00,
    "grossProfit" : 942.82,
    "operatingProfitMargin" : 31.88,
    "operatingProfit" : 300.57,
    "netProfitMargin" : 14.97,
    "netProfit" : 141.14
  }, {
    "date" : "2016-03-31",
    "sales" : 960.03,
    "salesGrowthYoY" : -7.80,
    "grossProfitMargin" : 100.00,
    "grossProfit" : 960.03,
    "operatingProfitMargin" : 30.74,
    "operatingProfit" : 295.11,
    "netProfitMargin" : 16.61,
    "netProfit" : 159.46
  }, {
    "date" : "2016-06-30",
    "sales" : 826.26,
    "salesGrowthYoY" : -23.83,
    "grossProfitMargin" : 100.00,
    "grossProfit" : 826.26,
    "operatingProfitMargin" : 25.87,
    "operatingProfit" : 213.75,
    "netProfitMargin" : 6.77,
    "netProfit" : 55.94
  }, {
    "date" : "2016-09-30",
    "sales" : 758.24,
    "salesGrowthYoY" : -30.51,
    "grossProfitMargin" : 100.00,
    "grossProfit" : 758.24,
    "operatingProfitMargin" : 17.74,
    "operatingProfit" : 134.51,
    "netProfitMargin" : -2.34,
    "netProfit" : -17.74
  }, {
    "date" : "2016-12-31",
    "sales" : 964.99,
    "salesGrowthYoY" : 2.35,
    "grossProfitMargin" : 100.00,
    "grossProfit" : 964.99,
    "operatingProfitMargin" : 20.53,
    "operatingProfit" : 198.11,
    "netProfitMargin" : 1.00,
    "netProfit" : 9.65
  }, {
    "date" : "2017-03-31",
    "sales" : 897.86,
    "salesGrowthYoY" : -6.48,
    "grossProfitMargin" : 100.00,
    "grossProfit" : 897.86,
    "operatingProfitMargin" : 25.71,
    "operatingProfit" : 230.84,
    "netProfitMargin" : 10.35,
    "netProfit" : 92.93
  }, {
    "date" : "2017-06-30",
    "sales" : 864.78,
    "salesGrowthYoY" : 4.66,
    "grossProfitMargin" : 100.00,
    "grossProfit" : 864.78,
    "operatingProfitMargin" : 19.20,
    "operatingProfit" : 166.04,
    "netProfitMargin" : -0.78,
    "netProfit" : -6.75
  }, {
    "date" : "2017-09-30",
    "sales" : 808.22,
    "salesGrowthYoY" : 6.59,
    "grossProfitMargin" : 100.00,
    "grossProfit" : 808.22,
    "operatingProfitMargin" : 15.50,
    "operatingProfit" : 125.27,
    "netProfitMargin" : -9.43,
    "netProfit" : -76.22
  }, {
    "date" : "2017-12-31",
    "sales" : 879.56,
    "salesGrowthYoY" : -8.85,
    "grossProfitMargin" : 100.00,
    "grossProfit" : 879.56,
    "operatingProfitMargin" : 21.52,
    "operatingProfit" : 189.28,
    "netProfitMargin" : 9.34,
    "netProfit" : 82.15
  }, {
    "date" : "2018-03-31",
    "sales" : 916.90,
    "salesGrowthYoY" : 2.12,
    "grossProfitMargin" : 100.00,
    "grossProfit" : 916.90,
    "operatingProfitMargin" : 15.24,
    "operatingProfit" : 139.74,
    "netProfitMargin" : 27.75,
    "netProfit" : 254.44
  }, {
    "date" : "2018-06-30",
    "sales" : 892.24,
    "salesGrowthYoY" : 3.18,
    "grossProfitMargin" : 100.00,
    "grossProfit" : 892.24,
    "operatingProfitMargin" : 0.33,
    "operatingProfit" : 2.94,
    "netProfitMargin" : -23.09,
    "netProfit" : -206.02
  }, {
    "date" : "2018-09-30",
    "sales" : 939.81,
    "salesGrowthYoY" : 16.28,
    "grossProfitMargin" : 100.00,
    "grossProfit" : 939.81,
    "operatingProfitMargin" : 2.40,
    "operatingProfit" : 22.56,
    "netProfitMargin" : -15.17,
    "netProfit" : -142.57
  }, {
    "date" : "2018-12-31",
    "sales" : 1074.85,
    "salesGrowthYoY" : 22.20,
    "grossProfitMargin" : 100.00,
    "grossProfit" : 1074.85,
    "operatingProfitMargin" : 40.62,
    "operatingProfit" : 436.60,
    "netProfitMargin" : 16.80,
    "netProfit" : 180.57
  }, {
    "date" : "2019-03-31",
    "sales" : 1005.58,
    "salesGrowthYoY" : 9.67,
    "grossProfitMargin" : 100.00,
    "grossProfit" : 1005.58,
    "operatingProfitMargin" : 22.25,
    "operatingProfit" : 223.74,
    "netProfitMargin" : 4.57,
    "netProfit" : 45.96
  }, {
    "date" : "2019-06-30",
    "sales" : 918.95,
    "salesGrowthYoY" : 2.99,
    "grossProfitMargin" : 100.00,
    "grossProfit" : 918.95,
    "operatingProfitMargin" : 17.69,
    "operatingProfit" : 162.56,
    "netProfitMargin" : -4.28,
    "netProfit" : -39.33
  }, {
    "date" : "2019-09-30",
    "sales" : 974.44,
    "salesGrowthYoY" : 3.68,
    "grossProfitMargin" : 100.00,
    "grossProfit" : 974.44,
    "operatingProfitMargin" : 18.35,
    "operatingProfit" : 178.81,
    "netProfitMargin" : -5.80,
    "netProfit" : -56.52
  }, {
    "date" : "2019-12-31",
    "sales" : 1218.23,
    "salesGrowthYoY" : 13.34,
    "grossProfitMargin" : 100.00,
    "grossProfit" : 1218.23,
    "operatingProfitMargin" : 40.61,
    "operatingProfit" : 494.72,
    "netProfitMargin" : 23.35,
    "netProfit" : 284.46
  }, {
    "date" : "2020-03-31",
    "sales" : 1313.82,
    "salesGrowthYoY" : 30.65,
    "grossProfitMargin" : 100.00,
    "grossProfit" : 1313.82,
    "operatingProfitMargin" : 23.13,
    "operatingProfit" : 303.89,
    "netProfitMargin" : 8.66,
    "netProfit" : 113.78
  }, {
    "date" : "2020-06-30",
    "sales" : 1143.46,
    "salesGrowthYoY" : 24.43,
    "grossProfitMargin" : 100.00,
    "grossProfit" : 1143.46,
    "operatingProfitMargin" : 44.18,
    "operatingProfit" : 505.18,
    "netProfitMargin" : 27.76,
    "netProfit" : 317.42
  }, {
    "date" : "2020-09-30",
    "sales" : 843.21,
    "salesGrowthYoY" : -13.47,
    "grossProfitMargin" : 100.00,
    "grossProfit" : 843.21,
    "operatingProfitMargin" : 24.18,
    "operatingProfit" : 203.89,
    "netProfitMargin" : 15.55,
    "netProfit" : 131.12
  }, {
    "date" : "2020-12-31",
    "sales" : 841.23,
    "salesGrowthYoY" : -30.95,
    "grossProfitMargin" : 100.00,
    "grossProfit" : 841.23,
    "operatingProfitMargin" : 26.82,
    "operatingProfit" : 225.62,
    "netProfitMargin" : 12.28,
    "netProfit" : 103.30
  }, {
    "date" : "2021-03-31",
    "sales" : 875.35,
    "salesGrowthYoY" : -33.37,
    "grossProfitMargin" : 100.00,
    "grossProfit" : 875.35,
    "operatingProfitMargin" : 25.53,
    "operatingProfit" : 223.48,
    "netProfitMargin" : 7.56,
    "netProfit" : 66.18
  }, {
    "date" : "2021-06-30",
    "sales" : 1027.83,
    "salesGrowthYoY" : -10.11,
    "grossProfitMargin" : 100.00,
    "grossProfit" : 1027.83,
    "operatingProfitMargin" : 32.65,
    "operatingProfit" : 335.59,
    "netProfitMargin" : 14.18,
    "netProfit" : 145.75
  }, {
    "date" : "2021-09-30",
    "sales" : 1221.31,
    "salesGrowthYoY" : 44.84,
    "grossProfitMargin" : 100.00,
    "grossProfit" : 1221.31,
    "operatingProfitMargin" : 32.69,
    "operatingProfit" : 399.25,
    "netProfitMargin" : 18.67,
    "netProfit" : 228.02
  }, {
    "date" : "2021-12-31",
    "sales" : 1431.26,
    "salesGrowthYoY" : 70.14,
    "grossProfitMargin" : 100.00,
    "grossProfit" : 1431.26,
    "operatingProfitMargin" : 32.52,
    "operatingProfit" : 465.45,
    "netProfitMargin" : 20.28,
    "netProfit" : 290.26
  }, {
    "date" : "2022-03-31",
    "sales" : 1308.87,
    "salesGrowthYoY" : 49.53,
    "grossProfitMargin" : 100.00,
    "grossProfit" : 1308.87,
    "operatingProfitMargin" : 25.00,
    "operatingProfit" : 327.22,
    "netProfitMargin" : 9.68,
    "netProfit" : 126.70
  }, {
    "date" : "2022-06-30",
    "sales" : 1462.14,
    "salesGrowthYoY" : 42.26,
    "grossProfitMargin" : 100.00,
    "grossProfit" : 1462.14,
    "operatingProfitMargin" : 20.46,
    "operatingProfit" : 299.15,
    "netProfitMargin" : 6.40,
    "netProfit" : 93.58
  }, {
    "date" : "2022-09-30",
    "sales" : 1420.40,
    "salesGrowthYoY" : 16.30,
    "grossProfitMargin" : 100.00,
    "grossProfit" : 1420.40,
    "operatingProfitMargin" : 22.70,
    "operatingProfit" : 322.43,
    "netProfitMargin" : 7.80,
    "netProfit" : 110.79
  }, {
    "date" : "2022-12-31",
    "sales" : 1496.23,
    "salesGrowthYoY" : 4.54,
    "grossProfitMargin" : 100.00,
    "grossProfit" : 1496.23,
    "operatingProfitMargin" : 31.37,
    "operatingProfit" : 469.37,
    "netProfitMargin" : 16.43,
    "netProfit" : 245.83
  }, {
    "date" : "2023-03-31",
    "sales" : 1418.14,
    "salesGrowthYoY" : 8.35,
    "grossProfitMargin" : 100.00,
    "grossProfit" : 1418.14,
    "operatingProfitMargin" : 32.78,
    "operatingProfit" : 464.87,
    "netProfitMargin" : 25.37,
    "netProfit" : 359.78
  }, {
    "date" : "2023-06-30",
    "sales" : 1200.11,
    "salesGrowthYoY" : -17.92,
    "grossProfitMargin" : 100.00,
    "grossProfit" : 1200.11,
    "operatingProfitMargin" : 30.26,
    "operatingProfit" : 363.15,
    "netProfitMargin" : 12.28,
    "netProfit" : 147.37
  }, {
    "date" : "2023-09-30",
    "sales" : 1093.06,
    "salesGrowthYoY" : -23.05,
    "grossProfitMargin" : 100.00,
    "grossProfit" : 1093.06,
    "operatingProfitMargin" : 21.59,
    "operatingProfit" : 235.99,
    "netProfitMargin" : 3.72,
    "netProfit" : 40.66
  }, {
    "date" : "2023-12-31",
    "sales" : 1340.53,
    "salesGrowthYoY" : -10.41,
    "grossProfitMargin" : 100.00,
    "grossProfit" : 1340.53,
    "operatingProfitMargin" : 31.12,
    "operatingProfit" : 417.17,
    "netProfitMargin" : 9.85,
    "netProfit" : 132.04
  }, {
    "date" : "2024-03-31",
    "sales" : 1412.34,
    "salesGrowthYoY" : -0.41,
    "grossProfitMargin" : 100.00,
    "grossProfit" : 1412.34,
    "operatingProfitMargin" : 28.84,
    "operatingProfit" : 407.32,
    "netProfitMargin" : 20.67,
    "netProfit" : 291.93
  }, {
    "date" : "2024-06-30",
    "sales" : 1514.07,
    "salesGrowthYoY" : 26.16,
    "grossProfitMargin" : 100.00,
    "grossProfit" : 1514.07,
    "operatingProfitMargin" : 33.67,
    "operatingProfit" : 509.79,
    "netProfitMargin" : 18.95,
    "netProfit" : 286.92
  }, {
    "date" : "2024-09-30",
    "sales" : 1450.63,
    "salesGrowthYoY" : 32.71,
    "grossProfitMargin" : 100.00,
    "grossProfit" : 1450.63,
    "operatingProfitMargin" : 36.82,
    "operatingProfit" : 534.12,
    "netProfitMargin" : 20.01,
    "netProfit" : 290.27
  }, {
    "date" : "2024-12-31",
    "sales" : 1302.97,
    "salesGrowthYoY" : -2.80,
    "grossProfitMargin" : 100.00,
    "grossProfit" : 1302.97,
    "operatingProfitMargin" : 27.46,
    "operatingProfit" : 357.80,
    "netProfitMargin" : 4.97,
    "netProfit" : 64.76
  }, {
    "date" : "2025-03-31",
    "sales" : 1324.66,
    "salesGrowthYoY" : -6.21,
    "grossProfitMargin" : 100.00,
    "grossProfit" : 1324.66,
    "operatingProfitMargin" : 27.56,
    "operatingProfit" : 365.08,
    "netProfitMargin" : 13.00,
    "netProfit" : 172.21
  }, {
    "date" : "2025-06-30",
    "sales" : 1315.68,
    "salesGrowthYoY" : -13.10,
    "grossProfitMargin" : 100.00,
    "grossProfit" : 1315.68,
    "operatingProfitMargin" : 37.22,
    "operatingProfit" : 489.70,
    "netProfitMargin" : 26.09,
    "netProfit" : 343.26
  }, {
    "date" : "2025-09-30",
    "sales" : 1338.50,
    "salesGrowthYoY" : -7.73,
    "grossProfitMargin" : 100.00,
    "grossProfit" : 1338.50,
    "operatingProfitMargin" : 30.53,
    "operatingProfit" : 408.64,
    "netProfitMargin" : 13.14,
    "netProfit" : 175.88
  }, {
    "date" : "2025-12-31",
    "sales" : 1611.22,
    "salesGrowthYoY" : 23.66,
    "grossProfitMargin" : 100.00,
    "grossProfit" : 1611.22,
    "operatingProfitMargin" : 42.19,
    "operatingProfit" : 679.77,
    "netProfitMargin" : 24.41,
    "netProfit" : 393.30
  } ],
  "latestQuarterlyResult" : {
    "date" : "2025-12-31",
    "sales" : 1611.22,
    "salesGrowthYoY" : 23.66,
    "grossProfitMargin" : 100.00,
    "grossProfit" : 1611.22,
    "operatingProfitMargin" : 42.19,
    "operatingProfit" : 679.77,
    "netProfitMargin" : 24.41,
    "netProfit" : 393.30
  },
  "companyScore" : {
    "priceHigherThanDma50" : 5.00,
    "priceHigherThanDma100" : 5.00,
    "priceHigherThanDma200" : 5.00,
    "dma50HigherThanDma100" : 5.00,
    "dma50HigherThanDma200" : 5.00,
    "dma100HigherThanDma200" : 5.00,
    "pricePercentageAboveDma50" : 4.46,
    "pricePercentageAboveDma100" : 4.42,
    "pricePercentageAboveDma200" : 4.17,
    "weeklyVolumeHigherThanYearlyVolume" : 5.00,
    "salesGrowthPercentile" : 16.75,
    "operatingProfitMarginPercentile" : 19.52,
    "netProfitMarginPercentile" : 8.57,
    "totalTechnicalScore" : 48.05,
    "totalFundamentalScore" : 44.85,
    "totalScore" : 92.90
  }
}