{
  "metadata" : {
    "screenerCompanyId" : "2931",
    "companyCode" : "SEAMECLTD",
    "companyName" : "SEAMEC Ltd",
    "screenerCompanyLink" : "https://www.screener.in/company/SEAMECLTD/consolidated/",
    "screenerTechnicalHistoryLink" : "https://www.screener.in/api/company/2931/chart/?q=Price-DMA50-DMA200-Volume&days=365",
    "screenerQuarterlyResultsLink" : "https://www.screener.in/api/company/2931/chart/?q=GPM-OPM-NPM-Quarter+Sales&days=10000",
    "attributes" : {
      "companyCode" : "SEAMECLTD",
      "companyName" : "SEAMEC Ltd",
      "marketCap" : 3495.00,
      "peRatio" : 18.30,
      "description" : "SEAMEC Ltd owns and operates 4 multi-support vessels for the provision of diving services, manned and unmanned subsea operations and related activities. It has also diversified into main fleet shipping vertical by acquiring 3 bulk carriers of various sizes.[1] It owns the largest fleet of multi-functional vessels in India.[2]"
    },
    "companyScore" : {
      "priceHigherThanDma50" : 5.00,
      "priceHigherThanDma100" : 5.00,
      "priceHigherThanDma200" : 5.00,
      "dma50HigherThanDma100" : 5.00,
      "dma50HigherThanDma200" : 5.00,
      "dma100HigherThanDma200" : 0.00,
      "pricePercentageAboveDma50" : 3.99,
      "pricePercentageAboveDma100" : 3.15,
      "pricePercentageAboveDma200" : 3.21,
      "weeklyVolumeHigherThanYearlyVolume" : 5.00,
      "salesGrowthPercentile" : 18.00,
      "operatingProfitMarginPercentile" : 17.92,
      "netProfitMarginPercentile" : 8.73,
      "totalTechnicalScore" : 40.35,
      "totalFundamentalScore" : 44.65,
      "totalScore" : 85.00
    }
  },
  "attributes" : {
    "companyCode" : "SEAMECLTD",
    "companyName" : "SEAMEC Ltd",
    "marketCap" : 3495.00,
    "peRatio" : 18.30,
    "description" : "SEAMEC Ltd owns and operates 4 multi-support vessels for the provision of diving services, manned and unmanned subsea operations and related activities. It has also diversified into main fleet shipping vertical by acquiring 3 bulk carriers of various sizes.[1] It owns the largest fleet of multi-functional vessels in India.[2]"
  },
  "technicalHistory" : [ {
    "date" : "2025-02-17",
    "price" : 880.90,
    "dma50" : 1056.55,
    "dma100" : null,
    "dma200" : 1175.15,
    "volume" : 66170.00
  }, {
    "date" : "2025-02-18",
    "price" : 875.75,
    "dma50" : 1049.46,
    "dma100" : null,
    "dma200" : 1172.17,
    "volume" : 36202.00
  }, {
    "date" : "2025-02-19",
    "price" : 914.45,
    "dma50" : 1044.16,
    "dma100" : null,
    "dma200" : 1169.60,
    "volume" : 28678.00
  }, {
    "date" : "2025-02-20",
    "price" : 895.70,
    "dma50" : 1038.34,
    "dma100" : null,
    "dma200" : 1166.88,
    "volume" : 25745.00
  }, {
    "date" : "2025-02-21",
    "price" : 918.60,
    "dma50" : 1033.65,
    "dma100" : null,
    "dma200" : 1164.41,
    "volume" : 25233.00
  }, {
    "date" : "2025-02-24",
    "price" : 927.75,
    "dma50" : 1029.49,
    "dma100" : null,
    "dma200" : 1162.05,
    "volume" : 13849.00
  }, {
    "date" : "2025-02-25",
    "price" : 943.20,
    "dma50" : 1026.11,
    "dma100" : null,
    "dma200" : 1159.88,
    "volume" : 22705.00
  }, {
    "date" : "2025-02-27",
    "price" : 941.45,
    "dma50" : 1022.79,
    "dma100" : null,
    "dma200" : 1157.70,
    "volume" : 8384.00
  }, {
    "date" : "2025-02-28",
    "price" : 935.30,
    "dma50" : 1019.36,
    "dma100" : null,
    "dma200" : 1155.49,
    "volume" : 24892.00
  }, {
    "date" : "2025-03-03",
    "price" : 930.95,
    "dma50" : 1015.89,
    "dma100" : null,
    "dma200" : 1153.26,
    "volume" : 41259.00
  }, {
    "date" : "2025-03-04",
    "price" : 935.30,
    "dma50" : 1012.73,
    "dma100" : null,
    "dma200" : 1151.09,
    "volume" : 28391.00
  }, {
    "date" : "2025-03-05",
    "price" : 950.05,
    "dma50" : 1010.27,
    "dma100" : null,
    "dma200" : 1149.09,
    "volume" : 27112.00
  }, {
    "date" : "2025-03-06",
    "price" : 976.40,
    "dma50" : 1008.94,
    "dma100" : null,
    "dma200" : 1147.37,
    "volume" : 10371.00
  }, {
    "date" : "2025-03-07",
    "price" : 973.20,
    "dma50" : 1007.54,
    "dma100" : null,
    "dma200" : 1145.64,
    "volume" : 20214.00
  }, {
    "date" : "2025-03-10",
    "price" : 940.55,
    "dma50" : 1004.92,
    "dma100" : null,
    "dma200" : 1143.59,
    "volume" : 46770.00
  }, {
    "date" : "2025-03-11",
    "price" : 959.75,
    "dma50" : 1003.14,
    "dma100" : null,
    "dma200" : 1141.77,
    "volume" : 16168.00
  }, {
    "date" : "2025-03-12",
    "price" : 949.40,
    "dma50" : 1001.04,
    "dma100" : null,
    "dma200" : 1139.85,
    "volume" : 14980.00
  }, {
    "date" : "2025-03-13",
    "price" : 948.95,
    "dma50" : 998.99,
    "dma100" : null,
    "dma200" : 1137.95,
    "volume" : 13083.00
  }, {
    "date" : "2025-03-17",
    "price" : 944.20,
    "dma50" : 996.85,
    "dma100" : null,
    "dma200" : 1136.02,
    "volume" : 24237.00
  }, {
    "date" : "2025-03-18",
    "price" : 935.35,
    "dma50" : 994.43,
    "dma100" : null,
    "dma200" : 1134.03,
    "volume" : 17720.00
  }, {
    "date" : "2025-03-19",
    "price" : 935.35,
    "dma50" : 992.12,
    "dma100" : null,
    "dma200" : 1132.05,
    "volume" : 43138.00
  }, {
    "date" : "2025-03-20",
    "price" : 937.80,
    "dma50" : 989.99,
    "dma100" : null,
    "dma200" : 1130.12,
    "volume" : 27385.00
  }, {
    "date" : "2025-03-21",
    "price" : 932.60,
    "dma50" : 987.74,
    "dma100" : null,
    "dma200" : 1128.15,
    "volume" : 29646.00
  }, {
    "date" : "2025-03-24",
    "price" : 948.35,
    "dma50" : 986.19,
    "dma100" : null,
    "dma200" : 1126.36,
    "volume" : 69615.00
  }, {
    "date" : "2025-03-25",
    "price" : 984.95,
    "dma50" : 986.14,
    "dma100" : null,
    "dma200" : 1124.96,
    "volume" : 297376.00
  }, {
    "date" : "2025-03-26",
    "price" : 981.20,
    "dma50" : 985.95,
    "dma100" : null,
    "dma200" : 1123.53,
    "volume" : 41050.00
  }, {
    "date" : "2025-03-27",
    "price" : 947.20,
    "dma50" : 984.43,
    "dma100" : null,
    "dma200" : 1121.77,
    "volume" : 42980.00
  }, {
    "date" : "2025-03-28",
    "price" : 975.40,
    "dma50" : 984.08,
    "dma100" : null,
    "dma200" : 1120.31,
    "volume" : 53125.00
  }, {
    "date" : "2025-04-01",
    "price" : 982.75,
    "dma50" : 984.02,
    "dma100" : null,
    "dma200" : 1118.95,
    "volume" : 35082.00
  }, {
    "date" : "2025-04-02",
    "price" : 992.25,
    "dma50" : 984.35,
    "dma100" : null,
    "dma200" : 1117.68,
    "volume" : 8950.00
  }, {
    "date" : "2025-04-03",
    "price" : 1026.25,
    "dma50" : 985.99,
    "dma100" : null,
    "dma200" : 1116.78,
    "volume" : 27458.00
  }, {
    "date" : "2025-04-04",
    "price" : 1031.15,
    "dma50" : 987.76,
    "dma100" : null,
    "dma200" : 1115.92,
    "volume" : 32099.00
  }, {
    "date" : "2025-04-07",
    "price" : 1020.60,
    "dma50" : 989.05,
    "dma100" : null,
    "dma200" : 1114.97,
    "volume" : 28191.00
  }, {
    "date" : "2025-04-08",
    "price" : 1019.85,
    "dma50" : 990.26,
    "dma100" : null,
    "dma200" : 1114.03,
    "volume" : 6302.00
  }, {
    "date" : "2025-04-09",
    "price" : 1011.30,
    "dma50" : 991.08,
    "dma100" : null,
    "dma200" : 1113.01,
    "volume" : 8492.00
  }, {
    "date" : "2025-04-11",
    "price" : 1023.40,
    "dma50" : 992.35,
    "dma100" : null,
    "dma200" : 1112.11,
    "volume" : 32912.00
  }, {
    "date" : "2025-04-15",
    "price" : 1022.60,
    "dma50" : 993.54,
    "dma100" : null,
    "dma200" : 1111.22,
    "volume" : 11738.00
  }, {
    "date" : "2025-04-16",
    "price" : 1019.75,
    "dma50" : 994.56,
    "dma100" : null,
    "dma200" : 1110.31,
    "volume" : 19836.00
  }, {
    "date" : "2025-04-17",
    "price" : 978.00,
    "dma50" : 993.91,
    "dma100" : null,
    "dma200" : 1109.00,
    "volume" : 27662.00
  }, {
    "date" : "2025-04-21",
    "price" : 996.10,
    "dma50" : 994.00,
    "dma100" : null,
    "dma200" : 1107.87,
    "volume" : 12514.00
  }, {
    "date" : "2025-04-22",
    "price" : 984.40,
    "dma50" : 993.62,
    "dma100" : null,
    "dma200" : 1106.65,
    "volume" : 10353.00
  }, {
    "date" : "2025-04-23",
    "price" : 973.50,
    "dma50" : 992.83,
    "dma100" : null,
    "dma200" : 1105.32,
    "volume" : 15638.00
  }, {
    "date" : "2025-04-24",
    "price" : 967.70,
    "dma50" : 991.85,
    "dma100" : null,
    "dma200" : 1103.95,
    "volume" : 9096.00
  }, {
    "date" : "2025-04-25",
    "price" : 939.65,
    "dma50" : 989.80,
    "dma100" : null,
    "dma200" : 1102.32,
    "volume" : 6619.00
  }, {
    "date" : "2025-04-28",
    "price" : 934.40,
    "dma50" : 987.63,
    "dma100" : null,
    "dma200" : 1100.65,
    "volume" : 8336.00
  }, {
    "date" : "2025-04-29",
    "price" : 941.85,
    "dma50" : 985.83,
    "dma100" : null,
    "dma200" : 1099.07,
    "volume" : 12791.00
  }, {
    "date" : "2025-04-30",
    "price" : 974.75,
    "dma50" : 985.40,
    "dma100" : null,
    "dma200" : 1097.83,
    "volume" : 14256.00
  }, {
    "date" : "2025-05-02",
    "price" : 961.80,
    "dma50" : 984.47,
    "dma100" : null,
    "dma200" : 1096.47,
    "volume" : 4557.00
  }, {
    "date" : "2025-05-05",
    "price" : 943.55,
    "dma50" : 982.87,
    "dma100" : null,
    "dma200" : 1094.95,
    "volume" : 5677.00
  }, {
    "date" : "2025-05-06",
    "price" : 911.70,
    "dma50" : 980.08,
    "dma100" : null,
    "dma200" : 1093.13,
    "volume" : 4816.00
  }, {
    "date" : "2025-05-07",
    "price" : 908.35,
    "dma50" : 977.26,
    "dma100" : null,
    "dma200" : 1091.29,
    "volume" : 18693.00
  }, {
    "date" : "2025-05-08",
    "price" : 894.10,
    "dma50" : 974.00,
    "dma100" : null,
    "dma200" : 1089.33,
    "volume" : 20425.00
  }, {
    "date" : "2025-05-09",
    "price" : 857.20,
    "dma50" : 969.42,
    "dma100" : null,
    "dma200" : 1087.02,
    "volume" : 21499.00
  }, {
    "date" : "2025-05-12",
    "price" : 840.00,
    "dma50" : 964.35,
    "dma100" : null,
    "dma200" : 1084.56,
    "volume" : 31345.00
  }, {
    "date" : "2025-05-13",
    "price" : 825.00,
    "dma50" : 958.88,
    "dma100" : null,
    "dma200" : 1081.98,
    "volume" : 14159.00
  }, {
    "date" : "2025-05-14",
    "price" : 849.70,
    "dma50" : 954.60,
    "dma100" : null,
    "dma200" : 1079.67,
    "volume" : 20168.00
  }, {
    "date" : "2025-05-15",
    "price" : 852.35,
    "dma50" : 950.59,
    "dma100" : null,
    "dma200" : 1077.41,
    "volume" : 12087.00
  }, {
    "date" : "2025-05-16",
    "price" : 843.75,
    "dma50" : 946.40,
    "dma100" : null,
    "dma200" : 1075.08,
    "volume" : 19253.00
  }, {
    "date" : "2025-05-19",
    "price" : 835.00,
    "dma50" : 942.03,
    "dma100" : null,
    "dma200" : 1072.69,
    "volume" : 20180.00
  }, {
    "date" : "2025-05-20",
    "price" : 854.80,
    "dma50" : 938.61,
    "dma100" : null,
    "dma200" : 1070.52,
    "volume" : 34694.00
  }, {
    "date" : "2025-05-21",
    "price" : 859.65,
    "dma50" : 935.52,
    "dma100" : null,
    "dma200" : 1068.43,
    "volume" : 10472.00
  }, {
    "date" : "2025-05-22",
    "price" : 860.75,
    "dma50" : 932.58,
    "dma100" : null,
    "dma200" : 1066.36,
    "volume" : 10057.00
  }, {
    "date" : "2025-05-23",
    "price" : 962.90,
    "dma50" : 933.77,
    "dma100" : null,
    "dma200" : 1065.33,
    "volume" : 370832.00
  }, {
    "date" : "2025-05-26",
    "price" : 976.65,
    "dma50" : 935.45,
    "dma100" : null,
    "dma200" : 1064.45,
    "volume" : 54420.00
  }, {
    "date" : "2025-05-27",
    "price" : 947.95,
    "dma50" : 935.94,
    "dma100" : null,
    "dma200" : 1063.29,
    "volume" : 17242.00
  }, {
    "date" : "2025-05-28",
    "price" : 923.20,
    "dma50" : 935.44,
    "dma100" : null,
    "dma200" : 1061.89,
    "volume" : 20815.00
  }, {
    "date" : "2025-05-29",
    "price" : 906.80,
    "dma50" : 934.32,
    "dma100" : null,
    "dma200" : 1060.35,
    "volume" : 10622.00
  }, {
    "date" : "2025-05-30",
    "price" : 925.45,
    "dma50" : 933.97,
    "dma100" : null,
    "dma200" : 1059.01,
    "volume" : 34308.00
  }, {
    "date" : "2025-06-02",
    "price" : 910.55,
    "dma50" : 933.05,
    "dma100" : null,
    "dma200" : 1057.53,
    "volume" : 5652.00
  }, {
    "date" : "2025-06-03",
    "price" : 920.15,
    "dma50" : 932.55,
    "dma100" : null,
    "dma200" : 1056.16,
    "volume" : 33868.00
  }, {
    "date" : "2025-06-04",
    "price" : 903.15,
    "dma50" : 931.40,
    "dma100" : null,
    "dma200" : 1054.64,
    "volume" : 24602.00
  }, {
    "date" : "2025-06-05",
    "price" : 891.30,
    "dma50" : 929.82,
    "dma100" : null,
    "dma200" : 1053.02,
    "volume" : 12532.00
  }, {
    "date" : "2025-06-06",
    "price" : 878.55,
    "dma50" : 927.81,
    "dma100" : null,
    "dma200" : 1051.28,
    "volume" : 18075.00
  }, {
    "date" : "2025-06-09",
    "price" : 871.80,
    "dma50" : 925.62,
    "dma100" : null,
    "dma200" : 1049.49,
    "volume" : 43171.00
  }, {
    "date" : "2025-06-10",
    "price" : 866.20,
    "dma50" : 923.29,
    "dma100" : null,
    "dma200" : 1047.67,
    "volume" : 29398.00
  }, {
    "date" : "2025-06-11",
    "price" : 872.15,
    "dma50" : 921.28,
    "dma100" : null,
    "dma200" : 1045.92,
    "volume" : 23987.00
  }, {
    "date" : "2025-06-12",
    "price" : 862.25,
    "dma50" : 918.97,
    "dma100" : null,
    "dma200" : 1044.10,
    "volume" : 15746.00
  }, {
    "date" : "2025-06-13",
    "price" : 859.90,
    "dma50" : 916.65,
    "dma100" : null,
    "dma200" : 1042.26,
    "volume" : 22405.00
  }, {
    "date" : "2025-06-16",
    "price" : 857.15,
    "dma50" : 914.32,
    "dma100" : null,
    "dma200" : 1040.42,
    "volume" : 18378.00
  }, {
    "date" : "2025-06-17",
    "price" : 854.30,
    "dma50" : 911.96,
    "dma100" : null,
    "dma200" : 1038.57,
    "volume" : 39347.00
  }, {
    "date" : "2025-06-18",
    "price" : 845.10,
    "dma50" : 909.34,
    "dma100" : null,
    "dma200" : 1036.64,
    "volume" : 35093.00
  }, {
    "date" : "2025-06-19",
    "price" : 835.70,
    "dma50" : 906.45,
    "dma100" : null,
    "dma200" : 1034.65,
    "volume" : 14862.00
  }, {
    "date" : "2025-06-20",
    "price" : 837.15,
    "dma50" : 903.73,
    "dma100" : null,
    "dma200" : 1032.68,
    "volume" : 9678.00
  }, {
    "date" : "2025-06-23",
    "price" : 835.75,
    "dma50" : 901.07,
    "dma100" : null,
    "dma200" : 1030.72,
    "volume" : 50818.00
  }, {
    "date" : "2025-06-24",
    "price" : 833.40,
    "dma50" : 898.41,
    "dma100" : null,
    "dma200" : 1028.76,
    "volume" : 11389.00
  }, {
    "date" : "2025-06-25",
    "price" : 840.50,
    "dma50" : 896.14,
    "dma100" : null,
    "dma200" : 1026.88,
    "volume" : 15699.00
  }, {
    "date" : "2025-06-26",
    "price" : 824.95,
    "dma50" : 893.35,
    "dma100" : null,
    "dma200" : 1024.87,
    "volume" : 33240.00
  }, {
    "date" : "2025-06-27",
    "price" : 839.20,
    "dma50" : 891.23,
    "dma100" : null,
    "dma200" : 1023.03,
    "volume" : 17199.00
  }, {
    "date" : "2025-06-30",
    "price" : 861.10,
    "dma50" : 890.05,
    "dma100" : null,
    "dma200" : 1021.42,
    "volume" : 28474.00
  }, {
    "date" : "2025-07-01",
    "price" : 858.15,
    "dma50" : 888.80,
    "dma100" : null,
    "dma200" : 1019.79,
    "volume" : 16609.00
  }, {
    "date" : "2025-07-02",
    "price" : 868.80,
    "dma50" : 888.01,
    "dma100" : null,
    "dma200" : 1018.29,
    "volume" : 8747.00
  }, {
    "date" : "2025-07-03",
    "price" : 872.10,
    "dma50" : 887.39,
    "dma100" : null,
    "dma200" : 1016.83,
    "volume" : 10030.00
  }, {
    "date" : "2025-07-04",
    "price" : 875.05,
    "dma50" : 886.90,
    "dma100" : null,
    "dma200" : 1015.42,
    "volume" : 21219.00
  }, {
    "date" : "2025-07-07",
    "price" : 859.20,
    "dma50" : 885.82,
    "dma100" : null,
    "dma200" : 1013.87,
    "volume" : 18864.00
  }, {
    "date" : "2025-07-08",
    "price" : 865.10,
    "dma50" : 885.01,
    "dma100" : null,
    "dma200" : 1012.39,
    "volume" : 39798.00
  }, {
    "date" : "2025-07-09",
    "price" : 848.95,
    "dma50" : 883.59,
    "dma100" : null,
    "dma200" : 1010.76,
    "volume" : 33661.00
  }, {
    "date" : "2025-07-10",
    "price" : 846.20,
    "dma50" : 882.12,
    "dma100" : null,
    "dma200" : 1009.13,
    "volume" : 6103.00
  }, {
    "date" : "2025-07-11",
    "price" : 843.55,
    "dma50" : 880.61,
    "dma100" : null,
    "dma200" : 1007.48,
    "volume" : 14176.00
  }, {
    "date" : "2025-07-14",
    "price" : 833.85,
    "dma50" : 878.78,
    "dma100" : null,
    "dma200" : 1005.75,
    "volume" : 11831.00
  }, {
    "date" : "2025-07-15",
    "price" : 837.50,
    "dma50" : 877.16,
    "dma100" : null,
    "dma200" : 1004.08,
    "volume" : 7243.00
  }, {
    "date" : "2025-07-16",
    "price" : 849.25,
    "dma50" : 876.07,
    "dma100" : 913.78,
    "dma200" : 1002.54,
    "volume" : 10493.00
  }, {
    "date" : "2025-07-17",
    "price" : 852.45,
    "dma50" : 875.14,
    "dma100" : 913.55,
    "dma200" : 1001.04,
    "volume" : 14224.00
  }, {
    "date" : "2025-07-18",
    "price" : 853.05,
    "dma50" : 874.27,
    "dma100" : 912.93,
    "dma200" : 999.57,
    "volume" : 8069.00
  }, {
    "date" : "2025-07-21",
    "price" : 872.40,
    "dma50" : 874.20,
    "dma100" : 912.70,
    "dma200" : 998.30,
    "volume" : 16561.00
  }, {
    "date" : "2025-07-22",
    "price" : 841.60,
    "dma50" : 872.92,
    "dma100" : 911.93,
    "dma200" : 996.75,
    "volume" : 44204.00
  }, {
    "date" : "2025-07-23",
    "price" : 848.30,
    "dma50" : 871.96,
    "dma100" : 911.14,
    "dma200" : 995.27,
    "volume" : 6224.00
  }, {
    "date" : "2025-07-24",
    "price" : 848.10,
    "dma50" : 871.02,
    "dma100" : 910.18,
    "dma200" : 993.80,
    "volume" : 17117.00
  }, {
    "date" : "2025-07-25",
    "price" : 835.00,
    "dma50" : 869.61,
    "dma100" : 909.12,
    "dma200" : 992.22,
    "volume" : 8559.00
  }, {
    "date" : "2025-07-28",
    "price" : 799.20,
    "dma50" : 866.85,
    "dma100" : 907.76,
    "dma200" : 990.30,
    "volume" : 34385.00
  }, {
    "date" : "2025-07-29",
    "price" : 786.95,
    "dma50" : 863.71,
    "dma100" : 906.32,
    "dma200" : 988.28,
    "volume" : 53270.00
  }, {
    "date" : "2025-07-30",
    "price" : 811.15,
    "dma50" : 861.65,
    "dma100" : 905.08,
    "dma200" : 986.52,
    "volume" : 63159.00
  }, {
    "date" : "2025-07-31",
    "price" : 796.15,
    "dma50" : 859.08,
    "dma100" : 903.54,
    "dma200" : 984.62,
    "volume" : 39023.00
  }, {
    "date" : "2025-08-01",
    "price" : 791.85,
    "dma50" : 856.45,
    "dma100" : 901.69,
    "dma200" : 982.70,
    "volume" : 70009.00
  }, {
    "date" : "2025-08-04",
    "price" : 794.30,
    "dma50" : 854.01,
    "dma100" : 899.90,
    "dma200" : 980.83,
    "volume" : 10236.00
  }, {
    "date" : "2025-08-05",
    "price" : 796.15,
    "dma50" : 851.74,
    "dma100" : 898.46,
    "dma200" : 978.99,
    "volume" : 17239.00
  }, {
    "date" : "2025-08-06",
    "price" : 781.25,
    "dma50" : 848.98,
    "dma100" : 896.68,
    "dma200" : 977.02,
    "volume" : 40890.00
  }, {
    "date" : "2025-08-07",
    "price" : 800.35,
    "dma50" : 847.07,
    "dma100" : 895.18,
    "dma200" : 975.27,
    "volume" : 16410.00
  }, {
    "date" : "2025-08-08",
    "price" : 793.35,
    "dma50" : 844.96,
    "dma100" : 893.63,
    "dma200" : 973.46,
    "volume" : 5953.00
  }, {
    "date" : "2025-08-11",
    "price" : 795.50,
    "dma50" : 843.02,
    "dma100" : 892.14,
    "dma200" : 971.69,
    "volume" : 15687.00
  }, {
    "date" : "2025-08-12",
    "price" : 815.20,
    "dma50" : 841.93,
    "dma100" : 890.94,
    "dma200" : 970.13,
    "volume" : 79076.00
  }, {
    "date" : "2025-08-13",
    "price" : 845.80,
    "dma50" : 842.08,
    "dma100" : 890.04,
    "dma200" : 968.89,
    "volume" : 153110.00
  }, {
    "date" : "2025-08-14",
    "price" : 856.80,
    "dma50" : 842.66,
    "dma100" : 889.24,
    "dma200" : 967.78,
    "volume" : 168955.00
  }, {
    "date" : "2025-08-18",
    "price" : 850.20,
    "dma50" : 842.96,
    "dma100" : 888.41,
    "dma200" : 966.61,
    "volume" : 23614.00
  }, {
    "date" : "2025-08-19",
    "price" : 858.10,
    "dma50" : 843.55,
    "dma100" : 887.51,
    "dma200" : 965.53,
    "volume" : 37633.00
  }, {
    "date" : "2025-08-20",
    "price" : 859.25,
    "dma50" : 844.17,
    "dma100" : 886.25,
    "dma200" : 964.47,
    "volume" : 21546.00
  }, {
    "date" : "2025-08-21",
    "price" : 868.15,
    "dma50" : 845.11,
    "dma100" : 885.12,
    "dma200" : 963.51,
    "volume" : 92967.00
  }, {
    "date" : "2025-08-22",
    "price" : 897.80,
    "dma50" : 847.17,
    "dma100" : 884.63,
    "dma200" : 962.86,
    "volume" : 124683.00
  }, {
    "date" : "2025-08-25",
    "price" : 922.70,
    "dma50" : 850.13,
    "dma100" : 884.10,
    "dma200" : 962.46,
    "volume" : 208683.00
  }, {
    "date" : "2025-08-26",
    "price" : 925.05,
    "dma50" : 853.07,
    "dma100" : 883.52,
    "dma200" : 962.09,
    "volume" : 144718.00
  }, {
    "date" : "2025-08-28",
    "price" : 913.10,
    "dma50" : 855.43,
    "dma100" : 882.73,
    "dma200" : 961.60,
    "volume" : 81413.00
  }, {
    "date" : "2025-08-29",
    "price" : 988.10,
    "dma50" : 860.63,
    "dma100" : 882.35,
    "dma200" : 961.86,
    "volume" : 305749.00
  }, {
    "date" : "2025-09-01",
    "price" : 980.70,
    "dma50" : 865.34,
    "dma100" : 881.85,
    "dma200" : 962.05,
    "volume" : 214888.00
  }, {
    "date" : "2025-09-02",
    "price" : 958.35,
    "dma50" : 868.99,
    "dma100" : 881.22,
    "dma200" : 962.01,
    "volume" : 63968.00
  }, {
    "date" : "2025-09-03",
    "price" : 939.15,
    "dma50" : 871.74,
    "dma100" : 880.42,
    "dma200" : 961.78,
    "volume" : 44731.00
  }, {
    "date" : "2025-09-04",
    "price" : 935.35,
    "dma50" : 874.23,
    "dma100" : 879.66,
    "dma200" : 961.52,
    "volume" : 79342.00
  }, {
    "date" : "2025-09-05",
    "price" : 926.30,
    "dma50" : 876.27,
    "dma100" : 878.69,
    "dma200" : 961.17,
    "volume" : 53405.00
  }, {
    "date" : "2025-09-08",
    "price" : 919.70,
    "dma50" : 877.98,
    "dma100" : 877.66,
    "dma200" : 960.76,
    "volume" : 81887.00
  }, {
    "date" : "2025-09-09",
    "price" : 921.40,
    "dma50" : 879.68,
    "dma100" : 876.67,
    "dma200" : 960.37,
    "volume" : 75571.00
  }, {
    "date" : "2025-09-10",
    "price" : 923.10,
    "dma50" : 881.38,
    "dma100" : 876.12,
    "dma200" : 960.00,
    "volume" : 34476.00
  }, {
    "date" : "2025-09-11",
    "price" : 930.85,
    "dma50" : 883.32,
    "dma100" : 875.47,
    "dma200" : 959.71,
    "volume" : 104899.00
  }, {
    "date" : "2025-09-12",
    "price" : 929.60,
    "dma50" : 885.14,
    "dma100" : 874.92,
    "dma200" : 959.41,
    "volume" : 76950.00
  }, {
    "date" : "2025-09-15",
    "price" : 958.80,
    "dma50" : 888.03,
    "dma100" : 874.78,
    "dma200" : 959.40,
    "volume" : 41892.00
  }, {
    "date" : "2025-09-16",
    "price" : 934.75,
    "dma50" : 889.86,
    "dma100" : 874.45,
    "dma200" : 959.16,
    "volume" : 35028.00
  }, {
    "date" : "2025-09-17",
    "price" : 941.05,
    "dma50" : 891.87,
    "dma100" : 874.46,
    "dma200" : 958.98,
    "volume" : 18519.00
  }, {
    "date" : "2025-09-18",
    "price" : 937.45,
    "dma50" : 893.65,
    "dma100" : 874.49,
    "dma200" : 958.76,
    "volume" : 26081.00
  }, {
    "date" : "2025-09-19",
    "price" : 943.05,
    "dma50" : 895.59,
    "dma100" : 874.50,
    "dma200" : 958.60,
    "volume" : 27040.00
  }, {
    "date" : "2025-09-22",
    "price" : 959.30,
    "dma50" : 898.09,
    "dma100" : 874.35,
    "dma200" : 958.61,
    "volume" : 40062.00
  }, {
    "date" : "2025-09-23",
    "price" : 947.95,
    "dma50" : 900.04,
    "dma100" : 874.21,
    "dma200" : 958.51,
    "volume" : 12258.00
  }, {
    "date" : "2025-09-24",
    "price" : 935.35,
    "dma50" : 901.43,
    "dma100" : 874.13,
    "dma200" : 958.28,
    "volume" : 34689.00
  }, {
    "date" : "2025-09-25",
    "price" : 907.90,
    "dma50" : 901.68,
    "dma100" : 874.09,
    "dma200" : 957.77,
    "volume" : 38784.00
  }, {
    "date" : "2025-09-26",
    "price" : 904.05,
    "dma50" : 901.78,
    "dma100" : 874.05,
    "dma200" : 957.24,
    "volume" : 20205.00
  }, {
    "date" : "2025-09-29",
    "price" : 903.60,
    "dma50" : 901.85,
    "dma100" : 874.14,
    "dma200" : 956.71,
    "volume" : 24322.00
  }, {
    "date" : "2025-09-30",
    "price" : 915.90,
    "dma50" : 902.40,
    "dma100" : 874.73,
    "dma200" : 956.30,
    "volume" : 48123.00
  }, {
    "date" : "2025-10-01",
    "price" : 913.50,
    "dma50" : 902.83,
    "dma100" : 875.46,
    "dma200" : 955.87,
    "volume" : 15147.00
  }, {
    "date" : "2025-10-03",
    "price" : 907.40,
    "dma50" : 903.01,
    "dma100" : 876.29,
    "dma200" : 955.39,
    "volume" : 12988.00
  }, {
    "date" : "2025-10-06",
    "price" : 900.75,
    "dma50" : 902.92,
    "dma100" : 876.80,
    "dma200" : 954.85,
    "volume" : 33662.00
  }, {
    "date" : "2025-10-07",
    "price" : 894.15,
    "dma50" : 902.58,
    "dma100" : 877.22,
    "dma200" : 954.24,
    "volume" : 36446.00
  }, {
    "date" : "2025-10-08",
    "price" : 867.40,
    "dma50" : 901.20,
    "dma100" : 877.45,
    "dma200" : 953.38,
    "volume" : 33715.00
  }, {
    "date" : "2025-10-09",
    "price" : 866.05,
    "dma50" : 899.82,
    "dma100" : 877.76,
    "dma200" : 952.51,
    "volume" : 39188.00
  }, {
    "date" : "2025-10-10",
    "price" : 876.05,
    "dma50" : 898.89,
    "dma100" : 877.98,
    "dma200" : 951.75,
    "volume" : 37900.00
  }, {
    "date" : "2025-10-13",
    "price" : 875.65,
    "dma50" : 897.98,
    "dma100" : 878.14,
    "dma200" : 950.99,
    "volume" : 12857.00
  }, {
    "date" : "2025-10-14",
    "price" : 861.80,
    "dma50" : 896.56,
    "dma100" : 878.15,
    "dma200" : 950.11,
    "volume" : 23024.00
  }, {
    "date" : "2025-10-15",
    "price" : 853.95,
    "dma50" : 894.89,
    "dma100" : 877.06,
    "dma200" : 949.15,
    "volume" : 17083.00
  }, {
    "date" : "2025-10-16",
    "price" : 856.00,
    "dma50" : 893.36,
    "dma100" : 875.85,
    "dma200" : 948.22,
    "volume" : 9762.00
  }, {
    "date" : "2025-10-17",
    "price" : 840.90,
    "dma50" : 891.31,
    "dma100" : 874.78,
    "dma200" : 947.15,
    "volume" : 9773.00
  }, {
    "date" : "2025-10-20",
    "price" : 845.25,
    "dma50" : 889.50,
    "dma100" : 874.00,
    "dma200" : 946.14,
    "volume" : 18163.00
  }, {
    "date" : "2025-10-21",
    "price" : 861.85,
    "dma50" : 888.42,
    "dma100" : 873.55,
    "dma200" : 945.30,
    "volume" : 3373.00
  }, {
    "date" : "2025-10-23",
    "price" : 860.05,
    "dma50" : 887.30,
    "dma100" : 872.90,
    "dma200" : 944.45,
    "volume" : 11732.00
  }, {
    "date" : "2025-10-24",
    "price" : 858.85,
    "dma50" : 886.19,
    "dma100" : 872.38,
    "dma200" : 943.60,
    "volume" : 7572.00
  }, {
    "date" : "2025-10-27",
    "price" : 865.25,
    "dma50" : 885.37,
    "dma100" : 871.83,
    "dma200" : 942.82,
    "volume" : 6471.00
  }, {
    "date" : "2025-10-28",
    "price" : 856.45,
    "dma50" : 884.23,
    "dma100" : 871.36,
    "dma200" : 941.96,
    "volume" : 5012.00
  }, {
    "date" : "2025-10-29",
    "price" : 863.25,
    "dma50" : 883.41,
    "dma100" : 871.08,
    "dma200" : 941.18,
    "volume" : 22747.00
  }, {
    "date" : "2025-10-30",
    "price" : 882.40,
    "dma50" : 883.37,
    "dma100" : 871.12,
    "dma200" : 940.59,
    "volume" : 24074.00
  }, {
    "date" : "2025-10-31",
    "price" : 898.85,
    "dma50" : 883.98,
    "dma100" : 871.39,
    "dma200" : 940.18,
    "volume" : 15616.00
  }, {
    "date" : "2025-11-03",
    "price" : 887.00,
    "dma50" : 884.10,
    "dma100" : 871.60,
    "dma200" : 939.65,
    "volume" : 14250.00
  }, {
    "date" : "2025-11-04",
    "price" : 868.35,
    "dma50" : 883.48,
    "dma100" : 871.56,
    "dma200" : 938.94,
    "volume" : 35991.00
  }, {
    "date" : "2025-11-06",
    "price" : 847.10,
    "dma50" : 882.05,
    "dma100" : 871.41,
    "dma200" : 938.03,
    "volume" : 12755.00
  }, {
    "date" : "2025-11-07",
    "price" : 830.15,
    "dma50" : 880.02,
    "dma100" : 871.11,
    "dma200" : 936.95,
    "volume" : 17448.00
  }, {
    "date" : "2025-11-10",
    "price" : 790.70,
    "dma50" : 876.51,
    "dma100" : 870.45,
    "dma200" : 935.50,
    "volume" : 36644.00
  }, {
    "date" : "2025-11-11",
    "price" : 833.35,
    "dma50" : 874.82,
    "dma100" : 870.24,
    "dma200" : 934.48,
    "volume" : 889982.00
  }, {
    "date" : "2025-11-12",
    "price" : 859.70,
    "dma50" : 874.23,
    "dma100" : 870.39,
    "dma200" : 933.74,
    "volume" : 55324.00
  }, {
    "date" : "2025-11-13",
    "price" : 848.55,
    "dma50" : 873.22,
    "dma100" : 870.51,
    "dma200" : 932.89,
    "volume" : 47352.00
  }, {
    "date" : "2025-11-14",
    "price" : 867.50,
    "dma50" : 873.00,
    "dma100" : 870.82,
    "dma200" : 932.24,
    "volume" : 34283.00
  }, {
    "date" : "2025-11-17",
    "price" : 878.30,
    "dma50" : 873.20,
    "dma100" : 871.24,
    "dma200" : 931.70,
    "volume" : 30097.00
  }, {
    "date" : "2025-11-18",
    "price" : 875.90,
    "dma50" : 873.31,
    "dma100" : 871.67,
    "dma200" : 931.15,
    "volume" : 10371.00
  }, {
    "date" : "2025-11-19",
    "price" : 879.00,
    "dma50" : 873.53,
    "dma100" : 872.05,
    "dma200" : 930.63,
    "volume" : 18365.00
  }, {
    "date" : "2025-11-20",
    "price" : 899.20,
    "dma50" : 874.54,
    "dma100" : 872.80,
    "dma200" : 930.32,
    "volume" : 49347.00
  }, {
    "date" : "2025-11-21",
    "price" : 892.05,
    "dma50" : 875.23,
    "dma100" : 873.32,
    "dma200" : 929.93,
    "volume" : 24895.00
  }, {
    "date" : "2025-11-24",
    "price" : 872.15,
    "dma50" : 875.11,
    "dma100" : 873.44,
    "dma200" : 929.36,
    "volume" : 19251.00
  }, {
    "date" : "2025-11-25",
    "price" : 876.30,
    "dma50" : 875.15,
    "dma100" : 873.62,
    "dma200" : 928.83,
    "volume" : 8482.00
  }, {
    "date" : "2025-11-26",
    "price" : 914.05,
    "dma50" : 876.68,
    "dma100" : 874.07,
    "dma200" : 928.68,
    "volume" : 29161.00
  }, {
    "date" : "2025-11-27",
    "price" : 915.80,
    "dma50" : 878.21,
    "dma100" : 874.51,
    "dma200" : 928.56,
    "volume" : 22915.00
  }, {
    "date" : "2025-11-28",
    "price" : 960.85,
    "dma50" : 881.45,
    "dma100" : 875.36,
    "dma200" : 928.88,
    "volume" : 97937.00
  }, {
    "date" : "2025-12-01",
    "price" : 958.70,
    "dma50" : 884.48,
    "dma100" : 876.36,
    "dma200" : 929.17,
    "volume" : 17846.00
  }, {
    "date" : "2025-12-02",
    "price" : 965.75,
    "dma50" : 887.67,
    "dma100" : 877.37,
    "dma200" : 929.54,
    "volume" : 54714.00
  }, {
    "date" : "2025-12-03",
    "price" : 987.85,
    "dma50" : 891.60,
    "dma100" : 878.75,
    "dma200" : 930.12,
    "volume" : 65105.00
  }, {
    "date" : "2025-12-04",
    "price" : 971.75,
    "dma50" : 894.74,
    "dma100" : 880.01,
    "dma200" : 930.53,
    "volume" : 32347.00
  }, {
    "date" : "2025-12-05",
    "price" : 1011.30,
    "dma50" : 899.31,
    "dma100" : 881.69,
    "dma200" : 931.34,
    "volume" : 253799.00
  }, {
    "date" : "2025-12-08",
    "price" : 993.20,
    "dma50" : 902.99,
    "dma100" : 883.28,
    "dma200" : 931.95,
    "volume" : 66648.00
  }, {
    "date" : "2025-12-09",
    "price" : 997.30,
    "dma50" : 906.69,
    "dma100" : 884.88,
    "dma200" : 932.60,
    "volume" : 35198.00
  }, {
    "date" : "2025-12-10",
    "price" : 1016.40,
    "dma50" : 910.99,
    "dma100" : 886.55,
    "dma200" : 933.44,
    "volume" : 196278.00
  }, {
    "date" : "2025-12-11",
    "price" : 1055.60,
    "dma50" : 916.67,
    "dma100" : 888.58,
    "dma200" : 934.65,
    "volume" : 263789.00
  }, {
    "date" : "2025-12-12",
    "price" : 1027.20,
    "dma50" : 921.00,
    "dma100" : 890.32,
    "dma200" : 935.57,
    "volume" : 31366.00
  }, {
    "date" : "2025-12-15",
    "price" : 1023.75,
    "dma50" : 925.03,
    "dma100" : 891.84,
    "dma200" : 936.45,
    "volume" : 17378.00
  }, {
    "date" : "2025-12-16",
    "price" : 977.60,
    "dma50" : 927.09,
    "dma100" : 893.20,
    "dma200" : 936.86,
    "volume" : 30532.00
  }, {
    "date" : "2025-12-17",
    "price" : 1012.35,
    "dma50" : 930.43,
    "dma100" : 894.84,
    "dma200" : 937.61,
    "volume" : 201636.00
  }, {
    "date" : "2025-12-18",
    "price" : 1016.80,
    "dma50" : 933.82,
    "dma100" : 896.52,
    "dma200" : 938.40,
    "volume" : 31170.00
  }, {
    "date" : "2025-12-19",
    "price" : 1026.90,
    "dma50" : 937.47,
    "dma100" : 898.44,
    "dma200" : 939.28,
    "volume" : 25011.00
  }, {
    "date" : "2025-12-22",
    "price" : 1042.95,
    "dma50" : 941.61,
    "dma100" : 900.88,
    "dma200" : 940.31,
    "volume" : 45954.00
  }, {
    "date" : "2025-12-23",
    "price" : 1031.70,
    "dma50" : 945.14,
    "dma100" : 903.33,
    "dma200" : 941.22,
    "volume" : 36506.00
  }, {
    "date" : "2025-12-24",
    "price" : 1021.80,
    "dma50" : 948.15,
    "dma100" : 905.44,
    "dma200" : 942.02,
    "volume" : 89930.00
  }, {
    "date" : "2025-12-26",
    "price" : 1048.70,
    "dma50" : 952.09,
    "dma100" : 907.96,
    "dma200" : 943.08,
    "volume" : 66317.00
  }, {
    "date" : "2025-12-29",
    "price" : 1065.20,
    "dma50" : 956.53,
    "dma100" : 910.69,
    "dma200" : 944.30,
    "volume" : 52089.00
  }, {
    "date" : "2025-12-30",
    "price" : 1066.55,
    "dma50" : 960.84,
    "dma100" : 913.42,
    "dma200" : 945.51,
    "volume" : 57543.00
  }, {
    "date" : "2025-12-31",
    "price" : 1099.65,
    "dma50" : 966.28,
    "dma100" : 916.45,
    "dma200" : 947.05,
    "volume" : 78506.00
  }, {
    "date" : "2026-01-01",
    "price" : 1093.80,
    "dma50" : 971.28,
    "dma100" : 919.58,
    "dma200" : 948.51,
    "volume" : 46280.00
  }, {
    "date" : "2026-01-02",
    "price" : 1088.10,
    "dma50" : 975.87,
    "dma100" : 922.45,
    "dma200" : 949.90,
    "volume" : 43320.00
  }, {
    "date" : "2026-01-05",
    "price" : 1103.70,
    "dma50" : 980.88,
    "dma100" : 925.56,
    "dma200" : 951.43,
    "volume" : 33917.00
  }, {
    "date" : "2026-01-06",
    "price" : 1097.80,
    "dma50" : 985.46,
    "dma100" : 928.58,
    "dma200" : 952.88,
    "volume" : 70884.00
  }, {
    "date" : "2026-01-07",
    "price" : 1110.60,
    "dma50" : 990.37,
    "dma100" : 931.54,
    "dma200" : 954.45,
    "volume" : 13937.00
  }, {
    "date" : "2026-01-08",
    "price" : 1084.40,
    "dma50" : 994.06,
    "dma100" : 933.92,
    "dma200" : 955.75,
    "volume" : 32459.00
  }, {
    "date" : "2026-01-09",
    "price" : 1070.40,
    "dma50" : 997.05,
    "dma100" : 936.06,
    "dma200" : 956.89,
    "volume" : 27685.00
  }, {
    "date" : "2026-01-12",
    "price" : 1052.60,
    "dma50" : 999.23,
    "dma100" : 938.08,
    "dma200" : 957.84,
    "volume" : 36423.00
  }, {
    "date" : "2026-01-13",
    "price" : 1032.80,
    "dma50" : 1000.55,
    "dma100" : 939.83,
    "dma200" : 958.59,
    "volume" : 38683.00
  }, {
    "date" : "2026-01-14",
    "price" : 1072.20,
    "dma50" : 1003.36,
    "dma100" : 941.96,
    "dma200" : 959.72,
    "volume" : 14291.00
  }, {
    "date" : "2026-01-16",
    "price" : 1059.20,
    "dma50" : 1005.55,
    "dma100" : 943.87,
    "dma200" : 960.71,
    "volume" : 8577.00
  }, {
    "date" : "2026-01-19",
    "price" : 1073.80,
    "dma50" : 1008.22,
    "dma100" : 945.63,
    "dma200" : 961.83,
    "volume" : 18867.00
  }, {
    "date" : "2026-01-20",
    "price" : 1092.00,
    "dma50" : 1011.51,
    "dma100" : 947.32,
    "dma200" : 963.13,
    "volume" : 51154.00
  }, {
    "date" : "2026-01-21",
    "price" : 1091.80,
    "dma50" : 1014.66,
    "dma100" : 948.99,
    "dma200" : 964.41,
    "volume" : 69792.00
  }, {
    "date" : "2026-01-22",
    "price" : 1127.80,
    "dma50" : 1019.09,
    "dma100" : 951.14,
    "dma200" : 966.03,
    "volume" : 46142.00
  }, {
    "date" : "2026-01-23",
    "price" : 1131.50,
    "dma50" : 1023.50,
    "dma100" : 952.57,
    "dma200" : 967.68,
    "volume" : 124708.00
  }, {
    "date" : "2026-01-27",
    "price" : 1171.80,
    "dma50" : 1029.32,
    "dma100" : 954.48,
    "dma200" : 969.71,
    "volume" : 188564.00
  }, {
    "date" : "2026-01-28",
    "price" : 1207.70,
    "dma50" : 1036.31,
    "dma100" : 956.97,
    "dma200" : 972.08,
    "volume" : 68938.00
  }, {
    "date" : "2026-01-29",
    "price" : 1291.70,
    "dma50" : 1046.33,
    "dma100" : 960.50,
    "dma200" : 975.26,
    "volume" : 232691.00
  }, {
    "date" : "2026-01-30",
    "price" : 1272.60,
    "dma50" : 1055.20,
    "dma100" : 963.87,
    "dma200" : 978.22,
    "volume" : 162429.00
  }, {
    "date" : "2026-02-01",
    "price" : 1266.10,
    "dma50" : 1063.47,
    "dma100" : 967.27,
    "dma200" : 981.08,
    "volume" : 147938.00
  }, {
    "date" : "2026-02-02",
    "price" : 1275.50,
    "dma50" : 1071.79,
    "dma100" : 970.83,
    "dma200" : 984.01,
    "volume" : 64352.00
  }, {
    "date" : "2026-02-03",
    "price" : 1230.30,
    "dma50" : 1078.00,
    "dma100" : 973.92,
    "dma200" : 986.46,
    "volume" : 96734.00
  }, {
    "date" : "2026-02-04",
    "price" : 1210.20,
    "dma50" : 1083.19,
    "dma100" : 976.79,
    "dma200" : 988.69,
    "volume" : 41377.00
  }, {
    "date" : "2026-02-05",
    "price" : 1256.20,
    "dma50" : 1089.97,
    "dma100" : 980.04,
    "dma200" : 991.35,
    "volume" : 38270.00
  }, {
    "date" : "2026-02-06",
    "price" : 1291.60,
    "dma50" : 1097.88,
    "dma100" : 983.66,
    "dma200" : 994.34,
    "volume" : 72941.00
  }, {
    "date" : "2026-02-09",
    "price" : 1295.20,
    "dma50" : 1105.62,
    "dma100" : 987.03,
    "dma200" : 997.33,
    "volume" : 52327.00
  }, {
    "date" : "2026-02-10",
    "price" : 1357.80,
    "dma50" : 1115.51,
    "dma100" : 991.26,
    "dma200" : 1000.92,
    "volume" : 296159.00
  }, {
    "date" : "2026-02-11",
    "price" : 1340.90,
    "dma50" : 1124.35,
    "dma100" : 995.25,
    "dma200" : 1004.30,
    "volume" : 47766.00
  }, {
    "date" : "2026-02-12",
    "price" : 1367.00,
    "dma50" : 1133.86,
    "dma100" : 999.55,
    "dma200" : 1007.91,
    "volume" : 44444.00
  }, {
    "date" : "2026-02-13",
    "price" : 1374.70,
    "dma50" : 1143.31,
    "dma100" : 1003.87,
    "dma200" : 1011.56,
    "volume" : 114751.00
  } ],
  "latestTechnicalAttributes" : {
    "date" : "2026-02-13",
    "price" : 1374.70,
    "dma50" : 1143.31,
    "dma100" : 1003.87,
    "dma200" : 1011.56,
    "volume" : 114751.00
  },
  "quarterlyResults" : [ {
    "date" : "2005-03-31",
    "sales" : 17.78,
    "salesGrowthYoY" : null,
    "grossProfitMargin" : 100.00,
    "grossProfit" : 17.78,
    "operatingProfitMargin" : 34.14,
    "operatingProfit" : 6.07,
    "netProfitMargin" : 28.12,
    "netProfit" : 5.00
  }, {
    "date" : "2005-06-30",
    "sales" : 19.44,
    "salesGrowthYoY" : null,
    "grossProfitMargin" : 100.00,
    "grossProfit" : 19.44,
    "operatingProfitMargin" : -8.59,
    "operatingProfit" : -1.67,
    "netProfitMargin" : -20.63,
    "netProfit" : -4.01
  }, {
    "date" : "2005-09-30",
    "sales" : 17.65,
    "salesGrowthYoY" : null,
    "grossProfitMargin" : 100.00,
    "grossProfit" : 17.65,
    "operatingProfitMargin" : 28.22,
    "operatingProfit" : 4.98,
    "netProfitMargin" : 14.90,
    "netProfit" : 2.63
  }, {
    "date" : "2005-12-31",
    "sales" : 27.41,
    "salesGrowthYoY" : null,
    "grossProfitMargin" : 100.00,
    "grossProfit" : 27.41,
    "operatingProfitMargin" : 65.12,
    "operatingProfit" : 17.85,
    "netProfitMargin" : 57.31,
    "netProfit" : 15.71
  }, {
    "date" : "2006-03-31",
    "sales" : 26.99,
    "salesGrowthYoY" : 51.80,
    "grossProfitMargin" : 100.00,
    "grossProfit" : 26.99,
    "operatingProfitMargin" : 61.28,
    "operatingProfit" : 16.54,
    "netProfitMargin" : 55.98,
    "netProfit" : 15.11
  }, {
    "date" : "2006-06-30",
    "sales" : 36.94,
    "salesGrowthYoY" : 90.02,
    "grossProfitMargin" : 100.00,
    "grossProfit" : 36.94,
    "operatingProfitMargin" : 52.30,
    "operatingProfit" : 19.32,
    "netProfitMargin" : 46.26,
    "netProfit" : 17.09
  }, {
    "date" : "2006-09-30",
    "sales" : 33.60,
    "salesGrowthYoY" : 90.37,
    "grossProfitMargin" : 100.00,
    "grossProfit" : 33.60,
    "operatingProfitMargin" : 13.51,
    "operatingProfit" : 4.54,
    "netProfitMargin" : 1.49,
    "netProfit" : 0.50
  }, {
    "date" : "2006-12-31",
    "sales" : 61.60,
    "salesGrowthYoY" : 124.74,
    "grossProfitMargin" : 100.00,
    "grossProfit" : 61.60,
    "operatingProfitMargin" : 49.30,
    "operatingProfit" : 30.37,
    "netProfitMargin" : 41.98,
    "netProfit" : 25.86
  }, {
    "date" : "2007-03-31",
    "sales" : 56.11,
    "salesGrowthYoY" : 107.89,
    "grossProfitMargin" : 100.00,
    "grossProfit" : 56.11,
    "operatingProfitMargin" : 48.21,
    "operatingProfit" : 27.05,
    "netProfitMargin" : 43.50,
    "netProfit" : 24.41
  }, {
    "date" : "2007-06-30",
    "sales" : 46.73,
    "salesGrowthYoY" : 26.50,
    "grossProfitMargin" : 100.00,
    "grossProfit" : 46.73,
    "operatingProfitMargin" : 49.45,
    "operatingProfit" : 23.11,
    "netProfitMargin" : 41.90,
    "netProfit" : 19.58
  }, {
    "date" : "2007-09-30",
    "sales" : 45.34,
    "salesGrowthYoY" : 34.94,
    "grossProfitMargin" : 100.00,
    "grossProfit" : 45.34,
    "operatingProfitMargin" : 28.39,
    "operatingProfit" : 12.87,
    "netProfitMargin" : 21.00,
    "netProfit" : 9.52
  }, {
    "date" : "2007-12-31",
    "sales" : 22.27,
    "salesGrowthYoY" : -63.85,
    "grossProfitMargin" : 100.00,
    "grossProfit" : 22.27,
    "operatingProfitMargin" : -50.34,
    "operatingProfit" : -11.21,
    "netProfitMargin" : -70.68,
    "netProfit" : -15.74
  }, {
    "date" : "2008-03-31",
    "sales" : 34.85,
    "salesGrowthYoY" : -37.89,
    "grossProfitMargin" : 100.00,
    "grossProfit" : 34.85,
    "operatingProfitMargin" : -29.12,
    "operatingProfit" : -10.15,
    "netProfitMargin" : -42.96,
    "netProfit" : -14.97
  }, {
    "date" : "2008-06-30",
    "sales" : 60.72,
    "salesGrowthYoY" : 29.94,
    "grossProfitMargin" : 100.00,
    "grossProfit" : 60.72,
    "operatingProfitMargin" : 49.92,
    "operatingProfit" : 30.31,
    "netProfitMargin" : 40.07,
    "netProfit" : 24.33
  }, {
    "date" : "2008-09-30",
    "sales" : 68.61,
    "salesGrowthYoY" : 51.32,
    "grossProfitMargin" : 100.00,
    "grossProfit" : 68.61,
    "operatingProfitMargin" : -9.18,
    "operatingProfit" : -6.30,
    "netProfitMargin" : -17.83,
    "netProfit" : -12.23
  }, {
    "date" : "2008-12-31",
    "sales" : 104.41,
    "salesGrowthYoY" : 368.84,
    "grossProfitMargin" : 100.00,
    "grossProfit" : 104.41,
    "operatingProfitMargin" : 58.66,
    "operatingProfit" : 61.25,
    "netProfitMargin" : 52.30,
    "netProfit" : 54.61
  }, {
    "date" : "2009-03-31",
    "sales" : 100.12,
    "salesGrowthYoY" : 187.29,
    "grossProfitMargin" : 100.00,
    "grossProfit" : 100.12,
    "operatingProfitMargin" : 65.53,
    "operatingProfit" : 65.61,
    "netProfitMargin" : 61.88,
    "netProfit" : 61.95
  }, {
    "date" : "2009-06-30",
    "sales" : 100.38,
    "salesGrowthYoY" : 65.32,
    "grossProfitMargin" : 100.00,
    "grossProfit" : 100.38,
    "operatingProfitMargin" : 63.69,
    "operatingProfit" : 63.93,
    "netProfitMargin" : 59.04,
    "netProfit" : 59.26
  }, {
    "date" : "2009-09-30",
    "sales" : 97.29,
    "salesGrowthYoY" : 41.80,
    "grossProfitMargin" : 100.00,
    "grossProfit" : 97.29,
    "operatingProfitMargin" : 68.13,
    "operatingProfit" : 66.28,
    "netProfitMargin" : 65.64,
    "netProfit" : 63.86
  }, {
    "date" : "2009-12-31",
    "sales" : 86.70,
    "salesGrowthYoY" : -16.96,
    "grossProfitMargin" : 100.00,
    "grossProfit" : 86.70,
    "operatingProfitMargin" : 59.33,
    "operatingProfit" : 51.44,
    "netProfitMargin" : 54.12,
    "netProfit" : 46.92
  }, {
    "date" : "2010-03-31",
    "sales" : 40.35,
    "salesGrowthYoY" : -59.70,
    "grossProfitMargin" : 100.00,
    "grossProfit" : 40.35,
    "operatingProfitMargin" : -58.29,
    "operatingProfit" : -23.52,
    "netProfitMargin" : -71.18,
    "netProfit" : -28.72
  }, {
    "date" : "2010-06-30",
    "sales" : 24.92,
    "salesGrowthYoY" : -75.17,
    "grossProfitMargin" : 100.00,
    "grossProfit" : 24.92,
    "operatingProfitMargin" : -75.68,
    "operatingProfit" : -18.86,
    "netProfitMargin" : -91.05,
    "netProfit" : -22.69
  }, {
    "date" : "2010-09-30",
    "sales" : 24.73,
    "salesGrowthYoY" : -74.58,
    "grossProfitMargin" : 100.00,
    "grossProfit" : 24.73,
    "operatingProfitMargin" : -31.62,
    "operatingProfit" : -7.82,
    "netProfitMargin" : -52.85,
    "netProfit" : -13.07
  }, {
    "date" : "2010-12-31",
    "sales" : 24.72,
    "salesGrowthYoY" : -71.49,
    "grossProfitMargin" : 100.00,
    "grossProfit" : 24.72,
    "operatingProfitMargin" : -26.94,
    "operatingProfit" : -6.66,
    "netProfitMargin" : -41.22,
    "netProfit" : -10.19
  }, {
    "date" : "2011-03-31",
    "sales" : 28.01,
    "salesGrowthYoY" : -30.58,
    "grossProfitMargin" : 100.00,
    "grossProfit" : 28.01,
    "operatingProfitMargin" : -75.12,
    "operatingProfit" : -21.04,
    "netProfitMargin" : -88.83,
    "netProfit" : -24.88
  }, {
    "date" : "2011-06-30",
    "sales" : 46.04,
    "salesGrowthYoY" : 84.75,
    "grossProfitMargin" : 100.00,
    "grossProfit" : 46.04,
    "operatingProfitMargin" : 27.56,
    "operatingProfit" : 12.69,
    "netProfitMargin" : 18.74,
    "netProfit" : 8.63
  }, {
    "date" : "2011-09-30",
    "sales" : 27.53,
    "salesGrowthYoY" : 11.32,
    "grossProfitMargin" : 100.00,
    "grossProfit" : 27.53,
    "operatingProfitMargin" : -15.40,
    "operatingProfit" : -4.24,
    "netProfitMargin" : -22.08,
    "netProfit" : -6.08
  }, {
    "date" : "2011-12-31",
    "sales" : 30.83,
    "salesGrowthYoY" : 24.72,
    "grossProfitMargin" : 100.00,
    "grossProfit" : 30.83,
    "operatingProfitMargin" : -88.03,
    "operatingProfit" : -27.14,
    "netProfitMargin" : -88.36,
    "netProfit" : -27.24
  }, {
    "date" : "2012-03-31",
    "sales" : 77.43,
    "salesGrowthYoY" : 176.44,
    "grossProfitMargin" : 100.00,
    "grossProfit" : 77.43,
    "operatingProfitMargin" : 28.13,
    "operatingProfit" : 21.78,
    "netProfitMargin" : 18.34,
    "netProfit" : 14.20
  }, {
    "date" : "2012-06-30",
    "sales" : 73.68,
    "salesGrowthYoY" : 60.03,
    "grossProfitMargin" : 100.00,
    "grossProfit" : 73.68,
    "operatingProfitMargin" : 18.68,
    "operatingProfit" : 13.76,
    "netProfitMargin" : 18.62,
    "netProfit" : 13.72
  }, {
    "date" : "2012-09-30",
    "sales" : 82.96,
    "salesGrowthYoY" : 201.34,
    "grossProfitMargin" : 100.00,
    "grossProfit" : 82.96,
    "operatingProfitMargin" : 15.42,
    "operatingProfit" : 12.79,
    "netProfitMargin" : 0.98,
    "netProfit" : 0.81
  }, {
    "date" : "2012-12-31",
    "sales" : 86.87,
    "salesGrowthYoY" : 181.77,
    "grossProfitMargin" : 77.47,
    "grossProfit" : 67.30,
    "operatingProfitMargin" : 9.72,
    "operatingProfit" : 8.44,
    "netProfitMargin" : 5.44,
    "netProfit" : 4.73
  }, {
    "date" : "2013-03-31",
    "sales" : 93.82,
    "salesGrowthYoY" : 21.17,
    "grossProfitMargin" : 72.33,
    "grossProfit" : 67.86,
    "operatingProfitMargin" : 18.84,
    "operatingProfit" : 17.68,
    "netProfitMargin" : 15.81,
    "netProfit" : 14.83
  }, {
    "date" : "2013-06-30",
    "sales" : 85.31,
    "salesGrowthYoY" : 15.78,
    "grossProfitMargin" : 73.54,
    "grossProfit" : 62.74,
    "operatingProfitMargin" : 6.92,
    "operatingProfit" : 5.90,
    "netProfitMargin" : 6.47,
    "netProfit" : 5.52
  }, {
    "date" : "2013-09-30",
    "sales" : 59.26,
    "salesGrowthYoY" : -28.57,
    "grossProfitMargin" : 70.84,
    "grossProfit" : 41.98,
    "operatingProfitMargin" : -99.27,
    "operatingProfit" : -58.83,
    "netProfitMargin" : -110.55,
    "netProfit" : -65.51
  }, {
    "date" : "2013-12-31",
    "sales" : 126.40,
    "salesGrowthYoY" : 45.50,
    "grossProfitMargin" : 100.00,
    "grossProfit" : 126.40,
    "operatingProfitMargin" : 31.23,
    "operatingProfit" : 39.47,
    "netProfitMargin" : 23.96,
    "netProfit" : 30.29
  }, {
    "date" : "2014-03-31",
    "sales" : 136.97,
    "salesGrowthYoY" : 45.99,
    "grossProfitMargin" : 100.00,
    "grossProfit" : 136.97,
    "operatingProfitMargin" : 30.02,
    "operatingProfit" : 41.12,
    "netProfitMargin" : 22.46,
    "netProfit" : 30.76
  }, {
    "date" : "2014-06-30",
    "sales" : 114.31,
    "salesGrowthYoY" : 33.99,
    "grossProfitMargin" : 100.00,
    "grossProfit" : 114.31,
    "operatingProfitMargin" : 25.84,
    "operatingProfit" : 29.54,
    "netProfitMargin" : 21.77,
    "netProfit" : 24.89
  }, {
    "date" : "2014-09-30",
    "sales" : 47.44,
    "salesGrowthYoY" : -19.95,
    "grossProfitMargin" : 100.00,
    "grossProfit" : 47.44,
    "operatingProfitMargin" : -20.43,
    "operatingProfit" : -9.69,
    "netProfitMargin" : -22.81,
    "netProfit" : -10.82
  }, {
    "date" : "2014-12-31",
    "sales" : 69.96,
    "salesGrowthYoY" : -44.65,
    "grossProfitMargin" : 100.00,
    "grossProfit" : 69.96,
    "operatingProfitMargin" : 6.89,
    "operatingProfit" : 4.82,
    "netProfitMargin" : 17.30,
    "netProfit" : 12.10
  }, {
    "date" : "2015-03-31",
    "sales" : 118.01,
    "salesGrowthYoY" : -13.84,
    "grossProfitMargin" : 100.00,
    "grossProfit" : 118.01,
    "operatingProfitMargin" : 30.70,
    "operatingProfit" : 36.23,
    "netProfitMargin" : 23.60,
    "netProfit" : 27.85
  }, {
    "date" : "2015-06-30",
    "sales" : 86.79,
    "salesGrowthYoY" : -24.07,
    "grossProfitMargin" : 100.00,
    "grossProfit" : 86.79,
    "operatingProfitMargin" : 21.70,
    "operatingProfit" : 18.83,
    "netProfitMargin" : 14.05,
    "netProfit" : 12.19
  }, {
    "date" : "2015-09-30",
    "sales" : 21.68,
    "salesGrowthYoY" : -54.30,
    "grossProfitMargin" : 100.00,
    "grossProfit" : 21.68,
    "operatingProfitMargin" : -104.34,
    "operatingProfit" : -22.62,
    "netProfitMargin" : -130.58,
    "netProfit" : -28.31
  }, {
    "date" : "2015-12-31",
    "sales" : 91.78,
    "salesGrowthYoY" : 31.19,
    "grossProfitMargin" : 100.00,
    "grossProfit" : 91.78,
    "operatingProfitMargin" : 14.95,
    "operatingProfit" : 13.72,
    "netProfitMargin" : 4.11,
    "netProfit" : 3.77
  }, {
    "date" : "2016-03-31",
    "sales" : 127.67,
    "salesGrowthYoY" : 8.19,
    "grossProfitMargin" : 100.00,
    "grossProfit" : 127.67,
    "operatingProfitMargin" : 20.58,
    "operatingProfit" : 26.27,
    "netProfitMargin" : 14.19,
    "netProfit" : 18.12
  }, {
    "date" : "2016-06-30",
    "sales" : 46.62,
    "salesGrowthYoY" : -46.28,
    "grossProfitMargin" : 100.00,
    "grossProfit" : 46.62,
    "operatingProfitMargin" : -4.78,
    "operatingProfit" : -2.23,
    "netProfitMargin" : -23.94,
    "netProfit" : -11.16
  }, {
    "date" : "2016-09-30",
    "sales" : 24.23,
    "salesGrowthYoY" : 11.76,
    "grossProfitMargin" : 100.00,
    "grossProfit" : 24.23,
    "operatingProfitMargin" : -41.77,
    "operatingProfit" : -10.12,
    "netProfitMargin" : -83.45,
    "netProfit" : -20.22
  }, {
    "date" : "2016-12-31",
    "sales" : 67.56,
    "salesGrowthYoY" : -26.39,
    "grossProfitMargin" : 100.00,
    "grossProfit" : 67.56,
    "operatingProfitMargin" : -173.68,
    "operatingProfit" : -117.34,
    "netProfitMargin" : -187.97,
    "netProfit" : -126.99
  }, {
    "date" : "2017-03-31",
    "sales" : 69.16,
    "salesGrowthYoY" : -45.83,
    "grossProfitMargin" : 100.00,
    "grossProfit" : 69.16,
    "operatingProfitMargin" : 22.77,
    "operatingProfit" : 15.75,
    "netProfitMargin" : 12.65,
    "netProfit" : 8.75
  }, {
    "date" : "2017-06-30",
    "sales" : 53.95,
    "salesGrowthYoY" : 15.72,
    "grossProfitMargin" : 100.00,
    "grossProfit" : 53.95,
    "operatingProfitMargin" : 16.70,
    "operatingProfit" : 9.01,
    "netProfitMargin" : 1.85,
    "netProfit" : 1.00
  }, {
    "date" : "2017-09-30",
    "sales" : 34.23,
    "salesGrowthYoY" : 41.27,
    "grossProfitMargin" : 100.00,
    "grossProfit" : 34.23,
    "operatingProfitMargin" : 7.48,
    "operatingProfit" : 2.56,
    "netProfitMargin" : -19.43,
    "netProfit" : -6.65
  }, {
    "date" : "2017-12-31",
    "sales" : 38.68,
    "salesGrowthYoY" : -42.75,
    "grossProfitMargin" : 100.00,
    "grossProfit" : 38.68,
    "operatingProfitMargin" : 5.95,
    "operatingProfit" : 2.30,
    "netProfitMargin" : -20.76,
    "netProfit" : -8.03
  }, {
    "date" : "2018-03-31",
    "sales" : 66.74,
    "salesGrowthYoY" : -3.50,
    "grossProfitMargin" : 100.00,
    "grossProfit" : 66.74,
    "operatingProfitMargin" : 28.72,
    "operatingProfit" : 19.17,
    "netProfitMargin" : 20.95,
    "netProfit" : 13.98
  }, {
    "date" : "2018-06-30",
    "sales" : 61.66,
    "salesGrowthYoY" : 14.29,
    "grossProfitMargin" : 100.00,
    "grossProfit" : 61.66,
    "operatingProfitMargin" : 42.98,
    "operatingProfit" : 26.50,
    "netProfitMargin" : 32.66,
    "netProfit" : 20.14
  }, {
    "date" : "2018-09-30",
    "sales" : 32.61,
    "salesGrowthYoY" : -4.73,
    "grossProfitMargin" : 100.00,
    "grossProfit" : 32.61,
    "operatingProfitMargin" : -33.76,
    "operatingProfit" : -11.01,
    "netProfitMargin" : -49.43,
    "netProfit" : -16.12
  }, {
    "date" : "2018-12-31",
    "sales" : 98.99,
    "salesGrowthYoY" : 155.92,
    "grossProfitMargin" : 100.00,
    "grossProfit" : 98.99,
    "operatingProfitMargin" : 41.76,
    "operatingProfit" : 41.34,
    "netProfitMargin" : 36.24,
    "netProfit" : 35.87
  }, {
    "date" : "2019-03-31",
    "sales" : 110.57,
    "salesGrowthYoY" : 65.67,
    "grossProfitMargin" : 100.00,
    "grossProfit" : 110.57,
    "operatingProfitMargin" : 41.52,
    "operatingProfit" : 45.91,
    "netProfitMargin" : 33.30,
    "netProfit" : 36.82
  }, {
    "date" : "2019-06-30",
    "sales" : 99.11,
    "salesGrowthYoY" : 60.74,
    "grossProfitMargin" : 100.00,
    "grossProfit" : 99.11,
    "operatingProfitMargin" : 47.62,
    "operatingProfit" : 47.20,
    "netProfitMargin" : 42.02,
    "netProfit" : 41.65
  }, {
    "date" : "2019-09-30",
    "sales" : 74.96,
    "salesGrowthYoY" : 129.87,
    "grossProfitMargin" : 100.00,
    "grossProfit" : 74.96,
    "operatingProfitMargin" : 43.66,
    "operatingProfit" : 32.73,
    "netProfitMargin" : 33.58,
    "netProfit" : 25.17
  }, {
    "date" : "2019-12-31",
    "sales" : 100.62,
    "salesGrowthYoY" : 1.65,
    "grossProfitMargin" : 100.00,
    "grossProfit" : 100.62,
    "operatingProfitMargin" : 42.52,
    "operatingProfit" : 42.78,
    "netProfitMargin" : 37.47,
    "netProfit" : 37.70
  }, {
    "date" : "2020-03-31",
    "sales" : 90.56,
    "salesGrowthYoY" : -18.10,
    "grossProfitMargin" : 100.00,
    "grossProfit" : 90.56,
    "operatingProfitMargin" : 32.43,
    "operatingProfit" : 29.37,
    "netProfitMargin" : 28.27,
    "netProfit" : 25.60
  }, {
    "date" : "2020-06-30",
    "sales" : 31.25,
    "salesGrowthYoY" : -68.47,
    "grossProfitMargin" : 100.00,
    "grossProfit" : 31.25,
    "operatingProfitMargin" : -19.90,
    "operatingProfit" : -6.22,
    "netProfitMargin" : -25.63,
    "netProfit" : -8.01
  }, {
    "date" : "2020-09-30",
    "sales" : 52.54,
    "salesGrowthYoY" : -29.91,
    "grossProfitMargin" : 100.00,
    "grossProfit" : 52.54,
    "operatingProfitMargin" : 33.46,
    "operatingProfit" : 17.58,
    "netProfitMargin" : 26.15,
    "netProfit" : 13.74
  }, {
    "date" : "2020-12-31",
    "sales" : 58.41,
    "salesGrowthYoY" : -41.95,
    "grossProfitMargin" : 100.00,
    "grossProfit" : 58.41,
    "operatingProfitMargin" : 18.27,
    "operatingProfit" : 10.67,
    "netProfitMargin" : 14.55,
    "netProfit" : 8.50
  }, {
    "date" : "2021-03-31",
    "sales" : 87.04,
    "salesGrowthYoY" : -3.89,
    "grossProfitMargin" : 100.00,
    "grossProfit" : 87.04,
    "operatingProfitMargin" : 35.17,
    "operatingProfit" : 30.61,
    "netProfitMargin" : 26.86,
    "netProfit" : 23.38
  }, {
    "date" : "2021-06-30",
    "sales" : 62.55,
    "salesGrowthYoY" : 100.16,
    "grossProfitMargin" : 100.00,
    "grossProfit" : 62.55,
    "operatingProfitMargin" : 33.17,
    "operatingProfit" : 20.75,
    "netProfitMargin" : 28.07,
    "netProfit" : 17.56
  }, {
    "date" : "2021-09-30",
    "sales" : 67.36,
    "salesGrowthYoY" : 28.21,
    "grossProfitMargin" : 100.00,
    "grossProfit" : 67.36,
    "operatingProfitMargin" : 39.16,
    "operatingProfit" : 26.38,
    "netProfitMargin" : 32.97,
    "netProfit" : 22.21
  }, {
    "date" : "2021-12-31",
    "sales" : 94.60,
    "salesGrowthYoY" : 61.96,
    "grossProfitMargin" : 100.00,
    "grossProfit" : 94.60,
    "operatingProfitMargin" : 50.97,
    "operatingProfit" : 48.22,
    "netProfitMargin" : 38.74,
    "netProfit" : 36.65
  }, {
    "date" : "2022-03-31",
    "sales" : 69.01,
    "salesGrowthYoY" : -20.71,
    "grossProfitMargin" : 100.00,
    "grossProfit" : 69.01,
    "operatingProfitMargin" : 9.98,
    "operatingProfit" : 6.89,
    "netProfitMargin" : -0.99,
    "netProfit" : -0.68
  }, {
    "date" : "2022-06-30",
    "sales" : 111.20,
    "salesGrowthYoY" : 77.78,
    "grossProfitMargin" : 100.00,
    "grossProfit" : 111.20,
    "operatingProfitMargin" : 30.59,
    "operatingProfit" : 34.02,
    "netProfitMargin" : 17.45,
    "netProfit" : 19.40
  }, {
    "date" : "2022-09-30",
    "sales" : 75.40,
    "salesGrowthYoY" : 11.94,
    "grossProfitMargin" : 100.00,
    "grossProfit" : 75.40,
    "operatingProfitMargin" : 45.45,
    "operatingProfit" : 34.27,
    "netProfitMargin" : 21.31,
    "netProfit" : 16.07
  }, {
    "date" : "2022-12-31",
    "sales" : 95.05,
    "salesGrowthYoY" : 0.48,
    "grossProfitMargin" : 100.00,
    "grossProfit" : 95.05,
    "operatingProfitMargin" : 22.42,
    "operatingProfit" : 21.31,
    "netProfitMargin" : 6.72,
    "netProfit" : 6.39
  }, {
    "date" : "2023-03-31",
    "sales" : 117.37,
    "salesGrowthYoY" : 70.08,
    "grossProfitMargin" : 100.00,
    "grossProfit" : 117.37,
    "operatingProfitMargin" : 22.23,
    "operatingProfit" : 26.09,
    "netProfitMargin" : -0.49,
    "netProfit" : -0.58
  }, {
    "date" : "2023-06-30",
    "sales" : 194.60,
    "salesGrowthYoY" : 75.00,
    "grossProfitMargin" : 100.00,
    "grossProfit" : 194.60,
    "operatingProfitMargin" : 24.48,
    "operatingProfit" : 47.64,
    "netProfitMargin" : 16.64,
    "netProfit" : 32.38
  }, {
    "date" : "2023-09-30",
    "sales" : 67.38,
    "salesGrowthYoY" : -10.64,
    "grossProfitMargin" : 100.00,
    "grossProfit" : 67.38,
    "operatingProfitMargin" : 31.70,
    "operatingProfit" : 21.36,
    "netProfitMargin" : 3.03,
    "netProfit" : 2.04
  }, {
    "date" : "2023-12-31",
    "sales" : 196.83,
    "salesGrowthYoY" : 107.08,
    "grossProfitMargin" : 100.00,
    "grossProfit" : 196.83,
    "operatingProfitMargin" : 43.49,
    "operatingProfit" : 85.60,
    "netProfitMargin" : 32.09,
    "netProfit" : 63.16
  }, {
    "date" : "2024-03-31",
    "sales" : 223.15,
    "salesGrowthYoY" : 90.13,
    "grossProfitMargin" : 100.00,
    "grossProfit" : 223.15,
    "operatingProfitMargin" : 41.99,
    "operatingProfit" : 93.70,
    "netProfitMargin" : 34.03,
    "netProfit" : 75.94
  }, {
    "date" : "2024-06-30",
    "sales" : 205.22,
    "salesGrowthYoY" : 5.46,
    "grossProfitMargin" : 100.00,
    "grossProfit" : 205.22,
    "operatingProfitMargin" : 35.83,
    "operatingProfit" : 73.53,
    "netProfitMargin" : 25.08,
    "netProfit" : 51.47
  }, {
    "date" : "2024-09-30",
    "sales" : 77.67,
    "salesGrowthYoY" : 15.27,
    "grossProfitMargin" : 100.00,
    "grossProfit" : 77.67,
    "operatingProfitMargin" : 16.12,
    "operatingProfit" : 12.52,
    "netProfitMargin" : 3.91,
    "netProfit" : 3.04
  }, {
    "date" : "2024-12-31",
    "sales" : 140.18,
    "salesGrowthYoY" : -28.78,
    "grossProfitMargin" : 100.00,
    "grossProfit" : 140.18,
    "operatingProfitMargin" : 31.27,
    "operatingProfit" : 43.83,
    "netProfitMargin" : 1.61,
    "netProfit" : 2.26
  }, {
    "date" : "2025-03-31",
    "sales" : 194.26,
    "salesGrowthYoY" : -12.95,
    "grossProfitMargin" : 100.00,
    "grossProfit" : 194.26,
    "operatingProfitMargin" : 47.12,
    "operatingProfit" : 91.54,
    "netProfitMargin" : 30.28,
    "netProfit" : 58.82
  }, {
    "date" : "2025-06-30",
    "sales" : 201.43,
    "salesGrowthYoY" : -1.85,
    "grossProfitMargin" : 100.00,
    "grossProfit" : 201.43,
    "operatingProfitMargin" : 46.76,
    "operatingProfit" : 94.19,
    "netProfitMargin" : 39.52,
    "netProfit" : 79.61
  }, {
    "date" : "2025-09-30",
    "sales" : 82.41,
    "salesGrowthYoY" : 6.10,
    "grossProfitMargin" : 100.00,
    "grossProfit" : 82.41,
    "operatingProfitMargin" : 0.17,
    "operatingProfit" : 0.14,
    "netProfitMargin" : -31.36,
    "netProfit" : -25.84
  }, {
    "date" : "2025-12-31",
    "sales" : 303.13,
    "salesGrowthYoY" : 116.24,
    "grossProfitMargin" : 100.00,
    "grossProfit" : 303.13,
    "operatingProfitMargin" : 42.98,
    "operatingProfit" : 130.29,
    "netProfitMargin" : 33.43,
    "netProfit" : 101.34
  } ],
  "latestQuarterlyResult" : {
    "date" : "2025-12-31",
    "sales" : 303.13,
    "salesGrowthYoY" : 116.24,
    "grossProfitMargin" : 100.00,
    "grossProfit" : 303.13,
    "operatingProfitMargin" : 42.98,
    "operatingProfit" : 130.29,
    "netProfitMargin" : 33.43,
    "netProfit" : 101.34
  },
  "companyScore" : {
    "priceHigherThanDma50" : 5.00,
    "priceHigherThanDma100" : 5.00,
    "priceHigherThanDma200" : 5.00,
    "dma50HigherThanDma100" : 5.00,
    "dma50HigherThanDma200" : 5.00,
    "dma100HigherThanDma200" : 0.00,
    "pricePercentageAboveDma50" : 3.99,
    "pricePercentageAboveDma100" : 3.15,
    "pricePercentageAboveDma200" : 3.21,
    "weeklyVolumeHigherThanYearlyVolume" : 5.00,
    "salesGrowthPercentile" : 18.00,
    "operatingProfitMarginPercentile" : 17.92,
    "netProfitMarginPercentile" : 8.73,
    "totalTechnicalScore" : 40.35,
    "totalFundamentalScore" : 44.65,
    "totalScore" : 85.00
  }
}