{
  "metadata" : {
    "screenerCompanyId" : "1270884",
    "companyCode" : "SGFIN",
    "companyName" : "SG Finserve",
    "screenerCompanyLink" : "https://www.screener.in/company/SGFIN",
    "screenerTechnicalHistoryLink" : "https://www.screener.in/api/company/1270884/chart/?q=Price-DMA50-DMA200-Volume&days=365",
    "screenerQuarterlyResultsLink" : "https://www.screener.in/api/company/1270884/chart/?q=GPM-OPM-NPM-Quarter+Sales&days=10000",
    "attributes" : {
      "companyCode" : "SGFIN",
      "companyName" : "SG Finserve",
      "marketCap" : 2301.00,
      "peRatio" : 22.90,
      "description" : "Incorporated in 1994, Moongipa Securities Ltd is in the business of Investing Activities, Investment Research, Investment Banking and Wealth Management"
    },
    "companyScore" : {
      "priceHigherThanDma50" : 5.00,
      "priceHigherThanDma100" : 5.00,
      "priceHigherThanDma200" : 5.00,
      "dma50HigherThanDma100" : 5.00,
      "dma50HigherThanDma200" : 0.00,
      "dma100HigherThanDma200" : 0.00,
      "pricePercentageAboveDma50" : 4.73,
      "pricePercentageAboveDma100" : 4.69,
      "pricePercentageAboveDma200" : 4.78,
      "weeklyVolumeHigherThanYearlyVolume" : 0.00,
      "salesGrowthPercentile" : 14.42,
      "operatingProfitMarginPercentile" : 20.00,
      "netProfitMarginPercentile" : 7.04,
      "totalTechnicalScore" : 34.20,
      "totalFundamentalScore" : 41.46,
      "totalScore" : 75.66
    }
  },
  "attributes" : {
    "companyCode" : "SGFIN",
    "companyName" : "SG Finserve",
    "marketCap" : 2301.00,
    "peRatio" : 22.90,
    "description" : "Incorporated in 1994, Moongipa Securities Ltd is in the business of Investing Activities, Investment Research, Investment Banking and Wealth Management"
  },
  "technicalHistory" : [ {
    "date" : "2024-12-02",
    "price" : 447.70,
    "dma50" : 453.59,
    "dma100" : null,
    "dma200" : 449.85,
    "volume" : 33889.00
  }, {
    "date" : "2024-12-03",
    "price" : 441.90,
    "dma50" : 453.13,
    "dma100" : null,
    "dma200" : 449.77,
    "volume" : 66626.00
  }, {
    "date" : "2024-12-04",
    "price" : 439.70,
    "dma50" : 452.60,
    "dma100" : null,
    "dma200" : 449.67,
    "volume" : 24130.00
  }, {
    "date" : "2024-12-05",
    "price" : 438.25,
    "dma50" : 452.04,
    "dma100" : null,
    "dma200" : 449.56,
    "volume" : 39302.00
  }, {
    "date" : "2024-12-06",
    "price" : 451.40,
    "dma50" : 452.01,
    "dma100" : null,
    "dma200" : 449.58,
    "volume" : 65011.00
  }, {
    "date" : "2024-12-09",
    "price" : 446.05,
    "dma50" : 451.78,
    "dma100" : null,
    "dma200" : 449.54,
    "volume" : 44721.00
  }, {
    "date" : "2024-12-10",
    "price" : 443.80,
    "dma50" : 451.47,
    "dma100" : null,
    "dma200" : 449.49,
    "volume" : 42772.00
  }, {
    "date" : "2024-12-11",
    "price" : 437.40,
    "dma50" : 450.91,
    "dma100" : null,
    "dma200" : 449.37,
    "volume" : 43146.00
  }, {
    "date" : "2024-12-12",
    "price" : 427.85,
    "dma50" : 450.01,
    "dma100" : null,
    "dma200" : 449.15,
    "volume" : 49213.00
  }, {
    "date" : "2024-12-13",
    "price" : 427.95,
    "dma50" : 449.15,
    "dma100" : null,
    "dma200" : 448.94,
    "volume" : 38444.00
  }, {
    "date" : "2024-12-16",
    "price" : 437.45,
    "dma50" : 448.69,
    "dma100" : null,
    "dma200" : 448.83,
    "volume" : 45289.00
  }, {
    "date" : "2024-12-17",
    "price" : 431.05,
    "dma50" : 448.00,
    "dma100" : null,
    "dma200" : 448.65,
    "volume" : 36190.00
  }, {
    "date" : "2024-12-18",
    "price" : 428.65,
    "dma50" : 447.24,
    "dma100" : null,
    "dma200" : 448.45,
    "volume" : 20913.00
  }, {
    "date" : "2024-12-19",
    "price" : 439.05,
    "dma50" : 446.92,
    "dma100" : null,
    "dma200" : 448.36,
    "volume" : 72946.00
  }, {
    "date" : "2024-12-20",
    "price" : 423.05,
    "dma50" : 445.98,
    "dma100" : null,
    "dma200" : 448.10,
    "volume" : 49637.00
  }, {
    "date" : "2024-12-23",
    "price" : 429.45,
    "dma50" : 445.33,
    "dma100" : null,
    "dma200" : 447.92,
    "volume" : 66221.00
  }, {
    "date" : "2024-12-24",
    "price" : 423.15,
    "dma50" : 444.46,
    "dma100" : null,
    "dma200" : 447.67,
    "volume" : 25920.00
  }, {
    "date" : "2024-12-26",
    "price" : 424.95,
    "dma50" : 443.70,
    "dma100" : null,
    "dma200" : 447.45,
    "volume" : 23107.00
  }, {
    "date" : "2024-12-27",
    "price" : 415.70,
    "dma50" : 442.60,
    "dma100" : null,
    "dma200" : 447.13,
    "volume" : 41559.00
  }, {
    "date" : "2024-12-30",
    "price" : 408.35,
    "dma50" : 441.26,
    "dma100" : null,
    "dma200" : 446.74,
    "volume" : 28150.00
  }, {
    "date" : "2024-12-31",
    "price" : 408.30,
    "dma50" : 439.96,
    "dma100" : null,
    "dma200" : 446.36,
    "volume" : 43183.00
  }, {
    "date" : "2025-01-01",
    "price" : 415.30,
    "dma50" : 439.00,
    "dma100" : null,
    "dma200" : 446.05,
    "volume" : 32650.00
  }, {
    "date" : "2025-01-02",
    "price" : 416.20,
    "dma50" : 438.10,
    "dma100" : null,
    "dma200" : 445.76,
    "volume" : 50308.00
  }, {
    "date" : "2025-01-03",
    "price" : 421.20,
    "dma50" : 437.44,
    "dma100" : null,
    "dma200" : 445.51,
    "volume" : 71173.00
  }, {
    "date" : "2025-01-06",
    "price" : 407.90,
    "dma50" : 436.28,
    "dma100" : null,
    "dma200" : 445.14,
    "volume" : 91755.00
  }, {
    "date" : "2025-01-07",
    "price" : 424.80,
    "dma50" : 435.83,
    "dma100" : null,
    "dma200" : 444.93,
    "volume" : 116555.00
  }, {
    "date" : "2025-01-08",
    "price" : 413.05,
    "dma50" : 434.94,
    "dma100" : null,
    "dma200" : 444.62,
    "volume" : 68511.00
  }, {
    "date" : "2025-01-09",
    "price" : 401.15,
    "dma50" : 433.61,
    "dma100" : null,
    "dma200" : 444.19,
    "volume" : 92070.00
  }, {
    "date" : "2025-01-10",
    "price" : 394.60,
    "dma50" : 432.08,
    "dma100" : null,
    "dma200" : 443.69,
    "volume" : 85104.00
  }, {
    "date" : "2025-01-13",
    "price" : 378.50,
    "dma50" : 429.98,
    "dma100" : null,
    "dma200" : 443.04,
    "volume" : 128174.00
  }, {
    "date" : "2025-01-14",
    "price" : 387.30,
    "dma50" : 428.31,
    "dma100" : null,
    "dma200" : 442.49,
    "volume" : 82053.00
  }, {
    "date" : "2025-01-15",
    "price" : 372.40,
    "dma50" : 426.11,
    "dma100" : null,
    "dma200" : 441.79,
    "volume" : 91735.00
  }, {
    "date" : "2025-01-16",
    "price" : 375.50,
    "dma50" : 424.13,
    "dma100" : null,
    "dma200" : 441.13,
    "volume" : 90228.00
  }, {
    "date" : "2025-01-17",
    "price" : 393.70,
    "dma50" : 422.94,
    "dma100" : null,
    "dma200" : 440.66,
    "volume" : 226834.00
  }, {
    "date" : "2025-01-20",
    "price" : 389.90,
    "dma50" : 421.64,
    "dma100" : null,
    "dma200" : 440.15,
    "volume" : 219114.00
  }, {
    "date" : "2025-01-21",
    "price" : 382.00,
    "dma50" : 420.09,
    "dma100" : null,
    "dma200" : 439.58,
    "volume" : 113268.00
  }, {
    "date" : "2025-01-22",
    "price" : 364.55,
    "dma50" : 417.91,
    "dma100" : null,
    "dma200" : 438.83,
    "volume" : 93654.00
  }, {
    "date" : "2025-01-23",
    "price" : 372.05,
    "dma50" : 416.11,
    "dma100" : null,
    "dma200" : 438.16,
    "volume" : 80737.00
  }, {
    "date" : "2025-01-24",
    "price" : 369.55,
    "dma50" : 414.28,
    "dma100" : null,
    "dma200" : 437.48,
    "volume" : 47260.00
  }, {
    "date" : "2025-01-27",
    "price" : 347.45,
    "dma50" : 411.66,
    "dma100" : null,
    "dma200" : 436.59,
    "volume" : 139318.00
  }, {
    "date" : "2025-01-28",
    "price" : 329.45,
    "dma50" : 408.44,
    "dma100" : null,
    "dma200" : 435.52,
    "volume" : 134111.00
  }, {
    "date" : "2025-01-29",
    "price" : 343.15,
    "dma50" : 405.88,
    "dma100" : null,
    "dma200" : 434.60,
    "volume" : 79262.00
  }, {
    "date" : "2025-01-30",
    "price" : 346.00,
    "dma50" : 403.53,
    "dma100" : null,
    "dma200" : 433.72,
    "volume" : 53059.00
  }, {
    "date" : "2025-01-31",
    "price" : 348.35,
    "dma50" : 401.37,
    "dma100" : null,
    "dma200" : 432.87,
    "volume" : 40988.00
  }, {
    "date" : "2025-02-01",
    "price" : 335.20,
    "dma50" : 398.77,
    "dma100" : null,
    "dma200" : 431.90,
    "volume" : 48468.00
  }, {
    "date" : "2025-02-03",
    "price" : 335.70,
    "dma50" : 396.30,
    "dma100" : null,
    "dma200" : 430.94,
    "volume" : 27678.00
  }, {
    "date" : "2025-02-04",
    "price" : 336.30,
    "dma50" : 393.95,
    "dma100" : null,
    "dma200" : 430.00,
    "volume" : 54347.00
  }, {
    "date" : "2025-02-05",
    "price" : 346.05,
    "dma50" : 392.07,
    "dma100" : null,
    "dma200" : 429.16,
    "volume" : 39889.00
  }, {
    "date" : "2025-02-06",
    "price" : 364.90,
    "dma50" : 391.00,
    "dma100" : null,
    "dma200" : 428.52,
    "volume" : 110325.00
  }, {
    "date" : "2025-02-07",
    "price" : 379.05,
    "dma50" : 390.53,
    "dma100" : null,
    "dma200" : 428.03,
    "volume" : 78528.00
  }, {
    "date" : "2025-02-10",
    "price" : 368.90,
    "dma50" : 389.68,
    "dma100" : null,
    "dma200" : 427.44,
    "volume" : 43505.00
  }, {
    "date" : "2025-02-11",
    "price" : 357.10,
    "dma50" : 388.41,
    "dma100" : null,
    "dma200" : 426.74,
    "volume" : 28426.00
  }, {
    "date" : "2025-02-12",
    "price" : 363.20,
    "dma50" : 387.42,
    "dma100" : null,
    "dma200" : 426.11,
    "volume" : 63405.00
  }, {
    "date" : "2025-02-13",
    "price" : 355.05,
    "dma50" : 386.15,
    "dma100" : null,
    "dma200" : 425.40,
    "volume" : 46739.00
  }, {
    "date" : "2025-02-14",
    "price" : 344.90,
    "dma50" : 384.53,
    "dma100" : null,
    "dma200" : 424.60,
    "volume" : 55433.00
  }, {
    "date" : "2025-02-17",
    "price" : 337.40,
    "dma50" : 382.68,
    "dma100" : null,
    "dma200" : 423.74,
    "volume" : 58041.00
  }, {
    "date" : "2025-02-18",
    "price" : 329.80,
    "dma50" : 380.61,
    "dma100" : null,
    "dma200" : 422.80,
    "volume" : 25009.00
  }, {
    "date" : "2025-02-19",
    "price" : 345.70,
    "dma50" : 379.24,
    "dma100" : null,
    "dma200" : 422.03,
    "volume" : 482425.00
  }, {
    "date" : "2025-02-20",
    "price" : 340.75,
    "dma50" : 377.73,
    "dma100" : null,
    "dma200" : 421.23,
    "volume" : 54704.00
  }, {
    "date" : "2025-02-21",
    "price" : 342.85,
    "dma50" : 376.36,
    "dma100" : null,
    "dma200" : 420.45,
    "volume" : 34825.00
  }, {
    "date" : "2025-02-24",
    "price" : 330.20,
    "dma50" : 374.55,
    "dma100" : null,
    "dma200" : 419.55,
    "volume" : 72941.00
  }, {
    "date" : "2025-02-25",
    "price" : 333.30,
    "dma50" : 372.94,
    "dma100" : null,
    "dma200" : 418.69,
    "volume" : 39689.00
  }, {
    "date" : "2025-02-27",
    "price" : 336.05,
    "dma50" : 371.49,
    "dma100" : null,
    "dma200" : 417.87,
    "volume" : 21840.00
  }, {
    "date" : "2025-02-28",
    "price" : 343.90,
    "dma50" : 370.41,
    "dma100" : null,
    "dma200" : 417.13,
    "volume" : 65863.00
  }, {
    "date" : "2025-03-03",
    "price" : 344.55,
    "dma50" : 369.39,
    "dma100" : null,
    "dma200" : 416.41,
    "volume" : 115675.00
  }, {
    "date" : "2025-03-04",
    "price" : 361.10,
    "dma50" : 369.07,
    "dma100" : null,
    "dma200" : 415.86,
    "volume" : 91709.00
  }, {
    "date" : "2025-03-05",
    "price" : 368.05,
    "dma50" : 369.03,
    "dma100" : null,
    "dma200" : 415.38,
    "volume" : 120395.00
  }, {
    "date" : "2025-03-06",
    "price" : 366.70,
    "dma50" : 368.94,
    "dma100" : null,
    "dma200" : 414.90,
    "volume" : 156708.00
  }, {
    "date" : "2025-03-07",
    "price" : 345.45,
    "dma50" : 368.02,
    "dma100" : null,
    "dma200" : 414.21,
    "volume" : 361521.00
  }, {
    "date" : "2025-03-10",
    "price" : 332.95,
    "dma50" : 366.64,
    "dma100" : null,
    "dma200" : 413.40,
    "volume" : 215881.00
  }, {
    "date" : "2025-03-11",
    "price" : 327.35,
    "dma50" : 365.10,
    "dma100" : null,
    "dma200" : 412.54,
    "volume" : 113049.00
  }, {
    "date" : "2025-03-12",
    "price" : 320.75,
    "dma50" : 363.36,
    "dma100" : null,
    "dma200" : 411.63,
    "volume" : 335304.00
  }, {
    "date" : "2025-03-13",
    "price" : 325.05,
    "dma50" : 361.86,
    "dma100" : null,
    "dma200" : 410.77,
    "volume" : 96185.00
  }, {
    "date" : "2025-03-17",
    "price" : 314.30,
    "dma50" : 359.99,
    "dma100" : null,
    "dma200" : 409.81,
    "volume" : 280376.00
  }, {
    "date" : "2025-03-18",
    "price" : 311.50,
    "dma50" : 358.09,
    "dma100" : null,
    "dma200" : 408.83,
    "volume" : 237684.00
  }, {
    "date" : "2025-03-19",
    "price" : 339.30,
    "dma50" : 357.35,
    "dma100" : null,
    "dma200" : 408.14,
    "volume" : 176846.00
  }, {
    "date" : "2025-03-20",
    "price" : 335.40,
    "dma50" : 356.49,
    "dma100" : null,
    "dma200" : 407.41,
    "volume" : 127442.00
  }, {
    "date" : "2025-03-21",
    "price" : 339.30,
    "dma50" : 355.82,
    "dma100" : null,
    "dma200" : 406.74,
    "volume" : 162596.00
  }, {
    "date" : "2025-03-24",
    "price" : 360.55,
    "dma50" : 356.00,
    "dma100" : null,
    "dma200" : 406.28,
    "volume" : 1547277.00
  }, {
    "date" : "2025-03-25",
    "price" : 411.55,
    "dma50" : 358.18,
    "dma100" : null,
    "dma200" : 406.33,
    "volume" : 1553747.00
  }, {
    "date" : "2025-03-26",
    "price" : 405.95,
    "dma50" : 360.06,
    "dma100" : null,
    "dma200" : 406.33,
    "volume" : 332905.00
  }, {
    "date" : "2025-03-27",
    "price" : 401.60,
    "dma50" : 361.69,
    "dma100" : null,
    "dma200" : 406.28,
    "volume" : 236324.00
  }, {
    "date" : "2025-03-28",
    "price" : 407.05,
    "dma50" : 363.46,
    "dma100" : null,
    "dma200" : 406.29,
    "volume" : 129534.00
  }, {
    "date" : "2025-04-01",
    "price" : 415.40,
    "dma50" : 365.50,
    "dma100" : null,
    "dma200" : 406.38,
    "volume" : 217782.00
  }, {
    "date" : "2025-04-02",
    "price" : 410.50,
    "dma50" : 367.27,
    "dma100" : null,
    "dma200" : 406.42,
    "volume" : 144971.00
  }, {
    "date" : "2025-04-03",
    "price" : 408.95,
    "dma50" : 368.90,
    "dma100" : null,
    "dma200" : 406.44,
    "volume" : 145139.00
  }, {
    "date" : "2025-04-04",
    "price" : 416.80,
    "dma50" : 370.78,
    "dma100" : null,
    "dma200" : 406.55,
    "volume" : 199572.00
  }, {
    "date" : "2025-04-07",
    "price" : 401.90,
    "dma50" : 372.00,
    "dma100" : null,
    "dma200" : 406.50,
    "volume" : 199794.00
  }, {
    "date" : "2025-04-08",
    "price" : 408.80,
    "dma50" : 373.44,
    "dma100" : null,
    "dma200" : 406.52,
    "volume" : 128357.00
  }, {
    "date" : "2025-04-09",
    "price" : 403.90,
    "dma50" : 374.64,
    "dma100" : null,
    "dma200" : 406.50,
    "volume" : 72412.00
  }, {
    "date" : "2025-04-11",
    "price" : 399.10,
    "dma50" : 375.60,
    "dma100" : null,
    "dma200" : 406.42,
    "volume" : 146377.00
  }, {
    "date" : "2025-04-15",
    "price" : 410.40,
    "dma50" : 376.96,
    "dma100" : null,
    "dma200" : 406.46,
    "volume" : 115160.00
  }, {
    "date" : "2025-04-16",
    "price" : 404.50,
    "dma50" : 378.04,
    "dma100" : null,
    "dma200" : 406.44,
    "volume" : 114140.00
  }, {
    "date" : "2025-04-17",
    "price" : 408.30,
    "dma50" : 379.23,
    "dma100" : null,
    "dma200" : 406.46,
    "volume" : 130713.00
  }, {
    "date" : "2025-04-21",
    "price" : 424.70,
    "dma50" : 381.01,
    "dma100" : null,
    "dma200" : 406.64,
    "volume" : 264516.00
  }, {
    "date" : "2025-04-22",
    "price" : 422.85,
    "dma50" : 382.65,
    "dma100" : null,
    "dma200" : 406.80,
    "volume" : 135005.00
  }, {
    "date" : "2025-04-23",
    "price" : 423.05,
    "dma50" : 384.24,
    "dma100" : null,
    "dma200" : 406.97,
    "volume" : 131097.00
  }, {
    "date" : "2025-04-24",
    "price" : 415.80,
    "dma50" : 385.47,
    "dma100" : null,
    "dma200" : 407.05,
    "volume" : 122888.00
  }, {
    "date" : "2025-04-25",
    "price" : 410.95,
    "dma50" : 386.47,
    "dma100" : null,
    "dma200" : 407.09,
    "volume" : 108330.00
  }, {
    "date" : "2025-04-28",
    "price" : 400.60,
    "dma50" : 387.03,
    "dma100" : null,
    "dma200" : 407.03,
    "volume" : 132735.00
  }, {
    "date" : "2025-04-29",
    "price" : 401.00,
    "dma50" : 387.57,
    "dma100" : 384.50,
    "dma200" : 406.97,
    "volume" : 83233.00
  }, {
    "date" : "2025-04-30",
    "price" : 396.25,
    "dma50" : 387.91,
    "dma100" : 384.04,
    "dma200" : 406.86,
    "volume" : 71721.00
  }, {
    "date" : "2025-05-02",
    "price" : 397.45,
    "dma50" : 388.29,
    "dma100" : 383.62,
    "dma200" : 406.77,
    "volume" : 71348.00
  }, {
    "date" : "2025-05-05",
    "price" : 395.60,
    "dma50" : 388.58,
    "dma100" : 383.19,
    "dma200" : 406.66,
    "volume" : 57828.00
  }, {
    "date" : "2025-05-06",
    "price" : 385.85,
    "dma50" : 388.47,
    "dma100" : 382.54,
    "dma200" : 406.45,
    "volume" : 60860.00
  }, {
    "date" : "2025-05-07",
    "price" : 384.00,
    "dma50" : 388.29,
    "dma100" : 381.92,
    "dma200" : 406.23,
    "volume" : 76867.00
  }, {
    "date" : "2025-05-08",
    "price" : 392.95,
    "dma50" : 388.48,
    "dma100" : 381.41,
    "dma200" : 406.09,
    "volume" : 193933.00
  }, {
    "date" : "2025-05-09",
    "price" : 385.85,
    "dma50" : 388.37,
    "dma100" : 380.89,
    "dma200" : 405.89,
    "volume" : 126859.00
  }, {
    "date" : "2025-05-12",
    "price" : 392.40,
    "dma50" : 388.53,
    "dma100" : 380.54,
    "dma200" : 405.76,
    "volume" : 174138.00
  }, {
    "date" : "2025-05-13",
    "price" : 395.80,
    "dma50" : 388.82,
    "dma100" : 380.22,
    "dma200" : 405.66,
    "volume" : 121123.00
  }, {
    "date" : "2025-05-14",
    "price" : 389.65,
    "dma50" : 388.85,
    "dma100" : 379.74,
    "dma200" : 405.50,
    "volume" : 118796.00
  }, {
    "date" : "2025-05-15",
    "price" : 388.70,
    "dma50" : 388.84,
    "dma100" : 379.31,
    "dma200" : 405.33,
    "volume" : 142149.00
  }, {
    "date" : "2025-05-16",
    "price" : 396.00,
    "dma50" : 389.12,
    "dma100" : 378.99,
    "dma200" : 405.24,
    "volume" : 243490.00
  }, {
    "date" : "2025-05-19",
    "price" : 391.95,
    "dma50" : 389.23,
    "dma100" : 378.52,
    "dma200" : 405.11,
    "volume" : 103824.00
  }, {
    "date" : "2025-05-20",
    "price" : 384.25,
    "dma50" : 389.04,
    "dma100" : 378.13,
    "dma200" : 404.90,
    "volume" : 156934.00
  }, {
    "date" : "2025-05-21",
    "price" : 380.25,
    "dma50" : 388.69,
    "dma100" : 377.64,
    "dma200" : 404.65,
    "volume" : 75702.00
  }, {
    "date" : "2025-05-22",
    "price" : 380.90,
    "dma50" : 388.39,
    "dma100" : 377.21,
    "dma200" : 404.42,
    "volume" : 197092.00
  }, {
    "date" : "2025-05-23",
    "price" : 384.45,
    "dma50" : 388.23,
    "dma100" : 376.81,
    "dma200" : 404.22,
    "volume" : 92655.00
  }, {
    "date" : "2025-05-26",
    "price" : 397.50,
    "dma50" : 388.60,
    "dma100" : 376.63,
    "dma200" : 404.15,
    "volume" : 126378.00
  }, {
    "date" : "2025-05-27",
    "price" : 399.70,
    "dma50" : 389.03,
    "dma100" : 376.54,
    "dma200" : 404.11,
    "volume" : 235842.00
  }, {
    "date" : "2025-05-28",
    "price" : 401.45,
    "dma50" : 389.52,
    "dma100" : 376.47,
    "dma200" : 404.08,
    "volume" : 78019.00
  }, {
    "date" : "2025-05-29",
    "price" : 403.80,
    "dma50" : 390.08,
    "dma100" : 376.36,
    "dma200" : 404.08,
    "volume" : 53565.00
  }, {
    "date" : "2025-05-30",
    "price" : 407.95,
    "dma50" : 390.78,
    "dma100" : 376.27,
    "dma200" : 404.12,
    "volume" : 500417.00
  }, {
    "date" : "2025-06-02",
    "price" : 422.95,
    "dma50" : 392.04,
    "dma100" : 376.29,
    "dma200" : 404.31,
    "volume" : 1206500.00
  }, {
    "date" : "2025-06-03",
    "price" : 414.85,
    "dma50" : 392.94,
    "dma100" : 376.36,
    "dma200" : 404.41,
    "volume" : 510735.00
  }, {
    "date" : "2025-06-04",
    "price" : 409.80,
    "dma50" : 393.60,
    "dma100" : 376.21,
    "dma200" : 404.46,
    "volume" : 391070.00
  }, {
    "date" : "2025-06-05",
    "price" : 433.90,
    "dma50" : 395.18,
    "dma100" : 376.42,
    "dma200" : 404.76,
    "volume" : 744485.00
  }, {
    "date" : "2025-06-06",
    "price" : 446.25,
    "dma50" : 397.18,
    "dma100" : 376.87,
    "dma200" : 405.17,
    "volume" : 508194.00
  }, {
    "date" : "2025-06-09",
    "price" : 436.20,
    "dma50" : 398.71,
    "dma100" : 377.29,
    "dma200" : 405.48,
    "volume" : 702346.00
  }, {
    "date" : "2025-06-10",
    "price" : 442.95,
    "dma50" : 400.45,
    "dma100" : 377.93,
    "dma200" : 405.85,
    "volume" : 557560.00
  }, {
    "date" : "2025-06-11",
    "price" : 438.85,
    "dma50" : 401.95,
    "dma100" : 378.45,
    "dma200" : 406.18,
    "volume" : 230201.00
  }, {
    "date" : "2025-06-12",
    "price" : 432.80,
    "dma50" : 403.16,
    "dma100" : 379.05,
    "dma200" : 406.44,
    "volume" : 296681.00
  }, {
    "date" : "2025-06-13",
    "price" : 430.45,
    "dma50" : 404.23,
    "dma100" : 379.60,
    "dma200" : 406.68,
    "volume" : 193229.00
  }, {
    "date" : "2025-06-16",
    "price" : 430.90,
    "dma50" : 405.28,
    "dma100" : 379.97,
    "dma200" : 406.92,
    "volume" : 160675.00
  }, {
    "date" : "2025-06-17",
    "price" : 430.70,
    "dma50" : 406.27,
    "dma100" : 380.38,
    "dma200" : 407.16,
    "volume" : 155645.00
  }, {
    "date" : "2025-06-18",
    "price" : 429.70,
    "dma50" : 407.19,
    "dma100" : 380.86,
    "dma200" : 407.39,
    "volume" : 92458.00
  }, {
    "date" : "2025-06-19",
    "price" : 410.35,
    "dma50" : 407.32,
    "dma100" : 381.32,
    "dma200" : 407.41,
    "volume" : 199608.00
  }, {
    "date" : "2025-06-20",
    "price" : 413.30,
    "dma50" : 407.55,
    "dma100" : 381.73,
    "dma200" : 407.47,
    "volume" : 1888776.00
  }, {
    "date" : "2025-06-23",
    "price" : 407.30,
    "dma50" : 407.54,
    "dma100" : 382.11,
    "dma200" : 407.47,
    "volume" : 484569.00
  }, {
    "date" : "2025-06-24",
    "price" : 418.05,
    "dma50" : 407.95,
    "dma100" : 382.81,
    "dma200" : 407.58,
    "volume" : 231609.00
  }, {
    "date" : "2025-06-25",
    "price" : 421.70,
    "dma50" : 408.49,
    "dma100" : 383.73,
    "dma200" : 407.72,
    "volume" : 116002.00
  }, {
    "date" : "2025-06-26",
    "price" : 415.80,
    "dma50" : 408.78,
    "dma100" : 384.46,
    "dma200" : 407.80,
    "volume" : 239104.00
  }, {
    "date" : "2025-06-27",
    "price" : 419.65,
    "dma50" : 409.21,
    "dma100" : 385.20,
    "dma200" : 407.92,
    "volume" : 72238.00
  }, {
    "date" : "2025-06-30",
    "price" : 408.80,
    "dma50" : 409.19,
    "dma100" : 385.80,
    "dma200" : 407.92,
    "volume" : 307960.00
  }, {
    "date" : "2025-07-01",
    "price" : 410.60,
    "dma50" : 409.25,
    "dma100" : 386.56,
    "dma200" : 407.95,
    "volume" : 250296.00
  }, {
    "date" : "2025-07-02",
    "price" : 407.95,
    "dma50" : 409.19,
    "dma100" : 387.28,
    "dma200" : 407.95,
    "volume" : 130616.00
  }, {
    "date" : "2025-07-03",
    "price" : 409.75,
    "dma50" : 409.22,
    "dma100" : 388.01,
    "dma200" : 407.97,
    "volume" : 88054.00
  }, {
    "date" : "2025-07-04",
    "price" : 407.20,
    "dma50" : 409.14,
    "dma100" : 388.62,
    "dma200" : 407.96,
    "volume" : 133945.00
  }, {
    "date" : "2025-07-07",
    "price" : 404.45,
    "dma50" : 408.95,
    "dma100" : 389.02,
    "dma200" : 407.93,
    "volume" : 107265.00
  }, {
    "date" : "2025-07-08",
    "price" : 404.40,
    "dma50" : 408.77,
    "dma100" : 389.27,
    "dma200" : 407.89,
    "volume" : 90965.00
  }, {
    "date" : "2025-07-09",
    "price" : 403.55,
    "dma50" : 408.57,
    "dma100" : 389.62,
    "dma200" : 407.85,
    "volume" : 133162.00
  }, {
    "date" : "2025-07-10",
    "price" : 406.25,
    "dma50" : 408.48,
    "dma100" : 390.11,
    "dma200" : 407.83,
    "volume" : 109909.00
  }, {
    "date" : "2025-07-11",
    "price" : 403.15,
    "dma50" : 408.27,
    "dma100" : 390.51,
    "dma200" : 407.79,
    "volume" : 95955.00
  }, {
    "date" : "2025-07-14",
    "price" : 402.05,
    "dma50" : 408.03,
    "dma100" : 390.98,
    "dma200" : 407.73,
    "volume" : 88459.00
  }, {
    "date" : "2025-07-15",
    "price" : 403.85,
    "dma50" : 407.86,
    "dma100" : 391.57,
    "dma200" : 407.69,
    "volume" : 71140.00
  }, {
    "date" : "2025-07-16",
    "price" : 410.85,
    "dma50" : 407.98,
    "dma100" : 392.30,
    "dma200" : 407.72,
    "volume" : 121891.00
  }, {
    "date" : "2025-07-17",
    "price" : 412.75,
    "dma50" : 408.17,
    "dma100" : 393.13,
    "dma200" : 407.77,
    "volume" : 100705.00
  }, {
    "date" : "2025-07-18",
    "price" : 423.10,
    "dma50" : 408.75,
    "dma100" : 393.91,
    "dma200" : 407.92,
    "volume" : 242719.00
  }, {
    "date" : "2025-07-21",
    "price" : 423.50,
    "dma50" : 409.33,
    "dma100" : 394.74,
    "dma200" : 408.08,
    "volume" : 139929.00
  }, {
    "date" : "2025-07-22",
    "price" : 413.40,
    "dma50" : 409.49,
    "dma100" : 395.44,
    "dma200" : 408.13,
    "volume" : 120181.00
  }, {
    "date" : "2025-07-23",
    "price" : 407.25,
    "dma50" : 409.40,
    "dma100" : 396.21,
    "dma200" : 408.12,
    "volume" : 205586.00
  }, {
    "date" : "2025-07-24",
    "price" : 411.35,
    "dma50" : 409.48,
    "dma100" : 396.99,
    "dma200" : 408.16,
    "volume" : 127520.00
  }, {
    "date" : "2025-07-25",
    "price" : 403.50,
    "dma50" : 409.24,
    "dma100" : 397.67,
    "dma200" : 408.11,
    "volume" : 138235.00
  }, {
    "date" : "2025-07-28",
    "price" : 397.05,
    "dma50" : 408.77,
    "dma100" : 398.20,
    "dma200" : 408.00,
    "volume" : 161101.00
  }, {
    "date" : "2025-07-29",
    "price" : 399.45,
    "dma50" : 408.40,
    "dma100" : 398.75,
    "dma200" : 407.91,
    "volume" : 170924.00
  }, {
    "date" : "2025-07-30",
    "price" : 399.35,
    "dma50" : 408.05,
    "dma100" : 399.13,
    "dma200" : 407.83,
    "volume" : 67637.00
  }, {
    "date" : "2025-07-31",
    "price" : 390.85,
    "dma50" : 407.37,
    "dma100" : 399.36,
    "dma200" : 407.66,
    "volume" : 112744.00
  }, {
    "date" : "2025-08-01",
    "price" : 388.55,
    "dma50" : 406.63,
    "dma100" : 399.58,
    "dma200" : 407.47,
    "volume" : 108694.00
  }, {
    "date" : "2025-08-04",
    "price" : 403.55,
    "dma50" : 406.51,
    "dma100" : 400.16,
    "dma200" : 407.43,
    "volume" : 89103.00
  }, {
    "date" : "2025-08-05",
    "price" : 398.35,
    "dma50" : 406.19,
    "dma100" : 400.81,
    "dma200" : 407.34,
    "volume" : 102232.00
  }, {
    "date" : "2025-08-06",
    "price" : 394.10,
    "dma50" : 405.72,
    "dma100" : 401.48,
    "dma200" : 407.21,
    "volume" : 92761.00
  }, {
    "date" : "2025-08-07",
    "price" : 391.85,
    "dma50" : 405.17,
    "dma100" : 402.19,
    "dma200" : 407.06,
    "volume" : 110100.00
  }, {
    "date" : "2025-08-08",
    "price" : 391.00,
    "dma50" : 404.62,
    "dma100" : 402.85,
    "dma200" : 406.90,
    "volume" : 70455.00
  }, {
    "date" : "2025-08-11",
    "price" : 387.25,
    "dma50" : 403.94,
    "dma100" : 403.58,
    "dma200" : 406.70,
    "volume" : 54110.00
  }, {
    "date" : "2025-08-12",
    "price" : 382.50,
    "dma50" : 403.10,
    "dma100" : 404.29,
    "dma200" : 406.46,
    "volume" : 120709.00
  }, {
    "date" : "2025-08-13",
    "price" : 388.05,
    "dma50" : 402.51,
    "dma100" : 404.78,
    "dma200" : 406.28,
    "volume" : 62251.00
  }, {
    "date" : "2025-08-14",
    "price" : 386.25,
    "dma50" : 401.87,
    "dma100" : 405.28,
    "dma200" : 406.08,
    "volume" : 37557.00
  }, {
    "date" : "2025-08-18",
    "price" : 387.45,
    "dma50" : 401.30,
    "dma100" : 405.77,
    "dma200" : 405.89,
    "volume" : 88339.00
  }, {
    "date" : "2025-08-19",
    "price" : 386.25,
    "dma50" : 400.71,
    "dma100" : 406.02,
    "dma200" : 405.70,
    "volume" : 75700.00
  }, {
    "date" : "2025-08-20",
    "price" : 392.90,
    "dma50" : 400.41,
    "dma100" : 405.84,
    "dma200" : 405.57,
    "volume" : 123981.00
  }, {
    "date" : "2025-08-21",
    "price" : 389.75,
    "dma50" : 399.99,
    "dma100" : 405.67,
    "dma200" : 405.41,
    "volume" : 110033.00
  }, {
    "date" : "2025-08-22",
    "price" : 382.10,
    "dma50" : 399.29,
    "dma100" : 405.48,
    "dma200" : 405.18,
    "volume" : 112933.00
  }, {
    "date" : "2025-08-25",
    "price" : 381.40,
    "dma50" : 398.59,
    "dma100" : 405.22,
    "dma200" : 404.94,
    "volume" : 66360.00
  }, {
    "date" : "2025-08-26",
    "price" : 378.15,
    "dma50" : 397.78,
    "dma100" : 404.85,
    "dma200" : 404.68,
    "volume" : 57978.00
  }, {
    "date" : "2025-08-28",
    "price" : 379.45,
    "dma50" : 397.07,
    "dma100" : 404.54,
    "dma200" : 404.43,
    "volume" : 111626.00
  }, {
    "date" : "2025-08-29",
    "price" : 378.40,
    "dma50" : 396.33,
    "dma100" : 404.23,
    "dma200" : 404.17,
    "volume" : 57217.00
  }, {
    "date" : "2025-09-01",
    "price" : 380.30,
    "dma50" : 395.70,
    "dma100" : 403.87,
    "dma200" : 403.93,
    "volume" : 55838.00
  }, {
    "date" : "2025-09-02",
    "price" : 380.55,
    "dma50" : 395.11,
    "dma100" : 403.66,
    "dma200" : 403.70,
    "volume" : 54456.00
  }, {
    "date" : "2025-09-03",
    "price" : 379.70,
    "dma50" : 394.51,
    "dma100" : 403.37,
    "dma200" : 403.46,
    "volume" : 72038.00
  }, {
    "date" : "2025-09-04",
    "price" : 378.25,
    "dma50" : 393.87,
    "dma100" : 403.11,
    "dma200" : 403.21,
    "volume" : 97635.00
  }, {
    "date" : "2025-09-05",
    "price" : 376.40,
    "dma50" : 393.18,
    "dma100" : 402.88,
    "dma200" : 402.94,
    "volume" : 61983.00
  }, {
    "date" : "2025-09-08",
    "price" : 375.45,
    "dma50" : 392.49,
    "dma100" : 402.53,
    "dma200" : 402.67,
    "volume" : 109619.00
  }, {
    "date" : "2025-09-09",
    "price" : 374.45,
    "dma50" : 391.78,
    "dma100" : 402.23,
    "dma200" : 402.39,
    "volume" : 65217.00
  }, {
    "date" : "2025-09-10",
    "price" : 375.00,
    "dma50" : 391.12,
    "dma100" : 401.90,
    "dma200" : 402.11,
    "volume" : 80170.00
  }, {
    "date" : "2025-09-11",
    "price" : 388.05,
    "dma50" : 391.00,
    "dma100" : 401.53,
    "dma200" : 401.97,
    "volume" : 123985.00
  }, {
    "date" : "2025-09-12",
    "price" : 375.95,
    "dma50" : 390.41,
    "dma100" : 401.06,
    "dma200" : 401.71,
    "volume" : 217796.00
  }, {
    "date" : "2025-09-15",
    "price" : 375.10,
    "dma50" : 389.81,
    "dma100" : 400.58,
    "dma200" : 401.45,
    "volume" : 167697.00
  }, {
    "date" : "2025-09-16",
    "price" : 375.10,
    "dma50" : 389.23,
    "dma100" : 400.18,
    "dma200" : 401.19,
    "volume" : 149332.00
  }, {
    "date" : "2025-09-17",
    "price" : 377.90,
    "dma50" : 388.79,
    "dma100" : 399.85,
    "dma200" : 400.96,
    "volume" : 149433.00
  }, {
    "date" : "2025-09-18",
    "price" : 383.70,
    "dma50" : 388.59,
    "dma100" : 399.68,
    "dma200" : 400.78,
    "volume" : 171741.00
  }, {
    "date" : "2025-09-19",
    "price" : 380.70,
    "dma50" : 388.28,
    "dma100" : 399.47,
    "dma200" : 400.58,
    "volume" : 191853.00
  }, {
    "date" : "2025-09-22",
    "price" : 378.05,
    "dma50" : 387.88,
    "dma100" : 399.29,
    "dma200" : 400.36,
    "volume" : 80239.00
  }, {
    "date" : "2025-09-23",
    "price" : 373.50,
    "dma50" : 387.32,
    "dma100" : 399.05,
    "dma200" : 400.09,
    "volume" : 98164.00
  }, {
    "date" : "2025-09-24",
    "price" : 371.85,
    "dma50" : 386.71,
    "dma100" : 398.82,
    "dma200" : 399.81,
    "volume" : 101790.00
  }, {
    "date" : "2025-09-25",
    "price" : 360.45,
    "dma50" : 385.68,
    "dma100" : 398.56,
    "dma200" : 399.42,
    "volume" : 145066.00
  }, {
    "date" : "2025-09-26",
    "price" : 349.65,
    "dma50" : 384.27,
    "dma100" : 398.22,
    "dma200" : 398.92,
    "volume" : 213318.00
  }, {
    "date" : "2025-09-29",
    "price" : 353.85,
    "dma50" : 383.07,
    "dma100" : 397.83,
    "dma200" : 398.48,
    "volume" : 406408.00
  }, {
    "date" : "2025-09-30",
    "price" : 355.65,
    "dma50" : 382.00,
    "dma100" : 397.52,
    "dma200" : 398.05,
    "volume" : 302542.00
  }, {
    "date" : "2025-10-01",
    "price" : 364.25,
    "dma50" : 381.30,
    "dma100" : 397.24,
    "dma200" : 397.71,
    "volume" : 105774.00
  }, {
    "date" : "2025-10-03",
    "price" : 367.40,
    "dma50" : 380.76,
    "dma100" : 396.96,
    "dma200" : 397.41,
    "volume" : 180313.00
  }, {
    "date" : "2025-10-06",
    "price" : 363.40,
    "dma50" : 380.08,
    "dma100" : 396.70,
    "dma200" : 397.07,
    "volume" : 149311.00
  }, {
    "date" : "2025-10-07",
    "price" : 359.50,
    "dma50" : 379.27,
    "dma100" : 396.40,
    "dma200" : 396.70,
    "volume" : 81270.00
  }, {
    "date" : "2025-10-08",
    "price" : 355.50,
    "dma50" : 378.34,
    "dma100" : 396.00,
    "dma200" : 396.29,
    "volume" : 87444.00
  }, {
    "date" : "2025-10-09",
    "price" : 353.35,
    "dma50" : 377.36,
    "dma100" : 395.61,
    "dma200" : 395.86,
    "volume" : 79289.00
  }, {
    "date" : "2025-10-10",
    "price" : 366.80,
    "dma50" : 376.94,
    "dma100" : 395.44,
    "dma200" : 395.57,
    "volume" : 297445.00
  }, {
    "date" : "2025-10-13",
    "price" : 375.45,
    "dma50" : 376.88,
    "dma100" : 395.39,
    "dma200" : 395.37,
    "volume" : 316269.00
  }, {
    "date" : "2025-10-14",
    "price" : 392.65,
    "dma50" : 377.50,
    "dma100" : 395.51,
    "dma200" : 395.35,
    "volume" : 5417007.00
  }, {
    "date" : "2025-10-15",
    "price" : 387.30,
    "dma50" : 377.89,
    "dma100" : 395.54,
    "dma200" : 395.27,
    "volume" : 783088.00
  }, {
    "date" : "2025-10-16",
    "price" : 375.25,
    "dma50" : 377.78,
    "dma100" : 395.31,
    "dma200" : 395.07,
    "volume" : 433832.00
  }, {
    "date" : "2025-10-17",
    "price" : 370.35,
    "dma50" : 377.49,
    "dma100" : 395.02,
    "dma200" : 394.82,
    "volume" : 307023.00
  }, {
    "date" : "2025-10-20",
    "price" : 383.60,
    "dma50" : 377.73,
    "dma100" : 394.84,
    "dma200" : 394.71,
    "volume" : 472397.00
  }, {
    "date" : "2025-10-21",
    "price" : 397.85,
    "dma50" : 378.52,
    "dma100" : 394.78,
    "dma200" : 394.74,
    "volume" : 560464.00
  }, {
    "date" : "2025-10-23",
    "price" : 402.55,
    "dma50" : 379.46,
    "dma100" : 394.73,
    "dma200" : 394.82,
    "volume" : 696044.00
  }, {
    "date" : "2025-10-24",
    "price" : 398.85,
    "dma50" : 380.22,
    "dma100" : 394.49,
    "dma200" : 394.86,
    "volume" : 352299.00
  }, {
    "date" : "2025-10-27",
    "price" : 403.80,
    "dma50" : 381.15,
    "dma100" : 394.38,
    "dma200" : 394.95,
    "volume" : 305008.00
  }, {
    "date" : "2025-10-28",
    "price" : 409.30,
    "dma50" : 382.25,
    "dma100" : 394.37,
    "dma200" : 395.09,
    "volume" : 348636.00
  }, {
    "date" : "2025-10-29",
    "price" : 398.85,
    "dma50" : 382.90,
    "dma100" : 394.02,
    "dma200" : 395.13,
    "volume" : 157867.00
  }, {
    "date" : "2025-10-30",
    "price" : 394.20,
    "dma50" : 383.35,
    "dma100" : 393.50,
    "dma200" : 395.12,
    "volume" : 97622.00
  }, {
    "date" : "2025-10-31",
    "price" : 388.30,
    "dma50" : 383.54,
    "dma100" : 393.02,
    "dma200" : 395.05,
    "volume" : 511288.00
  }, {
    "date" : "2025-11-03",
    "price" : 383.50,
    "dma50" : 383.54,
    "dma100" : 392.43,
    "dma200" : 394.94,
    "volume" : 78879.00
  }, {
    "date" : "2025-11-04",
    "price" : 381.55,
    "dma50" : 383.46,
    "dma100" : 391.86,
    "dma200" : 394.80,
    "volume" : 81632.00
  }, {
    "date" : "2025-11-06",
    "price" : 374.95,
    "dma50" : 383.13,
    "dma100" : 391.28,
    "dma200" : 394.60,
    "volume" : 125067.00
  }, {
    "date" : "2025-11-07",
    "price" : 389.65,
    "dma50" : 383.38,
    "dma100" : 390.87,
    "dma200" : 394.56,
    "volume" : 145956.00
  }, {
    "date" : "2025-11-10",
    "price" : 399.55,
    "dma50" : 384.02,
    "dma100" : 390.56,
    "dma200" : 394.61,
    "volume" : 346008.00
  }, {
    "date" : "2025-11-11",
    "price" : 398.50,
    "dma50" : 384.58,
    "dma100" : 390.23,
    "dma200" : 394.64,
    "volume" : 146731.00
  }, {
    "date" : "2025-11-12",
    "price" : 398.35,
    "dma50" : 385.12,
    "dma100" : 389.92,
    "dma200" : 394.68,
    "volume" : 90930.00
  }, {
    "date" : "2025-11-13",
    "price" : 387.45,
    "dma50" : 385.22,
    "dma100" : 389.69,
    "dma200" : 394.61,
    "volume" : 74539.00
  }, {
    "date" : "2025-11-14",
    "price" : 384.95,
    "dma50" : 385.21,
    "dma100" : 389.41,
    "dma200" : 394.51,
    "volume" : 82175.00
  }, {
    "date" : "2025-11-17",
    "price" : 400.70,
    "dma50" : 385.81,
    "dma100" : 389.34,
    "dma200" : 394.57,
    "volume" : 284727.00
  }, {
    "date" : "2025-11-18",
    "price" : 399.70,
    "dma50" : 386.36,
    "dma100" : 389.16,
    "dma200" : 394.63,
    "volume" : 156155.00
  }, {
    "date" : "2025-11-19",
    "price" : 405.85,
    "dma50" : 387.12,
    "dma100" : 389.00,
    "dma200" : 394.74,
    "volume" : 286862.00
  }, {
    "date" : "2025-11-20",
    "price" : 400.35,
    "dma50" : 387.64,
    "dma100" : 388.84,
    "dma200" : 394.79,
    "volume" : 63205.00
  }, {
    "date" : "2025-11-21",
    "price" : 392.70,
    "dma50" : 387.84,
    "dma100" : 388.58,
    "dma200" : 394.77,
    "volume" : 163662.00
  }, {
    "date" : "2025-11-24",
    "price" : 397.70,
    "dma50" : 388.23,
    "dma100" : 388.46,
    "dma200" : 394.80,
    "volume" : 191831.00
  }, {
    "date" : "2025-11-25",
    "price" : 400.95,
    "dma50" : 388.72,
    "dma100" : 388.37,
    "dma200" : 394.86,
    "volume" : 114429.00
  }, {
    "date" : "2025-11-26",
    "price" : 401.85,
    "dma50" : 389.24,
    "dma100" : 388.31,
    "dma200" : 394.93,
    "volume" : 176745.00
  }, {
    "date" : "2025-11-27",
    "price" : 405.80,
    "dma50" : 389.89,
    "dma100" : 388.27,
    "dma200" : 395.04,
    "volume" : 130225.00
  }, {
    "date" : "2025-11-28",
    "price" : 412.25,
    "dma50" : 390.77,
    "dma100" : 388.32,
    "dma200" : 395.21,
    "volume" : 306359.00
  } ],
  "latestTechnicalAttributes" : {
    "date" : "2025-11-28",
    "price" : 412.25,
    "dma50" : 390.77,
    "dma100" : 388.32,
    "dma200" : 395.21,
    "volume" : 306359.00
  },
  "quarterlyResults" : [ {
    "date" : "2014-03-31",
    "sales" : 0.34,
    "salesGrowthYoY" : null,
    "grossProfitMargin" : 26.47,
    "grossProfit" : 0.09,
    "operatingProfitMargin" : 0.00,
    "operatingProfit" : 0.00,
    "netProfitMargin" : 32.35,
    "netProfit" : 0.11
  }, {
    "date" : "2014-06-30",
    "sales" : 1.62,
    "salesGrowthYoY" : null,
    "grossProfitMargin" : 14.81,
    "grossProfit" : 0.24,
    "operatingProfitMargin" : 5.56,
    "operatingProfit" : 0.09,
    "netProfitMargin" : 8.64,
    "netProfit" : 0.14
  }, {
    "date" : "2014-09-30",
    "sales" : 1.60,
    "salesGrowthYoY" : null,
    "grossProfitMargin" : 18.75,
    "grossProfit" : 0.30,
    "operatingProfitMargin" : 7.50,
    "operatingProfit" : 0.12,
    "netProfitMargin" : 13.12,
    "netProfit" : 0.21
  }, {
    "date" : "2014-12-31",
    "sales" : 1.24,
    "salesGrowthYoY" : null,
    "grossProfitMargin" : 12.90,
    "grossProfit" : 0.16,
    "operatingProfitMargin" : -4.84,
    "operatingProfit" : -0.06,
    "netProfitMargin" : 1.61,
    "netProfit" : 0.02
  }, {
    "date" : "2015-03-31",
    "sales" : 1.44,
    "salesGrowthYoY" : 323.53,
    "grossProfitMargin" : -9.72,
    "grossProfit" : -0.14,
    "operatingProfitMargin" : -18.75,
    "operatingProfit" : -0.27,
    "netProfitMargin" : -9.03,
    "netProfit" : -0.13
  }, {
    "date" : "2015-06-30",
    "sales" : 0.93,
    "salesGrowthYoY" : -42.59,
    "grossProfitMargin" : 18.28,
    "grossProfit" : 0.17,
    "operatingProfitMargin" : 3.23,
    "operatingProfit" : 0.03,
    "netProfitMargin" : 9.68,
    "netProfit" : 0.09
  }, {
    "date" : "2015-09-30",
    "sales" : 0.88,
    "salesGrowthYoY" : -45.00,
    "grossProfitMargin" : 23.86,
    "grossProfit" : 0.21,
    "operatingProfitMargin" : -1.14,
    "operatingProfit" : -0.01,
    "netProfitMargin" : 6.82,
    "netProfit" : 0.06
  }, {
    "date" : "2015-12-31",
    "sales" : 0.86,
    "salesGrowthYoY" : -30.65,
    "grossProfitMargin" : -1.16,
    "grossProfit" : -0.01,
    "operatingProfitMargin" : -18.60,
    "operatingProfit" : -0.16,
    "netProfitMargin" : -5.81,
    "netProfit" : -0.05
  }, {
    "date" : "2016-03-31",
    "sales" : 0.91,
    "salesGrowthYoY" : -36.81,
    "grossProfitMargin" : 3.30,
    "grossProfit" : 0.03,
    "operatingProfitMargin" : -8.79,
    "operatingProfit" : -0.08,
    "netProfitMargin" : -1.10,
    "netProfit" : -0.01
  }, {
    "date" : "2016-06-30",
    "sales" : 0.99,
    "salesGrowthYoY" : 6.45,
    "grossProfitMargin" : 19.19,
    "grossProfit" : 0.19,
    "operatingProfitMargin" : 1.01,
    "operatingProfit" : 0.01,
    "netProfitMargin" : 5.05,
    "netProfit" : 0.05
  }, {
    "date" : "2016-09-30",
    "sales" : 0.14,
    "salesGrowthYoY" : -84.09,
    "grossProfitMargin" : 100.00,
    "grossProfit" : 0.14,
    "operatingProfitMargin" : 57.14,
    "operatingProfit" : 0.08,
    "netProfitMargin" : 85.71,
    "netProfit" : 0.12
  }, {
    "date" : "2016-12-31",
    "sales" : 0.11,
    "salesGrowthYoY" : -87.21,
    "grossProfitMargin" : 100.00,
    "grossProfit" : 0.11,
    "operatingProfitMargin" : 18.18,
    "operatingProfit" : 0.02,
    "netProfitMargin" : 81.82,
    "netProfit" : 0.09
  }, {
    "date" : "2017-03-31",
    "sales" : 0.15,
    "salesGrowthYoY" : -83.52,
    "grossProfitMargin" : 100.00,
    "grossProfit" : 0.15,
    "operatingProfitMargin" : -6.67,
    "operatingProfit" : -0.01,
    "netProfitMargin" : 46.67,
    "netProfit" : 0.07
  }, {
    "date" : "2017-06-30",
    "sales" : 0.14,
    "salesGrowthYoY" : -85.86,
    "grossProfitMargin" : 100.00,
    "grossProfit" : 0.14,
    "operatingProfitMargin" : -21.43,
    "operatingProfit" : -0.03,
    "netProfitMargin" : 21.43,
    "netProfit" : 0.03
  }, {
    "date" : "2017-09-30",
    "sales" : 0.23,
    "salesGrowthYoY" : 64.29,
    "grossProfitMargin" : 100.00,
    "grossProfit" : 0.23,
    "operatingProfitMargin" : 56.52,
    "operatingProfit" : 0.13,
    "netProfitMargin" : 65.22,
    "netProfit" : 0.15
  }, {
    "date" : "2017-12-31",
    "sales" : 0.28,
    "salesGrowthYoY" : 154.55,
    "grossProfitMargin" : 100.00,
    "grossProfit" : 0.28,
    "operatingProfitMargin" : 60.71,
    "operatingProfit" : 0.17,
    "netProfitMargin" : 60.71,
    "netProfit" : 0.17
  }, {
    "date" : "2018-03-31",
    "sales" : 0.30,
    "salesGrowthYoY" : 100.00,
    "grossProfitMargin" : 100.00,
    "grossProfit" : 0.30,
    "operatingProfitMargin" : 53.33,
    "operatingProfit" : 0.16,
    "netProfitMargin" : 80.00,
    "netProfit" : 0.24
  }, {
    "date" : "2018-06-30",
    "sales" : 0.00,
    "salesGrowthYoY" : -100.00,
    "grossProfitMargin" : 0.00,
    "grossProfit" : 0.00,
    "operatingProfitMargin" : 0.00,
    "operatingProfit" : 0.00,
    "netProfitMargin" : 0.00,
    "netProfit" : 0.00
  }, {
    "date" : "2018-09-30",
    "sales" : 0.00,
    "salesGrowthYoY" : -100.00,
    "grossProfitMargin" : 0.00,
    "grossProfit" : 0.00,
    "operatingProfitMargin" : 0.00,
    "operatingProfit" : 0.00,
    "netProfitMargin" : 0.00,
    "netProfit" : 0.00
  }, {
    "date" : "2018-12-31",
    "sales" : 0.34,
    "salesGrowthYoY" : 21.43,
    "grossProfitMargin" : 100.00,
    "grossProfit" : 0.34,
    "operatingProfitMargin" : 61.76,
    "operatingProfit" : 0.21,
    "netProfitMargin" : 102.94,
    "netProfit" : 0.35
  }, {
    "date" : "2019-03-31",
    "sales" : 0.15,
    "salesGrowthYoY" : -50.00,
    "grossProfitMargin" : 100.00,
    "grossProfit" : 0.15,
    "operatingProfitMargin" : 0.00,
    "operatingProfit" : 0.00,
    "netProfitMargin" : 33.33,
    "netProfit" : 0.05
  }, {
    "date" : "2019-06-30",
    "sales" : 0.00,
    "salesGrowthYoY" : 0.00,
    "grossProfitMargin" : 0.00,
    "grossProfit" : 0.00,
    "operatingProfitMargin" : 0.00,
    "operatingProfit" : 0.00,
    "netProfitMargin" : 0.00,
    "netProfit" : 0.00
  }, {
    "date" : "2019-09-30",
    "sales" : 0.01,
    "salesGrowthYoY" : 100.00,
    "grossProfitMargin" : 100.00,
    "grossProfit" : 0.01,
    "operatingProfitMargin" : -2300.00,
    "operatingProfit" : -0.23,
    "netProfitMargin" : -300.00,
    "netProfit" : -0.03
  }, {
    "date" : "2019-12-31",
    "sales" : 0.05,
    "salesGrowthYoY" : -85.29,
    "grossProfitMargin" : 100.00,
    "grossProfit" : 0.05,
    "operatingProfitMargin" : -40.00,
    "operatingProfit" : -0.02,
    "netProfitMargin" : 20.00,
    "netProfit" : 0.01
  }, {
    "date" : "2020-03-31",
    "sales" : 0.03,
    "salesGrowthYoY" : -80.00,
    "grossProfitMargin" : 100.00,
    "grossProfit" : 0.03,
    "operatingProfitMargin" : -2666.67,
    "operatingProfit" : -0.80,
    "netProfitMargin" : -2500.00,
    "netProfit" : -0.75
  }, {
    "date" : "2020-06-30",
    "sales" : 0.13,
    "salesGrowthYoY" : 100.00,
    "grossProfitMargin" : 100.00,
    "grossProfit" : 0.13,
    "operatingProfitMargin" : 30.77,
    "operatingProfit" : 0.04,
    "netProfitMargin" : 84.62,
    "netProfit" : 0.11
  }, {
    "date" : "2020-09-30",
    "sales" : 0.26,
    "salesGrowthYoY" : 2500.00,
    "grossProfitMargin" : 100.00,
    "grossProfit" : 0.26,
    "operatingProfitMargin" : 69.23,
    "operatingProfit" : 0.18,
    "netProfitMargin" : 123.08,
    "netProfit" : 0.32
  }, {
    "date" : "2020-12-31",
    "sales" : 0.73,
    "salesGrowthYoY" : 1360.00,
    "grossProfitMargin" : 100.00,
    "grossProfit" : 0.73,
    "operatingProfitMargin" : 65.75,
    "operatingProfit" : 0.48,
    "netProfitMargin" : 68.49,
    "netProfit" : 0.50
  }, {
    "date" : "2021-03-31",
    "sales" : 0.61,
    "salesGrowthYoY" : 1933.33,
    "grossProfitMargin" : 100.00,
    "grossProfit" : 0.61,
    "operatingProfitMargin" : 52.46,
    "operatingProfit" : 0.32,
    "netProfitMargin" : 108.20,
    "netProfit" : 0.66
  }, {
    "date" : "2021-06-30",
    "sales" : 0.73,
    "salesGrowthYoY" : 461.54,
    "grossProfitMargin" : 100.00,
    "grossProfit" : 0.73,
    "operatingProfitMargin" : 76.71,
    "operatingProfit" : 0.56,
    "netProfitMargin" : 72.60,
    "netProfit" : 0.53
  }, {
    "date" : "2021-09-30",
    "sales" : 0.59,
    "salesGrowthYoY" : 126.92,
    "grossProfitMargin" : 100.00,
    "grossProfit" : 0.59,
    "operatingProfitMargin" : 62.71,
    "operatingProfit" : 0.37,
    "netProfitMargin" : 42.37,
    "netProfit" : 0.25
  }, {
    "date" : "2021-12-31",
    "sales" : 0.02,
    "salesGrowthYoY" : -97.26,
    "grossProfitMargin" : 100.00,
    "grossProfit" : 0.02,
    "operatingProfitMargin" : -2000.00,
    "operatingProfit" : -0.40,
    "netProfitMargin" : 3500.00,
    "netProfit" : 0.70
  }, {
    "date" : "2022-03-31",
    "sales" : 0.25,
    "salesGrowthYoY" : -59.02,
    "grossProfitMargin" : 100.00,
    "grossProfit" : 0.25,
    "operatingProfitMargin" : -372.00,
    "operatingProfit" : -0.93,
    "netProfitMargin" : -276.00,
    "netProfit" : -0.69
  }, {
    "date" : "2022-06-30",
    "sales" : 0.01,
    "salesGrowthYoY" : -98.63,
    "grossProfitMargin" : 100.00,
    "grossProfit" : 0.01,
    "operatingProfitMargin" : -9100.00,
    "operatingProfit" : -0.91,
    "netProfitMargin" : -8200.00,
    "netProfit" : -0.82
  }, {
    "date" : "2022-09-30",
    "sales" : 1.45,
    "salesGrowthYoY" : 145.76,
    "grossProfitMargin" : 100.00,
    "grossProfit" : 1.45,
    "operatingProfitMargin" : 40.69,
    "operatingProfit" : 0.59,
    "netProfitMargin" : 38.62,
    "netProfit" : 0.56
  }, {
    "date" : "2022-12-31",
    "sales" : 12.45,
    "salesGrowthYoY" : 62150.00,
    "grossProfitMargin" : 100.00,
    "grossProfit" : 12.45,
    "operatingProfitMargin" : 67.15,
    "operatingProfit" : 8.36,
    "netProfitMargin" : 37.03,
    "netProfit" : 4.61
  }, {
    "date" : "2023-03-31",
    "sales" : 27.54,
    "salesGrowthYoY" : 10916.00,
    "grossProfitMargin" : 100.00,
    "grossProfit" : 27.54,
    "operatingProfitMargin" : 90.45,
    "operatingProfit" : 24.91,
    "netProfitMargin" : 51.02,
    "netProfit" : 14.05
  }, {
    "date" : "2023-06-30",
    "sales" : 34.84,
    "salesGrowthYoY" : 348300.00,
    "grossProfitMargin" : 100.00,
    "grossProfit" : 34.84,
    "operatingProfitMargin" : 90.36,
    "operatingProfit" : 31.48,
    "netProfitMargin" : 44.89,
    "netProfit" : 15.64
  }, {
    "date" : "2023-09-30",
    "sales" : 43.87,
    "salesGrowthYoY" : 2925.52,
    "grossProfitMargin" : 100.00,
    "grossProfit" : 43.87,
    "operatingProfitMargin" : 86.39,
    "operatingProfit" : 37.90,
    "netProfitMargin" : 39.87,
    "netProfit" : 17.49
  }, {
    "date" : "2023-12-31",
    "sales" : 52.46,
    "salesGrowthYoY" : 321.37,
    "grossProfitMargin" : 100.00,
    "grossProfit" : 52.46,
    "operatingProfitMargin" : 89.76,
    "operatingProfit" : 47.09,
    "netProfitMargin" : 41.27,
    "netProfit" : 21.65
  }, {
    "date" : "2024-03-31",
    "sales" : 58.55,
    "salesGrowthYoY" : 112.60,
    "grossProfitMargin" : 100.00,
    "grossProfit" : 58.55,
    "operatingProfitMargin" : 88.49,
    "operatingProfit" : 51.81,
    "netProfitMargin" : 40.65,
    "netProfit" : 23.80
  }, {
    "date" : "2024-06-30",
    "sales" : 43.54,
    "salesGrowthYoY" : 24.97,
    "grossProfitMargin" : 100.00,
    "grossProfit" : 43.54,
    "operatingProfitMargin" : 86.33,
    "operatingProfit" : 37.59,
    "netProfitMargin" : 44.53,
    "netProfit" : 19.39
  }, {
    "date" : "2024-09-30",
    "sales" : 30.89,
    "salesGrowthYoY" : -29.59,
    "grossProfitMargin" : 100.00,
    "grossProfit" : 30.89,
    "operatingProfitMargin" : 67.30,
    "operatingProfit" : 20.79,
    "netProfitMargin" : 45.71,
    "netProfit" : 14.12
  }, {
    "date" : "2024-12-31",
    "sales" : 42.49,
    "salesGrowthYoY" : -19.00,
    "grossProfitMargin" : 100.00,
    "grossProfit" : 42.49,
    "operatingProfitMargin" : 78.72,
    "operatingProfit" : 33.45,
    "netProfitMargin" : 55.75,
    "netProfit" : 23.69
  }, {
    "date" : "2025-03-31",
    "sales" : 54.12,
    "salesGrowthYoY" : -7.57,
    "grossProfitMargin" : 100.00,
    "grossProfit" : 54.12,
    "operatingProfitMargin" : 87.27,
    "operatingProfit" : 47.23,
    "netProfitMargin" : 43.96,
    "netProfit" : 23.79
  }, {
    "date" : "2025-06-30",
    "sales" : 67.59,
    "salesGrowthYoY" : 55.24,
    "grossProfitMargin" : 100.00,
    "grossProfit" : 67.59,
    "operatingProfitMargin" : 87.01,
    "operatingProfit" : 58.81,
    "netProfitMargin" : 36.28,
    "netProfit" : 24.52
  }, {
    "date" : "2025-09-30",
    "sales" : 74.72,
    "salesGrowthYoY" : 141.89,
    "grossProfitMargin" : 100.00,
    "grossProfit" : 74.72,
    "operatingProfitMargin" : 92.26,
    "operatingProfit" : 68.94,
    "netProfitMargin" : 38.01,
    "netProfit" : 28.40
  } ],
  "latestQuarterlyResult" : {
    "date" : "2025-09-30",
    "sales" : 74.72,
    "salesGrowthYoY" : 141.89,
    "grossProfitMargin" : 100.00,
    "grossProfit" : 74.72,
    "operatingProfitMargin" : 92.26,
    "operatingProfit" : 68.94,
    "netProfitMargin" : 38.01,
    "netProfit" : 28.40
  },
  "companyScore" : {
    "priceHigherThanDma50" : 5.00,
    "priceHigherThanDma100" : 5.00,
    "priceHigherThanDma200" : 5.00,
    "dma50HigherThanDma100" : 5.00,
    "dma50HigherThanDma200" : 0.00,
    "dma100HigherThanDma200" : 0.00,
    "pricePercentageAboveDma50" : 4.73,
    "pricePercentageAboveDma100" : 4.69,
    "pricePercentageAboveDma200" : 4.78,
    "weeklyVolumeHigherThanYearlyVolume" : 0.00,
    "salesGrowthPercentile" : 14.42,
    "operatingProfitMarginPercentile" : 20.00,
    "netProfitMarginPercentile" : 7.04,
    "totalTechnicalScore" : 34.20,
    "totalFundamentalScore" : 41.46,
    "totalScore" : 75.66
  }
}