{
  "metadata" : {
    "screenerCompanyId" : "1587",
    "companyCode" : "SGMART",
    "companyName" : "SG Mart",
    "screenerCompanyLink" : "https://www.screener.in/company/SGMART/consolidated/",
    "screenerTechnicalHistoryLink" : "https://www.screener.in/api/company/1587/chart/?q=Price-DMA50-DMA200-Volume&days=365",
    "screenerQuarterlyResultsLink" : "https://www.screener.in/api/company/1587/chart/?q=GPM-OPM-NPM-Quarter+Sales&days=10000",
    "attributes" : {
      "companyCode" : "SGMART",
      "companyName" : "SG Mart",
      "marketCap" : 4552.00,
      "peRatio" : 37.90,
      "description" : "SG Mart offers a wide range of products with 27+ product categories, and 2500+ SKUs. These categories include steel construction products like TMT Rebars, HR Sheet, Welding rod, Binding wire, mesh net, tapping screw and barbed wire, tiles, cement, bath fittings, laminates and paints. [1]"
    },
    "companyScore" : {
      "priceHigherThanDma50" : 5.00,
      "priceHigherThanDma100" : 5.00,
      "priceHigherThanDma200" : 5.00,
      "dma50HigherThanDma100" : 5.00,
      "dma50HigherThanDma200" : 0.00,
      "dma100HigherThanDma200" : 0.00,
      "pricePercentageAboveDma50" : 4.87,
      "pricePercentageAboveDma100" : 4.86,
      "pricePercentageAboveDma200" : 4.95,
      "weeklyVolumeHigherThanYearlyVolume" : 5.00,
      "salesGrowthPercentile" : 6.84,
      "operatingProfitMarginPercentile" : 17.03,
      "netProfitMarginPercentile" : 5.30,
      "totalTechnicalScore" : 39.68,
      "totalFundamentalScore" : 29.17,
      "totalScore" : 68.85
    }
  },
  "attributes" : {
    "companyCode" : "SGMART",
    "companyName" : "SG Mart",
    "marketCap" : 4552.00,
    "peRatio" : 37.90,
    "description" : "SG Mart offers a wide range of products with 27+ product categories, and 2500+ SKUs. These categories include steel construction products like TMT Rebars, HR Sheet, Welding rod, Binding wire, mesh net, tapping screw and barbed wire, tiles, cement, bath fittings, laminates and paints. [1]"
  },
  "technicalHistory" : [ {
    "date" : "2024-12-30",
    "price" : 369.25,
    "dma50" : 390.59,
    "dma100" : null,
    "dma200" : 404.00,
    "volume" : 104981.00
  }, {
    "date" : "2024-12-31",
    "price" : 369.60,
    "dma50" : 389.76,
    "dma100" : null,
    "dma200" : 403.66,
    "volume" : 151574.00
  }, {
    "date" : "2025-01-01",
    "price" : 378.15,
    "dma50" : 389.31,
    "dma100" : null,
    "dma200" : 403.40,
    "volume" : 122805.00
  }, {
    "date" : "2025-01-02",
    "price" : 384.70,
    "dma50" : 389.13,
    "dma100" : null,
    "dma200" : 403.22,
    "volume" : 187730.00
  }, {
    "date" : "2025-01-03",
    "price" : 387.50,
    "dma50" : 389.06,
    "dma100" : null,
    "dma200" : 403.06,
    "volume" : 140810.00
  }, {
    "date" : "2025-01-06",
    "price" : 382.00,
    "dma50" : 388.79,
    "dma100" : null,
    "dma200" : 402.85,
    "volume" : 297299.00
  }, {
    "date" : "2025-01-07",
    "price" : 380.35,
    "dma50" : 388.46,
    "dma100" : null,
    "dma200" : 402.63,
    "volume" : 106737.00
  }, {
    "date" : "2025-01-08",
    "price" : 373.05,
    "dma50" : 387.85,
    "dma100" : null,
    "dma200" : 402.33,
    "volume" : 88470.00
  }, {
    "date" : "2025-01-09",
    "price" : 373.80,
    "dma50" : 387.30,
    "dma100" : null,
    "dma200" : 402.05,
    "volume" : 69370.00
  }, {
    "date" : "2025-01-10",
    "price" : 362.80,
    "dma50" : 386.34,
    "dma100" : null,
    "dma200" : 401.66,
    "volume" : 109102.00
  }, {
    "date" : "2025-01-13",
    "price" : 347.35,
    "dma50" : 384.81,
    "dma100" : null,
    "dma200" : 401.12,
    "volume" : 239040.00
  }, {
    "date" : "2025-01-14",
    "price" : 344.50,
    "dma50" : 383.23,
    "dma100" : null,
    "dma200" : 400.55,
    "volume" : 154855.00
  }, {
    "date" : "2025-01-15",
    "price" : 347.90,
    "dma50" : 381.84,
    "dma100" : null,
    "dma200" : 400.03,
    "volume" : 50102.00
  }, {
    "date" : "2025-01-16",
    "price" : 354.50,
    "dma50" : 380.77,
    "dma100" : null,
    "dma200" : 399.58,
    "volume" : 84336.00
  }, {
    "date" : "2025-01-17",
    "price" : 364.05,
    "dma50" : 380.12,
    "dma100" : null,
    "dma200" : 399.22,
    "volume" : 56866.00
  }, {
    "date" : "2025-01-20",
    "price" : 383.20,
    "dma50" : 380.24,
    "dma100" : null,
    "dma200" : 399.06,
    "volume" : 108939.00
  }, {
    "date" : "2025-01-21",
    "price" : 381.55,
    "dma50" : 380.29,
    "dma100" : null,
    "dma200" : 398.89,
    "volume" : 118625.00
  }, {
    "date" : "2025-01-22",
    "price" : 375.00,
    "dma50" : 380.08,
    "dma100" : null,
    "dma200" : 398.65,
    "volume" : 107437.00
  }, {
    "date" : "2025-01-23",
    "price" : 386.85,
    "dma50" : 380.35,
    "dma100" : null,
    "dma200" : 398.54,
    "volume" : 213782.00
  }, {
    "date" : "2025-01-24",
    "price" : 348.20,
    "dma50" : 379.09,
    "dma100" : null,
    "dma200" : 398.03,
    "volume" : 912557.00
  }, {
    "date" : "2025-01-27",
    "price" : 336.65,
    "dma50" : 377.42,
    "dma100" : null,
    "dma200" : 397.42,
    "volume" : 372879.00
  }, {
    "date" : "2025-01-28",
    "price" : 320.05,
    "dma50" : 375.17,
    "dma100" : null,
    "dma200" : 396.65,
    "volume" : 387219.00
  }, {
    "date" : "2025-01-29",
    "price" : 316.05,
    "dma50" : 372.85,
    "dma100" : null,
    "dma200" : 395.85,
    "volume" : 205403.00
  }, {
    "date" : "2025-01-30",
    "price" : 316.85,
    "dma50" : 370.66,
    "dma100" : null,
    "dma200" : 395.07,
    "volume" : 162733.00
  }, {
    "date" : "2025-01-31",
    "price" : 315.05,
    "dma50" : 368.48,
    "dma100" : null,
    "dma200" : 394.27,
    "volume" : 177497.00
  }, {
    "date" : "2025-02-01",
    "price" : 306.65,
    "dma50" : 366.05,
    "dma100" : null,
    "dma200" : 393.40,
    "volume" : 192340.00
  }, {
    "date" : "2025-02-03",
    "price" : 301.95,
    "dma50" : 363.54,
    "dma100" : null,
    "dma200" : 392.49,
    "volume" : 121548.00
  }, {
    "date" : "2025-02-04",
    "price" : 304.10,
    "dma50" : 361.21,
    "dma100" : null,
    "dma200" : 391.61,
    "volume" : 266271.00
  }, {
    "date" : "2025-02-05",
    "price" : 301.10,
    "dma50" : 358.85,
    "dma100" : null,
    "dma200" : 390.71,
    "volume" : 138946.00
  }, {
    "date" : "2025-02-06",
    "price" : 317.95,
    "dma50" : 357.25,
    "dma100" : null,
    "dma200" : 389.98,
    "volume" : 473031.00
  }, {
    "date" : "2025-02-07",
    "price" : 329.65,
    "dma50" : 356.16,
    "dma100" : null,
    "dma200" : 389.38,
    "volume" : 216828.00
  }, {
    "date" : "2025-02-10",
    "price" : 317.05,
    "dma50" : 354.63,
    "dma100" : null,
    "dma200" : 388.66,
    "volume" : 197471.00
  }, {
    "date" : "2025-02-11",
    "price" : 303.90,
    "dma50" : 352.64,
    "dma100" : null,
    "dma200" : 387.82,
    "volume" : 139143.00
  }, {
    "date" : "2025-02-12",
    "price" : 311.85,
    "dma50" : 351.04,
    "dma100" : null,
    "dma200" : 387.06,
    "volume" : 136335.00
  }, {
    "date" : "2025-02-13",
    "price" : 309.75,
    "dma50" : 349.42,
    "dma100" : null,
    "dma200" : 386.30,
    "volume" : 125619.00
  }, {
    "date" : "2025-02-14",
    "price" : 305.55,
    "dma50" : 347.70,
    "dma100" : null,
    "dma200" : 385.49,
    "volume" : 193650.00
  }, {
    "date" : "2025-02-17",
    "price" : 300.55,
    "dma50" : 345.85,
    "dma100" : null,
    "dma200" : 384.65,
    "volume" : 144171.00
  }, {
    "date" : "2025-02-18",
    "price" : 294.70,
    "dma50" : 343.85,
    "dma100" : null,
    "dma200" : 383.75,
    "volume" : 462895.00
  }, {
    "date" : "2025-02-19",
    "price" : 320.80,
    "dma50" : 342.94,
    "dma100" : null,
    "dma200" : 383.13,
    "volume" : 540741.00
  }, {
    "date" : "2025-02-20",
    "price" : 334.35,
    "dma50" : 342.61,
    "dma100" : null,
    "dma200" : 382.64,
    "volume" : 176109.00
  }, {
    "date" : "2025-02-21",
    "price" : 332.80,
    "dma50" : 342.22,
    "dma100" : null,
    "dma200" : 382.14,
    "volume" : 324834.00
  }, {
    "date" : "2025-02-24",
    "price" : 338.70,
    "dma50" : 342.08,
    "dma100" : null,
    "dma200" : 381.71,
    "volume" : 206316.00
  }, {
    "date" : "2025-02-25",
    "price" : 344.15,
    "dma50" : 342.16,
    "dma100" : null,
    "dma200" : 381.34,
    "volume" : 149950.00
  }, {
    "date" : "2025-02-27",
    "price" : 345.85,
    "dma50" : 342.31,
    "dma100" : null,
    "dma200" : 380.98,
    "volume" : 194170.00
  }, {
    "date" : "2025-02-28",
    "price" : 332.35,
    "dma50" : 341.92,
    "dma100" : null,
    "dma200" : 380.50,
    "volume" : 114594.00
  }, {
    "date" : "2025-03-03",
    "price" : 325.65,
    "dma50" : 341.28,
    "dma100" : null,
    "dma200" : 379.96,
    "volume" : 376464.00
  }, {
    "date" : "2025-03-04",
    "price" : 311.05,
    "dma50" : 340.09,
    "dma100" : null,
    "dma200" : 379.27,
    "volume" : 371185.00
  }, {
    "date" : "2025-03-05",
    "price" : 308.45,
    "dma50" : 338.85,
    "dma100" : null,
    "dma200" : 378.56,
    "volume" : 463253.00
  }, {
    "date" : "2025-03-06",
    "price" : 308.40,
    "dma50" : 337.66,
    "dma100" : null,
    "dma200" : 377.87,
    "volume" : 659358.00
  }, {
    "date" : "2025-03-07",
    "price" : 320.95,
    "dma50" : 337.00,
    "dma100" : null,
    "dma200" : 377.30,
    "volume" : 382947.00
  }, {
    "date" : "2025-03-10",
    "price" : 320.40,
    "dma50" : 336.35,
    "dma100" : null,
    "dma200" : 376.73,
    "volume" : 389442.00
  }, {
    "date" : "2025-03-11",
    "price" : 324.25,
    "dma50" : 335.88,
    "dma100" : null,
    "dma200" : 376.21,
    "volume" : 456002.00
  }, {
    "date" : "2025-03-12",
    "price" : 317.25,
    "dma50" : 335.15,
    "dma100" : null,
    "dma200" : 375.63,
    "volume" : 572404.00
  }, {
    "date" : "2025-03-13",
    "price" : 305.65,
    "dma50" : 333.99,
    "dma100" : null,
    "dma200" : 374.93,
    "volume" : 334085.00
  }, {
    "date" : "2025-03-17",
    "price" : 291.60,
    "dma50" : 332.33,
    "dma100" : null,
    "dma200" : 374.10,
    "volume" : 320166.00
  }, {
    "date" : "2025-03-18",
    "price" : 307.15,
    "dma50" : 331.34,
    "dma100" : null,
    "dma200" : 373.43,
    "volume" : 493471.00
  }, {
    "date" : "2025-03-19",
    "price" : 308.25,
    "dma50" : 330.44,
    "dma100" : null,
    "dma200" : 372.78,
    "volume" : 508098.00
  }, {
    "date" : "2025-03-20",
    "price" : 321.55,
    "dma50" : 330.09,
    "dma100" : null,
    "dma200" : 372.28,
    "volume" : 289950.00
  }, {
    "date" : "2025-03-21",
    "price" : 315.05,
    "dma50" : 329.50,
    "dma100" : null,
    "dma200" : 371.71,
    "volume" : 315753.00
  }, {
    "date" : "2025-03-24",
    "price" : 325.95,
    "dma50" : 329.36,
    "dma100" : null,
    "dma200" : 371.25,
    "volume" : 732988.00
  }, {
    "date" : "2025-03-25",
    "price" : 323.90,
    "dma50" : 329.14,
    "dma100" : null,
    "dma200" : 370.78,
    "volume" : 232399.00
  }, {
    "date" : "2025-03-26",
    "price" : 321.10,
    "dma50" : 328.83,
    "dma100" : null,
    "dma200" : 370.29,
    "volume" : 346438.00
  }, {
    "date" : "2025-03-27",
    "price" : 306.45,
    "dma50" : 327.95,
    "dma100" : null,
    "dma200" : 369.65,
    "volume" : 316776.00
  }, {
    "date" : "2025-03-28",
    "price" : 323.30,
    "dma50" : 327.77,
    "dma100" : null,
    "dma200" : 369.19,
    "volume" : 531326.00
  }, {
    "date" : "2025-04-01",
    "price" : 326.75,
    "dma50" : 327.73,
    "dma100" : null,
    "dma200" : 368.77,
    "volume" : 96738.00
  }, {
    "date" : "2025-04-02",
    "price" : 336.60,
    "dma50" : 328.08,
    "dma100" : null,
    "dma200" : 368.45,
    "volume" : 88623.00
  }, {
    "date" : "2025-04-03",
    "price" : 335.35,
    "dma50" : 328.36,
    "dma100" : null,
    "dma200" : 368.12,
    "volume" : 89315.00
  }, {
    "date" : "2025-04-04",
    "price" : 335.35,
    "dma50" : 328.64,
    "dma100" : null,
    "dma200" : 367.79,
    "volume" : 96158.00
  }, {
    "date" : "2025-04-07",
    "price" : 313.65,
    "dma50" : 328.05,
    "dma100" : null,
    "dma200" : 367.25,
    "volume" : 201689.00
  }, {
    "date" : "2025-04-08",
    "price" : 316.50,
    "dma50" : 327.60,
    "dma100" : null,
    "dma200" : 366.75,
    "volume" : 47099.00
  }, {
    "date" : "2025-04-09",
    "price" : 316.90,
    "dma50" : 327.18,
    "dma100" : null,
    "dma200" : 366.25,
    "volume" : 29702.00
  }, {
    "date" : "2025-04-11",
    "price" : 319.30,
    "dma50" : 326.87,
    "dma100" : null,
    "dma200" : 365.78,
    "volume" : 36060.00
  }, {
    "date" : "2025-04-15",
    "price" : 329.45,
    "dma50" : 326.97,
    "dma100" : null,
    "dma200" : 365.42,
    "volume" : 104102.00
  }, {
    "date" : "2025-04-16",
    "price" : 335.45,
    "dma50" : 327.30,
    "dma100" : null,
    "dma200" : 365.12,
    "volume" : 80459.00
  }, {
    "date" : "2025-04-17",
    "price" : 351.60,
    "dma50" : 328.25,
    "dma100" : null,
    "dma200" : 364.99,
    "volume" : 186175.00
  }, {
    "date" : "2025-04-21",
    "price" : 365.95,
    "dma50" : 329.73,
    "dma100" : null,
    "dma200" : 365.00,
    "volume" : 156819.00
  }, {
    "date" : "2025-04-22",
    "price" : 354.05,
    "dma50" : 330.69,
    "dma100" : null,
    "dma200" : 364.89,
    "volume" : 756713.00
  }, {
    "date" : "2025-04-23",
    "price" : 357.75,
    "dma50" : 331.75,
    "dma100" : null,
    "dma200" : 364.82,
    "volume" : 80093.00
  }, {
    "date" : "2025-04-24",
    "price" : 357.30,
    "dma50" : 332.75,
    "dma100" : null,
    "dma200" : 364.74,
    "volume" : 79384.00
  }, {
    "date" : "2025-04-25",
    "price" : 348.20,
    "dma50" : 333.36,
    "dma100" : null,
    "dma200" : 364.58,
    "volume" : 137948.00
  }, {
    "date" : "2025-04-28",
    "price" : 364.70,
    "dma50" : 334.58,
    "dma100" : null,
    "dma200" : 364.58,
    "volume" : 157349.00
  }, {
    "date" : "2025-04-29",
    "price" : 348.10,
    "dma50" : 335.11,
    "dma100" : null,
    "dma200" : 364.42,
    "volume" : 337199.00
  }, {
    "date" : "2025-04-30",
    "price" : 350.10,
    "dma50" : 335.70,
    "dma100" : null,
    "dma200" : 364.27,
    "volume" : 59455.00
  }, {
    "date" : "2025-05-02",
    "price" : 348.35,
    "dma50" : 336.20,
    "dma100" : null,
    "dma200" : 364.12,
    "volume" : 60493.00
  }, {
    "date" : "2025-05-05",
    "price" : 348.35,
    "dma50" : 336.67,
    "dma100" : null,
    "dma200" : 363.96,
    "volume" : 33294.00
  }, {
    "date" : "2025-05-06",
    "price" : 335.60,
    "dma50" : 336.63,
    "dma100" : null,
    "dma200" : 363.68,
    "volume" : 66582.00
  }, {
    "date" : "2025-05-07",
    "price" : 342.90,
    "dma50" : 336.88,
    "dma100" : null,
    "dma200" : 363.47,
    "volume" : 157153.00
  }, {
    "date" : "2025-05-08",
    "price" : 337.70,
    "dma50" : 336.91,
    "dma100" : null,
    "dma200" : 363.21,
    "volume" : 28728.00
  }, {
    "date" : "2025-05-09",
    "price" : 330.75,
    "dma50" : 336.67,
    "dma100" : null,
    "dma200" : 362.89,
    "volume" : 81809.00
  }, {
    "date" : "2025-05-12",
    "price" : 353.15,
    "dma50" : 337.32,
    "dma100" : null,
    "dma200" : 362.79,
    "volume" : 162638.00
  }, {
    "date" : "2025-05-13",
    "price" : 354.45,
    "dma50" : 337.99,
    "dma100" : null,
    "dma200" : 362.71,
    "volume" : 77903.00
  }, {
    "date" : "2025-05-14",
    "price" : 360.20,
    "dma50" : 338.86,
    "dma100" : null,
    "dma200" : 362.69,
    "volume" : 212808.00
  }, {
    "date" : "2025-05-15",
    "price" : 366.10,
    "dma50" : 339.93,
    "dma100" : null,
    "dma200" : 362.72,
    "volume" : 88713.00
  }, {
    "date" : "2025-05-16",
    "price" : 379.20,
    "dma50" : 341.47,
    "dma100" : null,
    "dma200" : 362.88,
    "volume" : 306041.00
  }, {
    "date" : "2025-05-19",
    "price" : 359.25,
    "dma50" : 342.16,
    "dma100" : null,
    "dma200" : 362.85,
    "volume" : 1071145.00
  }, {
    "date" : "2025-05-20",
    "price" : 367.05,
    "dma50" : 343.14,
    "dma100" : null,
    "dma200" : 362.89,
    "volume" : 246229.00
  }, {
    "date" : "2025-05-21",
    "price" : 367.05,
    "dma50" : 344.08,
    "dma100" : null,
    "dma200" : 362.93,
    "volume" : 391506.00
  }, {
    "date" : "2025-05-22",
    "price" : 366.05,
    "dma50" : 344.94,
    "dma100" : null,
    "dma200" : 362.96,
    "volume" : 196568.00
  }, {
    "date" : "2025-05-23",
    "price" : 369.50,
    "dma50" : 345.90,
    "dma100" : null,
    "dma200" : 363.03,
    "volume" : 169423.00
  }, {
    "date" : "2025-05-26",
    "price" : 384.35,
    "dma50" : 347.41,
    "dma100" : null,
    "dma200" : 363.24,
    "volume" : 264690.00
  }, {
    "date" : "2025-05-27",
    "price" : 382.15,
    "dma50" : 348.77,
    "dma100" : 338.85,
    "dma200" : 363.43,
    "volume" : 195019.00
  }, {
    "date" : "2025-05-28",
    "price" : 384.60,
    "dma50" : 350.18,
    "dma100" : 339.00,
    "dma200" : 363.64,
    "volume" : 128093.00
  }, {
    "date" : "2025-05-29",
    "price" : 380.55,
    "dma50" : 351.37,
    "dma100" : 339.02,
    "dma200" : 363.81,
    "volume" : 87380.00
  }, {
    "date" : "2025-05-30",
    "price" : 387.45,
    "dma50" : 352.78,
    "dma100" : 339.05,
    "dma200" : 364.04,
    "volume" : 124470.00
  }, {
    "date" : "2025-06-02",
    "price" : 393.95,
    "dma50" : 354.40,
    "dma100" : 339.12,
    "dma200" : 364.34,
    "volume" : 307563.00
  }, {
    "date" : "2025-06-03",
    "price" : 376.85,
    "dma50" : 355.28,
    "dma100" : 339.06,
    "dma200" : 364.46,
    "volume" : 342884.00
  }, {
    "date" : "2025-06-04",
    "price" : 370.25,
    "dma50" : 355.87,
    "dma100" : 338.96,
    "dma200" : 364.52,
    "volume" : 325381.00
  }, {
    "date" : "2025-06-05",
    "price" : 386.70,
    "dma50" : 357.07,
    "dma100" : 339.10,
    "dma200" : 364.74,
    "volume" : 87758.00
  }, {
    "date" : "2025-06-06",
    "price" : 389.80,
    "dma50" : 358.36,
    "dma100" : 339.26,
    "dma200" : 364.99,
    "volume" : 110387.00
  }, {
    "date" : "2025-06-09",
    "price" : 394.15,
    "dma50" : 359.76,
    "dma100" : 339.57,
    "dma200" : 365.28,
    "volume" : 126434.00
  }, {
    "date" : "2025-06-10",
    "price" : 413.65,
    "dma50" : 361.87,
    "dma100" : 340.24,
    "dma200" : 365.76,
    "volume" : 889919.00
  }, {
    "date" : "2025-06-11",
    "price" : 423.40,
    "dma50" : 364.29,
    "dma100" : 341.03,
    "dma200" : 366.34,
    "volume" : 922203.00
  }, {
    "date" : "2025-06-12",
    "price" : 409.95,
    "dma50" : 366.08,
    "dma100" : 341.65,
    "dma200" : 366.77,
    "volume" : 514945.00
  }, {
    "date" : "2025-06-13",
    "price" : 397.95,
    "dma50" : 367.33,
    "dma100" : 342.08,
    "dma200" : 367.08,
    "volume" : 437335.00
  }, {
    "date" : "2025-06-16",
    "price" : 392.95,
    "dma50" : 368.33,
    "dma100" : 342.37,
    "dma200" : 367.34,
    "volume" : 824489.00
  }, {
    "date" : "2025-06-17",
    "price" : 388.30,
    "dma50" : 369.12,
    "dma100" : 342.42,
    "dma200" : 367.55,
    "volume" : 114094.00
  }, {
    "date" : "2025-06-18",
    "price" : 388.75,
    "dma50" : 369.89,
    "dma100" : 342.49,
    "dma200" : 367.76,
    "volume" : 224927.00
  }, {
    "date" : "2025-06-19",
    "price" : 382.10,
    "dma50" : 370.37,
    "dma100" : 342.56,
    "dma200" : 367.90,
    "volume" : 71526.00
  }, {
    "date" : "2025-06-20",
    "price" : 385.55,
    "dma50" : 370.96,
    "dma100" : 342.55,
    "dma200" : 368.08,
    "volume" : 106333.00
  }, {
    "date" : "2025-06-23",
    "price" : 384.40,
    "dma50" : 371.49,
    "dma100" : 342.91,
    "dma200" : 368.24,
    "volume" : 76346.00
  }, {
    "date" : "2025-06-24",
    "price" : 378.10,
    "dma50" : 371.75,
    "dma100" : 343.33,
    "dma200" : 368.34,
    "volume" : 222065.00
  }, {
    "date" : "2025-06-25",
    "price" : 374.50,
    "dma50" : 371.85,
    "dma100" : 343.87,
    "dma200" : 368.40,
    "volume" : 202429.00
  }, {
    "date" : "2025-06-26",
    "price" : 370.65,
    "dma50" : 371.81,
    "dma100" : 344.42,
    "dma200" : 368.42,
    "volume" : 128530.00
  }, {
    "date" : "2025-06-27",
    "price" : 369.70,
    "dma50" : 371.72,
    "dma100" : 344.95,
    "dma200" : 368.43,
    "volume" : 225790.00
  }, {
    "date" : "2025-06-30",
    "price" : 360.20,
    "dma50" : 371.27,
    "dma100" : 345.40,
    "dma200" : 368.35,
    "volume" : 155062.00
  }, {
    "date" : "2025-07-01",
    "price" : 361.65,
    "dma50" : 370.90,
    "dma100" : 345.95,
    "dma200" : 368.28,
    "volume" : 227659.00
  }, {
    "date" : "2025-07-02",
    "price" : 360.15,
    "dma50" : 370.47,
    "dma100" : 346.53,
    "dma200" : 368.20,
    "volume" : 170900.00
  }, {
    "date" : "2025-07-03",
    "price" : 358.80,
    "dma50" : 370.02,
    "dma100" : 347.08,
    "dma200" : 368.11,
    "volume" : 79087.00
  }, {
    "date" : "2025-07-04",
    "price" : 353.50,
    "dma50" : 369.37,
    "dma100" : 347.60,
    "dma200" : 367.96,
    "volume" : 154661.00
  }, {
    "date" : "2025-07-07",
    "price" : 350.50,
    "dma50" : 368.63,
    "dma100" : 347.93,
    "dma200" : 367.79,
    "volume" : 91886.00
  }, {
    "date" : "2025-07-08",
    "price" : 347.70,
    "dma50" : 367.81,
    "dma100" : 348.11,
    "dma200" : 367.59,
    "volume" : 155976.00
  }, {
    "date" : "2025-07-09",
    "price" : 362.25,
    "dma50" : 367.59,
    "dma100" : 348.56,
    "dma200" : 367.54,
    "volume" : 171364.00
  }, {
    "date" : "2025-07-10",
    "price" : 369.50,
    "dma50" : 367.66,
    "dma100" : 349.21,
    "dma200" : 367.56,
    "volume" : 151028.00
  }, {
    "date" : "2025-07-11",
    "price" : 368.35,
    "dma50" : 367.69,
    "dma100" : 349.78,
    "dma200" : 367.56,
    "volume" : 80992.00
  }, {
    "date" : "2025-07-14",
    "price" : 358.10,
    "dma50" : 367.32,
    "dma100" : 350.26,
    "dma200" : 367.47,
    "volume" : 47915.00
  }, {
    "date" : "2025-07-15",
    "price" : 363.50,
    "dma50" : 367.17,
    "dma100" : 350.84,
    "dma200" : 367.43,
    "volume" : 64854.00
  }, {
    "date" : "2025-07-16",
    "price" : 382.75,
    "dma50" : 367.78,
    "dma100" : 351.66,
    "dma200" : 367.58,
    "volume" : 236161.00
  }, {
    "date" : "2025-07-17",
    "price" : 375.90,
    "dma50" : 368.10,
    "dma100" : 352.48,
    "dma200" : 367.67,
    "volume" : 329145.00
  }, {
    "date" : "2025-07-18",
    "price" : 375.00,
    "dma50" : 368.37,
    "dma100" : 353.02,
    "dma200" : 367.74,
    "volume" : 43328.00
  }, {
    "date" : "2025-07-21",
    "price" : 372.55,
    "dma50" : 368.53,
    "dma100" : 353.40,
    "dma200" : 367.79,
    "volume" : 60211.00
  }, {
    "date" : "2025-07-22",
    "price" : 369.50,
    "dma50" : 368.57,
    "dma100" : 353.77,
    "dma200" : 367.80,
    "volume" : 69879.00
  }, {
    "date" : "2025-07-23",
    "price" : 372.90,
    "dma50" : 368.74,
    "dma100" : 354.11,
    "dma200" : 367.85,
    "volume" : 44198.00
  }, {
    "date" : "2025-07-24",
    "price" : 367.85,
    "dma50" : 368.70,
    "dma100" : 354.35,
    "dma200" : 367.85,
    "volume" : 93392.00
  }, {
    "date" : "2025-07-25",
    "price" : 357.80,
    "dma50" : 368.28,
    "dma100" : 354.47,
    "dma200" : 367.75,
    "volume" : 79190.00
  }, {
    "date" : "2025-07-28",
    "price" : 332.05,
    "dma50" : 366.86,
    "dma100" : 354.46,
    "dma200" : 367.40,
    "volume" : 555626.00
  }, {
    "date" : "2025-07-29",
    "price" : 332.10,
    "dma50" : 365.49,
    "dma100" : 354.53,
    "dma200" : 367.05,
    "volume" : 107964.00
  }, {
    "date" : "2025-07-30",
    "price" : 318.35,
    "dma50" : 363.64,
    "dma100" : 354.60,
    "dma200" : 366.56,
    "volume" : 201296.00
  }, {
    "date" : "2025-07-31",
    "price" : 326.05,
    "dma50" : 362.17,
    "dma100" : 354.78,
    "dma200" : 366.16,
    "volume" : 2209688.00
  }, {
    "date" : "2025-08-01",
    "price" : 325.25,
    "dma50" : 360.72,
    "dma100" : 354.94,
    "dma200" : 365.75,
    "volume" : 281876.00
  }, {
    "date" : "2025-08-04",
    "price" : 321.75,
    "dma50" : 359.19,
    "dma100" : 354.95,
    "dma200" : 365.32,
    "volume" : 105171.00
  }, {
    "date" : "2025-08-05",
    "price" : 317.75,
    "dma50" : 357.57,
    "dma100" : 354.93,
    "dma200" : 364.84,
    "volume" : 131812.00
  }, {
    "date" : "2025-08-06",
    "price" : 318.95,
    "dma50" : 356.05,
    "dma100" : 354.87,
    "dma200" : 364.39,
    "volume" : 95510.00
  }, {
    "date" : "2025-08-07",
    "price" : 322.55,
    "dma50" : 354.74,
    "dma100" : 354.93,
    "dma200" : 363.97,
    "volume" : 68647.00
  }, {
    "date" : "2025-08-08",
    "price" : 327.40,
    "dma50" : 353.67,
    "dma100" : 355.14,
    "dma200" : 363.61,
    "volume" : 113535.00
  }, {
    "date" : "2025-08-11",
    "price" : 331.55,
    "dma50" : 352.80,
    "dma100" : 355.54,
    "dma200" : 363.29,
    "volume" : 72259.00
  }, {
    "date" : "2025-08-12",
    "price" : 331.10,
    "dma50" : 351.95,
    "dma100" : 355.78,
    "dma200" : 362.97,
    "volume" : 90005.00
  }, {
    "date" : "2025-08-13",
    "price" : 334.85,
    "dma50" : 351.28,
    "dma100" : 356.05,
    "dma200" : 362.69,
    "volume" : 118664.00
  }, {
    "date" : "2025-08-14",
    "price" : 332.10,
    "dma50" : 350.53,
    "dma100" : 356.15,
    "dma200" : 362.38,
    "volume" : 54164.00
  }, {
    "date" : "2025-08-18",
    "price" : 340.00,
    "dma50" : 350.11,
    "dma100" : 356.40,
    "dma200" : 362.16,
    "volume" : 129698.00
  }, {
    "date" : "2025-08-19",
    "price" : 338.30,
    "dma50" : 349.65,
    "dma100" : 356.53,
    "dma200" : 361.92,
    "volume" : 24758.00
  }, {
    "date" : "2025-08-20",
    "price" : 345.30,
    "dma50" : 349.48,
    "dma100" : 356.74,
    "dma200" : 361.76,
    "volume" : 120657.00
  }, {
    "date" : "2025-08-21",
    "price" : 346.05,
    "dma50" : 349.35,
    "dma100" : 356.99,
    "dma200" : 361.60,
    "volume" : 98560.00
  }, {
    "date" : "2025-08-22",
    "price" : 347.25,
    "dma50" : 349.26,
    "dma100" : 357.40,
    "dma200" : 361.46,
    "volume" : 79033.00
  }, {
    "date" : "2025-08-25",
    "price" : 351.85,
    "dma50" : 349.36,
    "dma100" : 357.68,
    "dma200" : 361.36,
    "volume" : 105505.00
  }, {
    "date" : "2025-08-26",
    "price" : 345.15,
    "dma50" : 349.20,
    "dma100" : 357.87,
    "dma200" : 361.20,
    "volume" : 39141.00
  }, {
    "date" : "2025-08-28",
    "price" : 339.80,
    "dma50" : 348.83,
    "dma100" : 357.90,
    "dma200" : 360.99,
    "volume" : 69646.00
  }, {
    "date" : "2025-08-29",
    "price" : 329.20,
    "dma50" : 348.06,
    "dma100" : 357.84,
    "dma200" : 360.67,
    "volume" : 69207.00
  }, {
    "date" : "2025-09-01",
    "price" : 337.15,
    "dma50" : 347.63,
    "dma100" : 357.86,
    "dma200" : 360.44,
    "volume" : 132461.00
  }, {
    "date" : "2025-09-02",
    "price" : 330.15,
    "dma50" : 346.95,
    "dma100" : 358.02,
    "dma200" : 360.14,
    "volume" : 273067.00
  }, {
    "date" : "2025-09-03",
    "price" : 330.05,
    "dma50" : 346.28,
    "dma100" : 358.16,
    "dma200" : 359.84,
    "volume" : 166848.00
  }, {
    "date" : "2025-09-04",
    "price" : 359.90,
    "dma50" : 346.82,
    "dma100" : 358.59,
    "dma200" : 359.84,
    "volume" : 6033675.00
  }, {
    "date" : "2025-09-05",
    "price" : 363.30,
    "dma50" : 347.47,
    "dma100" : 359.03,
    "dma200" : 359.87,
    "volume" : 200002.00
  }, {
    "date" : "2025-09-08",
    "price" : 355.80,
    "dma50" : 347.79,
    "dma100" : 359.29,
    "dma200" : 359.83,
    "volume" : 76008.00
  }, {
    "date" : "2025-09-09",
    "price" : 353.90,
    "dma50" : 348.03,
    "dma100" : 359.48,
    "dma200" : 359.77,
    "volume" : 69162.00
  }, {
    "date" : "2025-09-10",
    "price" : 348.60,
    "dma50" : 348.05,
    "dma100" : 359.45,
    "dma200" : 359.66,
    "volume" : 136461.00
  }, {
    "date" : "2025-09-11",
    "price" : 361.55,
    "dma50" : 348.58,
    "dma100" : 359.40,
    "dma200" : 359.68,
    "volume" : 211300.00
  }, {
    "date" : "2025-09-12",
    "price" : 357.95,
    "dma50" : 348.95,
    "dma100" : 359.44,
    "dma200" : 359.66,
    "volume" : 196885.00
  }, {
    "date" : "2025-09-15",
    "price" : 363.70,
    "dma50" : 349.53,
    "dma100" : 359.50,
    "dma200" : 359.70,
    "volume" : 289236.00
  }, {
    "date" : "2025-09-16",
    "price" : 369.30,
    "dma50" : 350.30,
    "dma100" : 359.62,
    "dma200" : 359.80,
    "volume" : 215132.00
  }, {
    "date" : "2025-09-17",
    "price" : 375.95,
    "dma50" : 351.31,
    "dma100" : 359.90,
    "dma200" : 359.96,
    "volume" : 355388.00
  }, {
    "date" : "2025-09-18",
    "price" : 383.65,
    "dma50" : 352.58,
    "dma100" : 360.09,
    "dma200" : 360.19,
    "volume" : 348036.00
  }, {
    "date" : "2025-09-19",
    "price" : 383.05,
    "dma50" : 353.77,
    "dma100" : 360.44,
    "dma200" : 360.42,
    "volume" : 259913.00
  }, {
    "date" : "2025-09-22",
    "price" : 376.45,
    "dma50" : 354.66,
    "dma100" : 360.70,
    "dma200" : 360.58,
    "volume" : 186436.00
  }, {
    "date" : "2025-09-23",
    "price" : 379.55,
    "dma50" : 355.64,
    "dma100" : 361.01,
    "dma200" : 360.77,
    "volume" : 111082.00
  }, {
    "date" : "2025-09-24",
    "price" : 378.50,
    "dma50" : 356.53,
    "dma100" : 361.31,
    "dma200" : 360.95,
    "volume" : 79952.00
  }, {
    "date" : "2025-09-25",
    "price" : 376.65,
    "dma50" : 357.32,
    "dma100" : 361.72,
    "dma200" : 361.10,
    "volume" : 78884.00
  }, {
    "date" : "2025-09-26",
    "price" : 363.10,
    "dma50" : 357.55,
    "dma100" : 361.93,
    "dma200" : 361.12,
    "volume" : 62948.00
  }, {
    "date" : "2025-09-29",
    "price" : 364.45,
    "dma50" : 357.82,
    "dma100" : 362.19,
    "dma200" : 361.16,
    "volume" : 83523.00
  }, {
    "date" : "2025-09-30",
    "price" : 360.45,
    "dma50" : 357.92,
    "dma100" : 362.49,
    "dma200" : 361.15,
    "volume" : 119532.00
  }, {
    "date" : "2025-10-01",
    "price" : 363.00,
    "dma50" : 358.12,
    "dma100" : 362.59,
    "dma200" : 361.17,
    "volume" : 71906.00
  }, {
    "date" : "2025-10-03",
    "price" : 364.15,
    "dma50" : 358.36,
    "dma100" : 362.69,
    "dma200" : 361.20,
    "volume" : 52095.00
  }, {
    "date" : "2025-10-06",
    "price" : 372.10,
    "dma50" : 358.90,
    "dma100" : 362.81,
    "dma200" : 361.31,
    "volume" : 291578.00
  }, {
    "date" : "2025-10-07",
    "price" : 364.70,
    "dma50" : 359.13,
    "dma100" : 362.79,
    "dma200" : 361.34,
    "volume" : 93199.00
  }, {
    "date" : "2025-10-08",
    "price" : 353.10,
    "dma50" : 358.89,
    "dma100" : 362.53,
    "dma200" : 361.26,
    "volume" : 114765.00
  }, {
    "date" : "2025-10-09",
    "price" : 343.75,
    "dma50" : 358.30,
    "dma100" : 362.38,
    "dma200" : 361.08,
    "volume" : 244874.00
  }, {
    "date" : "2025-10-10",
    "price" : 346.75,
    "dma50" : 357.84,
    "dma100" : 362.17,
    "dma200" : 360.94,
    "volume" : 117593.00
  }, {
    "date" : "2025-10-13",
    "price" : 343.20,
    "dma50" : 357.27,
    "dma100" : 361.93,
    "dma200" : 360.76,
    "volume" : 72053.00
  }, {
    "date" : "2025-10-14",
    "price" : 338.85,
    "dma50" : 356.55,
    "dma100" : 361.66,
    "dma200" : 360.55,
    "volume" : 227661.00
  }, {
    "date" : "2025-10-15",
    "price" : 340.05,
    "dma50" : 355.90,
    "dma100" : 361.37,
    "dma200" : 360.34,
    "volume" : 69042.00
  }, {
    "date" : "2025-10-16",
    "price" : 351.95,
    "dma50" : 355.74,
    "dma100" : 361.04,
    "dma200" : 360.26,
    "volume" : 365916.00
  }, {
    "date" : "2025-10-17",
    "price" : 345.55,
    "dma50" : 355.34,
    "dma100" : 360.68,
    "dma200" : 360.11,
    "volume" : 252773.00
  }, {
    "date" : "2025-10-20",
    "price" : 358.25,
    "dma50" : 355.46,
    "dma100" : 360.41,
    "dma200" : 360.09,
    "volume" : 222439.00
  }, {
    "date" : "2025-10-21",
    "price" : 362.05,
    "dma50" : 355.72,
    "dma100" : 360.23,
    "dma200" : 360.11,
    "volume" : 116467.00
  }, {
    "date" : "2025-10-23",
    "price" : 354.35,
    "dma50" : 355.66,
    "dma100" : 359.90,
    "dma200" : 360.06,
    "volume" : 318982.00
  }, {
    "date" : "2025-10-24",
    "price" : 341.80,
    "dma50" : 355.12,
    "dma100" : 359.38,
    "dma200" : 359.87,
    "volume" : 184211.00
  }, {
    "date" : "2025-10-27",
    "price" : 349.40,
    "dma50" : 354.90,
    "dma100" : 359.10,
    "dma200" : 359.77,
    "volume" : 302014.00
  }, {
    "date" : "2025-10-28",
    "price" : 354.25,
    "dma50" : 354.87,
    "dma100" : 358.94,
    "dma200" : 359.72,
    "volume" : 408524.00
  }, {
    "date" : "2025-10-29",
    "price" : 368.05,
    "dma50" : 355.39,
    "dma100" : 358.76,
    "dma200" : 359.80,
    "volume" : 494901.00
  }, {
    "date" : "2025-10-30",
    "price" : 359.00,
    "dma50" : 355.53,
    "dma100" : 358.45,
    "dma200" : 359.79,
    "volume" : 724269.00
  }, {
    "date" : "2025-10-31",
    "price" : 346.70,
    "dma50" : 355.18,
    "dma100" : 357.97,
    "dma200" : 359.66,
    "volume" : 1360936.00
  }, {
    "date" : "2025-11-03",
    "price" : 334.75,
    "dma50" : 354.38,
    "dma100" : 357.18,
    "dma200" : 359.41,
    "volume" : 798400.00
  }, {
    "date" : "2025-11-04",
    "price" : 349.50,
    "dma50" : 354.19,
    "dma100" : 356.44,
    "dma200" : 359.31,
    "volume" : 749141.00
  }, {
    "date" : "2025-11-06",
    "price" : 347.40,
    "dma50" : 353.92,
    "dma100" : 355.82,
    "dma200" : 359.19,
    "volume" : 459607.00
  }, {
    "date" : "2025-11-07",
    "price" : 350.40,
    "dma50" : 353.79,
    "dma100" : 355.34,
    "dma200" : 359.11,
    "volume" : 580274.00
  }, {
    "date" : "2025-11-10",
    "price" : 349.75,
    "dma50" : 353.63,
    "dma100" : 354.91,
    "dma200" : 359.01,
    "volume" : 348025.00
  }, {
    "date" : "2025-11-11",
    "price" : 345.10,
    "dma50" : 353.29,
    "dma100" : 354.48,
    "dma200" : 358.88,
    "volume" : 185057.00
  }, {
    "date" : "2025-11-12",
    "price" : 350.05,
    "dma50" : 353.17,
    "dma100" : 354.09,
    "dma200" : 358.79,
    "volume" : 306542.00
  }, {
    "date" : "2025-11-13",
    "price" : 348.60,
    "dma50" : 352.99,
    "dma100" : 353.76,
    "dma200" : 358.69,
    "volume" : 249889.00
  }, {
    "date" : "2025-11-14",
    "price" : 360.00,
    "dma50" : 353.26,
    "dma100" : 353.50,
    "dma200" : 358.70,
    "volume" : 280621.00
  }, {
    "date" : "2025-11-17",
    "price" : 352.80,
    "dma50" : 353.24,
    "dma100" : 353.19,
    "dma200" : 358.64,
    "volume" : 118496.00
  }, {
    "date" : "2025-11-18",
    "price" : 351.30,
    "dma50" : 353.17,
    "dma100" : 352.92,
    "dma200" : 358.57,
    "volume" : 59263.00
  }, {
    "date" : "2025-11-19",
    "price" : 350.50,
    "dma50" : 353.06,
    "dma100" : 352.68,
    "dma200" : 358.49,
    "volume" : 94568.00
  }, {
    "date" : "2025-11-20",
    "price" : 351.00,
    "dma50" : 352.98,
    "dma100" : 352.48,
    "dma200" : 358.41,
    "volume" : 101623.00
  }, {
    "date" : "2025-11-21",
    "price" : 348.45,
    "dma50" : 352.80,
    "dma100" : 352.27,
    "dma200" : 358.31,
    "volume" : 148918.00
  }, {
    "date" : "2025-11-24",
    "price" : 344.85,
    "dma50" : 352.49,
    "dma100" : 352.12,
    "dma200" : 358.18,
    "volume" : 183244.00
  }, {
    "date" : "2025-11-25",
    "price" : 346.65,
    "dma50" : 352.26,
    "dma100" : 351.97,
    "dma200" : 358.07,
    "volume" : 93708.00
  }, {
    "date" : "2025-11-26",
    "price" : 353.20,
    "dma50" : 352.30,
    "dma100" : 351.90,
    "dma200" : 358.02,
    "volume" : 121251.00
  }, {
    "date" : "2025-11-27",
    "price" : 349.95,
    "dma50" : 352.21,
    "dma100" : 351.81,
    "dma200" : 357.94,
    "volume" : 51068.00
  }, {
    "date" : "2025-11-28",
    "price" : 349.80,
    "dma50" : 352.11,
    "dma100" : 351.77,
    "dma200" : 357.86,
    "volume" : 80980.00
  }, {
    "date" : "2025-12-01",
    "price" : 351.65,
    "dma50" : 352.10,
    "dma100" : 351.78,
    "dma200" : 357.79,
    "volume" : 84747.00
  }, {
    "date" : "2025-12-02",
    "price" : 350.95,
    "dma50" : 352.05,
    "dma100" : 351.81,
    "dma200" : 357.73,
    "volume" : 141224.00
  }, {
    "date" : "2025-12-03",
    "price" : 347.15,
    "dma50" : 351.86,
    "dma100" : 351.66,
    "dma200" : 357.62,
    "volume" : 110143.00
  }, {
    "date" : "2025-12-04",
    "price" : 346.75,
    "dma50" : 351.66,
    "dma100" : 351.44,
    "dma200" : 357.51,
    "volume" : 61110.00
  }, {
    "date" : "2025-12-05",
    "price" : 343.85,
    "dma50" : 351.35,
    "dma100" : 351.19,
    "dma200" : 357.38,
    "volume" : 115067.00
  }, {
    "date" : "2025-12-08",
    "price" : 337.90,
    "dma50" : 350.82,
    "dma100" : 350.99,
    "dma200" : 357.18,
    "volume" : 69031.00
  }, {
    "date" : "2025-12-09",
    "price" : 333.65,
    "dma50" : 350.15,
    "dma100" : 350.69,
    "dma200" : 356.95,
    "volume" : 91882.00
  }, {
    "date" : "2025-12-10",
    "price" : 332.35,
    "dma50" : 349.45,
    "dma100" : 350.19,
    "dma200" : 356.70,
    "volume" : 233534.00
  }, {
    "date" : "2025-12-11",
    "price" : 332.00,
    "dma50" : 348.77,
    "dma100" : 349.75,
    "dma200" : 356.46,
    "volume" : 334070.00
  }, {
    "date" : "2025-12-12",
    "price" : 333.65,
    "dma50" : 348.18,
    "dma100" : 349.33,
    "dma200" : 356.23,
    "volume" : 291697.00
  }, {
    "date" : "2025-12-15",
    "price" : 339.30,
    "dma50" : 347.83,
    "dma100" : 349.00,
    "dma200" : 356.06,
    "volume" : 284253.00
  }, {
    "date" : "2025-12-16",
    "price" : 337.55,
    "dma50" : 347.42,
    "dma100" : 348.68,
    "dma200" : 355.88,
    "volume" : 69133.00
  }, {
    "date" : "2025-12-17",
    "price" : 335.55,
    "dma50" : 346.96,
    "dma100" : 348.31,
    "dma200" : 355.68,
    "volume" : 137258.00
  }, {
    "date" : "2025-12-18",
    "price" : 332.35,
    "dma50" : 346.39,
    "dma100" : 347.95,
    "dma200" : 355.44,
    "volume" : 133355.00
  }, {
    "date" : "2025-12-19",
    "price" : 350.45,
    "dma50" : 346.54,
    "dma100" : 347.88,
    "dma200" : 355.39,
    "volume" : 204629.00
  }, {
    "date" : "2025-12-22",
    "price" : 350.40,
    "dma50" : 346.70,
    "dma100" : 348.06,
    "dma200" : 355.34,
    "volume" : 286763.00
  }, {
    "date" : "2025-12-23",
    "price" : 362.00,
    "dma50" : 347.30,
    "dma100" : 348.36,
    "dma200" : 355.41,
    "volume" : 351923.00
  }, {
    "date" : "2025-12-24",
    "price" : 379.75,
    "dma50" : 348.57,
    "dma100" : 348.98,
    "dma200" : 355.65,
    "volume" : 662856.00
  }, {
    "date" : "2025-12-26",
    "price" : 373.30,
    "dma50" : 349.54,
    "dma100" : 349.45,
    "dma200" : 355.83,
    "volume" : 229757.00
  }, {
    "date" : "2025-12-29",
    "price" : 359.30,
    "dma50" : 349.92,
    "dma100" : 349.79,
    "dma200" : 355.86,
    "volume" : 178920.00
  } ],
  "latestTechnicalAttributes" : {
    "date" : "2025-12-29",
    "price" : 359.30,
    "dma50" : 349.92,
    "dma100" : 349.79,
    "dma200" : 355.86,
    "volume" : 178920.00
  },
  "quarterlyResults" : [ {
    "date" : "2005-03-31",
    "sales" : 0.03,
    "salesGrowthYoY" : null,
    "grossProfitMargin" : 100.00,
    "grossProfit" : 0.03,
    "operatingProfitMargin" : -566.67,
    "operatingProfit" : -0.17,
    "netProfitMargin" : 266.67,
    "netProfit" : 0.08
  }, {
    "date" : "2005-06-30",
    "sales" : 0.06,
    "salesGrowthYoY" : null,
    "grossProfitMargin" : 100.00,
    "grossProfit" : 0.06,
    "operatingProfitMargin" : -16.67,
    "operatingProfit" : -0.01,
    "netProfitMargin" : 16.67,
    "netProfit" : 0.01
  }, {
    "date" : "2005-09-30",
    "sales" : 0.10,
    "salesGrowthYoY" : null,
    "grossProfitMargin" : 100.00,
    "grossProfit" : 0.10,
    "operatingProfitMargin" : -10.00,
    "operatingProfit" : -0.01,
    "netProfitMargin" : 0.00,
    "netProfit" : 0.00
  }, {
    "date" : "2005-12-31",
    "sales" : 0.21,
    "salesGrowthYoY" : null,
    "grossProfitMargin" : 100.00,
    "grossProfit" : 0.21,
    "operatingProfitMargin" : 0.00,
    "operatingProfit" : 0.00,
    "netProfitMargin" : 61.90,
    "netProfit" : 0.13
  }, {
    "date" : "2006-03-31",
    "sales" : 0.65,
    "salesGrowthYoY" : 2066.67,
    "grossProfitMargin" : 100.00,
    "grossProfit" : 0.65,
    "operatingProfitMargin" : 3.08,
    "operatingProfit" : 0.02,
    "netProfitMargin" : 93.85,
    "netProfit" : 0.61
  }, {
    "date" : "2006-06-30",
    "sales" : 0.07,
    "salesGrowthYoY" : 16.67,
    "grossProfitMargin" : 100.00,
    "grossProfit" : 0.07,
    "operatingProfitMargin" : -14.29,
    "operatingProfit" : -0.01,
    "netProfitMargin" : 357.14,
    "netProfit" : 0.25
  }, {
    "date" : "2006-09-30",
    "sales" : 0.01,
    "salesGrowthYoY" : -90.00,
    "grossProfitMargin" : 100.00,
    "grossProfit" : 0.01,
    "operatingProfitMargin" : -100.00,
    "operatingProfit" : -0.01,
    "netProfitMargin" : 0.00,
    "netProfit" : 0.00
  }, {
    "date" : "2006-12-31",
    "sales" : 0.14,
    "salesGrowthYoY" : -33.33,
    "grossProfitMargin" : 0.00,
    "grossProfit" : 0.00,
    "operatingProfitMargin" : -7.14,
    "operatingProfit" : -0.01,
    "netProfitMargin" : 650.00,
    "netProfit" : 0.91
  }, {
    "date" : "2007-03-31",
    "sales" : 0.64,
    "salesGrowthYoY" : -1.54,
    "grossProfitMargin" : 0.00,
    "grossProfit" : 0.00,
    "operatingProfitMargin" : -20.31,
    "operatingProfit" : -0.13,
    "netProfitMargin" : -23.44,
    "netProfit" : -0.15
  }, {
    "date" : "2007-06-30",
    "sales" : 0.03,
    "salesGrowthYoY" : -57.14,
    "grossProfitMargin" : 0.00,
    "grossProfit" : 0.00,
    "operatingProfitMargin" : -33.33,
    "operatingProfit" : -0.01,
    "netProfitMargin" : 100.00,
    "netProfit" : 0.03
  }, {
    "date" : "2007-09-30",
    "sales" : 0.07,
    "salesGrowthYoY" : 600.00,
    "grossProfitMargin" : 0.00,
    "grossProfit" : 0.00,
    "operatingProfitMargin" : 0.00,
    "operatingProfit" : 0.00,
    "netProfitMargin" : 14.29,
    "netProfit" : 0.01
  }, {
    "date" : "2007-12-31",
    "sales" : 0.11,
    "salesGrowthYoY" : -21.43,
    "grossProfitMargin" : 9.09,
    "grossProfit" : 0.01,
    "operatingProfitMargin" : -9.09,
    "operatingProfit" : -0.01,
    "netProfitMargin" : 81.82,
    "netProfit" : 0.09
  }, {
    "date" : "2008-03-31",
    "sales" : -0.41,
    "salesGrowthYoY" : -164.06,
    "grossProfitMargin" : 0.00,
    "grossProfit" : -0.00,
    "operatingProfitMargin" : 0.00,
    "operatingProfit" : -0.00,
    "netProfitMargin" : 0.00,
    "netProfit" : -0.00
  }, {
    "date" : "2008-06-30",
    "sales" : 0.04,
    "salesGrowthYoY" : 33.33,
    "grossProfitMargin" : 25.00,
    "grossProfit" : 0.01,
    "operatingProfitMargin" : 0.00,
    "operatingProfit" : 0.00,
    "netProfitMargin" : 250.00,
    "netProfit" : 0.10
  }, {
    "date" : "2008-09-30",
    "sales" : 0.09,
    "salesGrowthYoY" : 28.57,
    "grossProfitMargin" : 0.00,
    "grossProfit" : 0.00,
    "operatingProfitMargin" : 0.00,
    "operatingProfit" : 0.00,
    "netProfitMargin" : 0.00,
    "netProfit" : 0.00
  }, {
    "date" : "2008-12-31",
    "sales" : 0.14,
    "salesGrowthYoY" : 27.27,
    "grossProfitMargin" : 14.29,
    "grossProfit" : 0.02,
    "operatingProfitMargin" : 7.14,
    "operatingProfit" : 0.01,
    "netProfitMargin" : 7.14,
    "netProfit" : 0.01
  }, {
    "date" : "2009-03-31",
    "sales" : 0.07,
    "salesGrowthYoY" : -117.07,
    "grossProfitMargin" : 100.00,
    "grossProfit" : 0.07,
    "operatingProfitMargin" : 85.71,
    "operatingProfit" : 0.06,
    "netProfitMargin" : 85.71,
    "netProfit" : 0.06
  }, {
    "date" : "2009-06-30",
    "sales" : 0.00,
    "salesGrowthYoY" : -100.00,
    "grossProfitMargin" : 0.00,
    "grossProfit" : 0.00,
    "operatingProfitMargin" : 0.00,
    "operatingProfit" : 0.00,
    "netProfitMargin" : 0.00,
    "netProfit" : 0.00
  }, {
    "date" : "2009-09-30",
    "sales" : 0.01,
    "salesGrowthYoY" : -88.89,
    "grossProfitMargin" : 100.00,
    "grossProfit" : 0.01,
    "operatingProfitMargin" : 0.00,
    "operatingProfit" : 0.00,
    "netProfitMargin" : 0.00,
    "netProfit" : 0.00
  }, {
    "date" : "2009-12-31",
    "sales" : 0.21,
    "salesGrowthYoY" : 50.00,
    "grossProfitMargin" : 100.00,
    "grossProfit" : 0.21,
    "operatingProfitMargin" : 95.24,
    "operatingProfit" : 0.20,
    "netProfitMargin" : 95.24,
    "netProfit" : 0.20
  }, {
    "date" : "2010-03-31",
    "sales" : 0.06,
    "salesGrowthYoY" : -14.29,
    "grossProfitMargin" : 100.00,
    "grossProfit" : 0.06,
    "operatingProfitMargin" : 83.33,
    "operatingProfit" : 0.05,
    "netProfitMargin" : 83.33,
    "netProfit" : 0.05
  }, {
    "date" : "2010-06-30",
    "sales" : 0.01,
    "salesGrowthYoY" : 100.00,
    "grossProfitMargin" : 100.00,
    "grossProfit" : 0.01,
    "operatingProfitMargin" : 0.00,
    "operatingProfit" : 0.00,
    "netProfitMargin" : 0.00,
    "netProfit" : 0.00
  }, {
    "date" : "2010-09-30",
    "sales" : 0.07,
    "salesGrowthYoY" : 600.00,
    "grossProfitMargin" : 100.00,
    "grossProfit" : 0.07,
    "operatingProfitMargin" : 100.00,
    "operatingProfit" : 0.07,
    "netProfitMargin" : 100.00,
    "netProfit" : 0.07
  }, {
    "date" : "2010-12-31",
    "sales" : 0.03,
    "salesGrowthYoY" : -85.71,
    "grossProfitMargin" : 100.00,
    "grossProfit" : 0.03,
    "operatingProfitMargin" : 66.67,
    "operatingProfit" : 0.02,
    "netProfitMargin" : 66.67,
    "netProfit" : 0.02
  }, {
    "date" : "2011-03-31",
    "sales" : 0.32,
    "salesGrowthYoY" : 433.33,
    "grossProfitMargin" : 100.00,
    "grossProfit" : 0.32,
    "operatingProfitMargin" : 96.88,
    "operatingProfit" : 0.31,
    "netProfitMargin" : 75.00,
    "netProfit" : 0.24
  }, {
    "date" : "2011-06-30",
    "sales" : 0.00,
    "salesGrowthYoY" : -100.00,
    "grossProfitMargin" : 0.00,
    "grossProfit" : 0.00,
    "operatingProfitMargin" : 0.00,
    "operatingProfit" : 0.00,
    "netProfitMargin" : 0.00,
    "netProfit" : 0.00
  }, {
    "date" : "2011-09-30",
    "sales" : 0.00,
    "salesGrowthYoY" : -100.00,
    "grossProfitMargin" : 0.00,
    "grossProfit" : 0.00,
    "operatingProfitMargin" : 0.00,
    "operatingProfit" : 0.00,
    "netProfitMargin" : 0.00,
    "netProfit" : 0.00
  }, {
    "date" : "2011-12-31",
    "sales" : 0.00,
    "salesGrowthYoY" : -100.00,
    "grossProfitMargin" : 0.00,
    "grossProfit" : 0.00,
    "operatingProfitMargin" : 0.00,
    "operatingProfit" : 0.00,
    "netProfitMargin" : 0.00,
    "netProfit" : 0.00
  }, {
    "date" : "2012-03-31",
    "sales" : 0.02,
    "salesGrowthYoY" : -93.75,
    "grossProfitMargin" : 50.00,
    "grossProfit" : 0.01,
    "operatingProfitMargin" : 0.00,
    "operatingProfit" : 0.00,
    "netProfitMargin" : 0.00,
    "netProfit" : 0.00
  }, {
    "date" : "2012-06-30",
    "sales" : 0.00,
    "salesGrowthYoY" : 0.00,
    "grossProfitMargin" : 0.00,
    "grossProfit" : 0.00,
    "operatingProfitMargin" : 0.00,
    "operatingProfit" : 0.00,
    "netProfitMargin" : 0.00,
    "netProfit" : 0.00
  }, {
    "date" : "2012-09-30",
    "sales" : 0.00,
    "salesGrowthYoY" : 0.00,
    "grossProfitMargin" : 0.00,
    "grossProfit" : 0.00,
    "operatingProfitMargin" : 0.00,
    "operatingProfit" : 0.00,
    "netProfitMargin" : 0.00,
    "netProfit" : 0.00
  }, {
    "date" : "2012-12-31",
    "sales" : 0.00,
    "salesGrowthYoY" : 0.00,
    "grossProfitMargin" : 0.00,
    "grossProfit" : 0.00,
    "operatingProfitMargin" : 0.00,
    "operatingProfit" : 0.00,
    "netProfitMargin" : 0.00,
    "netProfit" : 0.00
  }, {
    "date" : "2013-03-31",
    "sales" : 0.03,
    "salesGrowthYoY" : 50.00,
    "grossProfitMargin" : 33.33,
    "grossProfit" : 0.01,
    "operatingProfitMargin" : 33.33,
    "operatingProfit" : 0.01,
    "netProfitMargin" : 33.33,
    "netProfit" : 0.01
  }, {
    "date" : "2013-06-30",
    "sales" : 0.00,
    "salesGrowthYoY" : 0.00,
    "grossProfitMargin" : 0.00,
    "grossProfit" : 0.00,
    "operatingProfitMargin" : 0.00,
    "operatingProfit" : 0.00,
    "netProfitMargin" : 0.00,
    "netProfit" : 0.00
  }, {
    "date" : "2013-09-30",
    "sales" : 0.01,
    "salesGrowthYoY" : 100.00,
    "grossProfitMargin" : 0.00,
    "grossProfit" : 0.00,
    "operatingProfitMargin" : 0.00,
    "operatingProfit" : 0.00,
    "netProfitMargin" : 0.00,
    "netProfit" : 0.00
  }, {
    "date" : "2013-12-31",
    "sales" : 0.01,
    "salesGrowthYoY" : 100.00,
    "grossProfitMargin" : 0.00,
    "grossProfit" : 0.00,
    "operatingProfitMargin" : 0.00,
    "operatingProfit" : 0.00,
    "netProfitMargin" : 0.00,
    "netProfit" : 0.00
  }, {
    "date" : "2014-03-31",
    "sales" : 0.00,
    "salesGrowthYoY" : -100.00,
    "grossProfitMargin" : 0.00,
    "grossProfit" : 0.00,
    "operatingProfitMargin" : 0.00,
    "operatingProfit" : 0.00,
    "netProfitMargin" : 0.00,
    "netProfit" : 0.00
  }, {
    "date" : "2014-06-30",
    "sales" : 0.00,
    "salesGrowthYoY" : 0.00,
    "grossProfitMargin" : 0.00,
    "grossProfit" : 0.00,
    "operatingProfitMargin" : 0.00,
    "operatingProfit" : 0.00,
    "netProfitMargin" : 0.00,
    "netProfit" : 0.00
  }, {
    "date" : "2014-09-30",
    "sales" : 0.01,
    "salesGrowthYoY" : 0.00,
    "grossProfitMargin" : 0.00,
    "grossProfit" : 0.00,
    "operatingProfitMargin" : -100.00,
    "operatingProfit" : -0.01,
    "netProfitMargin" : -100.00,
    "netProfit" : -0.01
  }, {
    "date" : "2014-12-31",
    "sales" : 0.01,
    "salesGrowthYoY" : 0.00,
    "grossProfitMargin" : 0.00,
    "grossProfit" : 0.00,
    "operatingProfitMargin" : 0.00,
    "operatingProfit" : 0.00,
    "netProfitMargin" : 0.00,
    "netProfit" : 0.00
  }, {
    "date" : "2015-03-31",
    "sales" : 0.03,
    "salesGrowthYoY" : 100.00,
    "grossProfitMargin" : 100.00,
    "grossProfit" : 0.03,
    "operatingProfitMargin" : 33.33,
    "operatingProfit" : 0.01,
    "netProfitMargin" : 33.33,
    "netProfit" : 0.01
  }, {
    "date" : "2015-06-30",
    "sales" : 0.00,
    "salesGrowthYoY" : 0.00,
    "grossProfitMargin" : 0.00,
    "grossProfit" : 0.00,
    "operatingProfitMargin" : 0.00,
    "operatingProfit" : 0.00,
    "netProfitMargin" : 0.00,
    "netProfit" : 0.00
  }, {
    "date" : "2015-09-30",
    "sales" : 0.00,
    "salesGrowthYoY" : -100.00,
    "grossProfitMargin" : 0.00,
    "grossProfit" : 0.00,
    "operatingProfitMargin" : 0.00,
    "operatingProfit" : 0.00,
    "netProfitMargin" : 0.00,
    "netProfit" : 0.00
  }, {
    "date" : "2015-12-31",
    "sales" : 0.00,
    "salesGrowthYoY" : -100.00,
    "grossProfitMargin" : 0.00,
    "grossProfit" : 0.00,
    "operatingProfitMargin" : 0.00,
    "operatingProfit" : 0.00,
    "netProfitMargin" : 0.00,
    "netProfit" : 0.00
  }, {
    "date" : "2016-03-31",
    "sales" : 0.00,
    "salesGrowthYoY" : -100.00,
    "grossProfitMargin" : 0.00,
    "grossProfit" : 0.00,
    "operatingProfitMargin" : 0.00,
    "operatingProfit" : 0.00,
    "netProfitMargin" : 0.00,
    "netProfit" : 0.00
  }, {
    "date" : "2016-06-30",
    "sales" : 0.00,
    "salesGrowthYoY" : 0.00,
    "grossProfitMargin" : 0.00,
    "grossProfit" : 0.00,
    "operatingProfitMargin" : 0.00,
    "operatingProfit" : 0.00,
    "netProfitMargin" : 0.00,
    "netProfit" : 0.00
  }, {
    "date" : "2016-09-30",
    "sales" : 0.00,
    "salesGrowthYoY" : 0.00,
    "grossProfitMargin" : 0.00,
    "grossProfit" : 0.00,
    "operatingProfitMargin" : 0.00,
    "operatingProfit" : 0.00,
    "netProfitMargin" : 0.00,
    "netProfit" : 0.00
  }, {
    "date" : "2016-12-31",
    "sales" : 0.17,
    "salesGrowthYoY" : 100.00,
    "grossProfitMargin" : 100.00,
    "grossProfit" : 0.17,
    "operatingProfitMargin" : 76.47,
    "operatingProfit" : 0.13,
    "netProfitMargin" : 88.24,
    "netProfit" : 0.15
  }, {
    "date" : "2017-03-31",
    "sales" : 0.29,
    "salesGrowthYoY" : 100.00,
    "grossProfitMargin" : 58.62,
    "grossProfit" : 0.17,
    "operatingProfitMargin" : 27.59,
    "operatingProfit" : 0.08,
    "netProfitMargin" : 41.38,
    "netProfit" : 0.12
  }, {
    "date" : "2017-06-30",
    "sales" : 0.33,
    "salesGrowthYoY" : 100.00,
    "grossProfitMargin" : 15.15,
    "grossProfit" : 0.05,
    "operatingProfitMargin" : 6.06,
    "operatingProfit" : 0.02,
    "netProfitMargin" : 21.21,
    "netProfit" : 0.07
  }, {
    "date" : "2017-09-30",
    "sales" : 0.13,
    "salesGrowthYoY" : 100.00,
    "grossProfitMargin" : 7.69,
    "grossProfit" : 0.01,
    "operatingProfitMargin" : -15.38,
    "operatingProfit" : -0.02,
    "netProfitMargin" : 23.08,
    "netProfit" : 0.03
  }, {
    "date" : "2017-12-31",
    "sales" : 0.00,
    "salesGrowthYoY" : -100.00,
    "grossProfitMargin" : 0.00,
    "grossProfit" : 0.00,
    "operatingProfitMargin" : 0.00,
    "operatingProfit" : 0.00,
    "netProfitMargin" : 0.00,
    "netProfit" : 0.00
  }, {
    "date" : "2018-03-31",
    "sales" : 0.29,
    "salesGrowthYoY" : 0.00,
    "grossProfitMargin" : 100.00,
    "grossProfit" : 0.29,
    "operatingProfitMargin" : 3.45,
    "operatingProfit" : 0.01,
    "netProfitMargin" : 17.24,
    "netProfit" : 0.05
  }, {
    "date" : "2018-06-30",
    "sales" : 0.00,
    "salesGrowthYoY" : -100.00,
    "grossProfitMargin" : 0.00,
    "grossProfit" : 0.00,
    "operatingProfitMargin" : 0.00,
    "operatingProfit" : 0.00,
    "netProfitMargin" : 0.00,
    "netProfit" : 0.00
  }, {
    "date" : "2018-09-30",
    "sales" : 0.00,
    "salesGrowthYoY" : -100.00,
    "grossProfitMargin" : 0.00,
    "grossProfit" : 0.00,
    "operatingProfitMargin" : 0.00,
    "operatingProfit" : 0.00,
    "netProfitMargin" : 0.00,
    "netProfit" : 0.00
  }, {
    "date" : "2018-12-31",
    "sales" : 0.30,
    "salesGrowthYoY" : 100.00,
    "grossProfitMargin" : 20.00,
    "grossProfit" : 0.06,
    "operatingProfitMargin" : 6.67,
    "operatingProfit" : 0.02,
    "netProfitMargin" : 20.00,
    "netProfit" : 0.06
  }, {
    "date" : "2019-03-31",
    "sales" : 0.66,
    "salesGrowthYoY" : 127.59,
    "grossProfitMargin" : 24.24,
    "grossProfit" : 0.16,
    "operatingProfitMargin" : 4.55,
    "operatingProfit" : 0.03,
    "netProfitMargin" : 3.03,
    "netProfit" : 0.02
  }, {
    "date" : "2019-06-30",
    "sales" : 0.00,
    "salesGrowthYoY" : 0.00,
    "grossProfitMargin" : 0.00,
    "grossProfit" : 0.00,
    "operatingProfitMargin" : 0.00,
    "operatingProfit" : 0.00,
    "netProfitMargin" : 0.00,
    "netProfit" : 0.00
  }, {
    "date" : "2019-09-30",
    "sales" : 0.00,
    "salesGrowthYoY" : 0.00,
    "grossProfitMargin" : 0.00,
    "grossProfit" : 0.00,
    "operatingProfitMargin" : 0.00,
    "operatingProfit" : 0.00,
    "netProfitMargin" : 0.00,
    "netProfit" : 0.00
  }, {
    "date" : "2019-12-31",
    "sales" : 0.00,
    "salesGrowthYoY" : -100.00,
    "grossProfitMargin" : 0.00,
    "grossProfit" : 0.00,
    "operatingProfitMargin" : 0.00,
    "operatingProfit" : 0.00,
    "netProfitMargin" : 0.00,
    "netProfit" : 0.00
  }, {
    "date" : "2020-03-31",
    "sales" : 0.14,
    "salesGrowthYoY" : -78.79,
    "grossProfitMargin" : 92.86,
    "grossProfit" : 0.13,
    "operatingProfitMargin" : 78.57,
    "operatingProfit" : 0.11,
    "netProfitMargin" : 128.57,
    "netProfit" : 0.18
  }, {
    "date" : "2020-06-30",
    "sales" : 0.53,
    "salesGrowthYoY" : 100.00,
    "grossProfitMargin" : -15.09,
    "grossProfit" : -0.08,
    "operatingProfitMargin" : -22.64,
    "operatingProfit" : -0.12,
    "netProfitMargin" : 5.66,
    "netProfit" : 0.03
  }, {
    "date" : "2020-09-30",
    "sales" : 0.04,
    "salesGrowthYoY" : 100.00,
    "grossProfitMargin" : 25.00,
    "grossProfit" : 0.01,
    "operatingProfitMargin" : -150.00,
    "operatingProfit" : -0.06,
    "netProfitMargin" : 225.00,
    "netProfit" : 0.09
  }, {
    "date" : "2020-12-31",
    "sales" : 0.00,
    "salesGrowthYoY" : 0.00,
    "grossProfitMargin" : 0.00,
    "grossProfit" : 0.00,
    "operatingProfitMargin" : 0.00,
    "operatingProfit" : 0.00,
    "netProfitMargin" : 0.00,
    "netProfit" : 0.00
  }, {
    "date" : "2021-03-31",
    "sales" : 5.74,
    "salesGrowthYoY" : 4000.00,
    "grossProfitMargin" : 2.44,
    "grossProfit" : 0.14,
    "operatingProfitMargin" : 1.22,
    "operatingProfit" : 0.07,
    "netProfitMargin" : 2.09,
    "netProfit" : 0.12
  }, {
    "date" : "2021-06-30",
    "sales" : 0.03,
    "salesGrowthYoY" : -94.34,
    "grossProfitMargin" : 0.00,
    "grossProfit" : 0.00,
    "operatingProfitMargin" : -133.33,
    "operatingProfit" : -0.04,
    "netProfitMargin" : 100.00,
    "netProfit" : 0.03
  }, {
    "date" : "2021-09-30",
    "sales" : 0.00,
    "salesGrowthYoY" : -100.00,
    "grossProfitMargin" : 0.00,
    "grossProfit" : 0.00,
    "operatingProfitMargin" : 0.00,
    "operatingProfit" : 0.00,
    "netProfitMargin" : 0.00,
    "netProfit" : 0.00
  }, {
    "date" : "2021-12-31",
    "sales" : 0.01,
    "salesGrowthYoY" : 100.00,
    "grossProfitMargin" : 0.00,
    "grossProfit" : 0.00,
    "operatingProfitMargin" : -400.00,
    "operatingProfit" : -0.04,
    "netProfitMargin" : 300.00,
    "netProfit" : 0.03
  }, {
    "date" : "2022-03-31",
    "sales" : 0.00,
    "salesGrowthYoY" : -100.00,
    "grossProfitMargin" : 0.00,
    "grossProfit" : 0.00,
    "operatingProfitMargin" : 0.00,
    "operatingProfit" : 0.00,
    "netProfitMargin" : 0.00,
    "netProfit" : 0.00
  }, {
    "date" : "2022-06-30",
    "sales" : 0.00,
    "salesGrowthYoY" : -100.00,
    "grossProfitMargin" : 0.00,
    "grossProfit" : 0.00,
    "operatingProfitMargin" : 0.00,
    "operatingProfit" : 0.00,
    "netProfitMargin" : 0.00,
    "netProfit" : 0.00
  }, {
    "date" : "2022-09-30",
    "sales" : 0.00,
    "salesGrowthYoY" : 0.00,
    "grossProfitMargin" : 0.00,
    "grossProfit" : 0.00,
    "operatingProfitMargin" : 0.00,
    "operatingProfit" : 0.00,
    "netProfitMargin" : 0.00,
    "netProfit" : 0.00
  }, {
    "date" : "2022-12-31",
    "sales" : 1.56,
    "salesGrowthYoY" : 15500.00,
    "grossProfitMargin" : 0.00,
    "grossProfit" : 0.00,
    "operatingProfitMargin" : -8.33,
    "operatingProfit" : -0.13,
    "netProfitMargin" : 0.00,
    "netProfit" : 0.00
  }, {
    "date" : "2023-03-31",
    "sales" : 0.00,
    "salesGrowthYoY" : 0.00,
    "grossProfitMargin" : 0.00,
    "grossProfit" : 0.00,
    "operatingProfitMargin" : 0.00,
    "operatingProfit" : 0.00,
    "netProfitMargin" : 0.00,
    "netProfit" : 0.00
  }, {
    "date" : "2023-06-30",
    "sales" : 150.86,
    "salesGrowthYoY" : 100.00,
    "grossProfitMargin" : 1.99,
    "grossProfit" : 3.00,
    "operatingProfitMargin" : 1.21,
    "operatingProfit" : 1.83,
    "netProfitMargin" : 0.85,
    "netProfit" : 1.28
  }, {
    "date" : "2023-09-30",
    "sales" : 506.24,
    "salesGrowthYoY" : 100.00,
    "grossProfitMargin" : 2.45,
    "grossProfit" : 12.40,
    "operatingProfitMargin" : 2.22,
    "operatingProfit" : 11.24,
    "netProfitMargin" : 1.77,
    "netProfit" : 8.96
  }, {
    "date" : "2023-12-31",
    "sales" : 748.26,
    "salesGrowthYoY" : 47865.38,
    "grossProfitMargin" : 2.61,
    "grossProfit" : 19.53,
    "operatingProfitMargin" : 2.28,
    "operatingProfit" : 17.06,
    "netProfitMargin" : 2.30,
    "netProfit" : 17.21
  }, {
    "date" : "2024-03-31",
    "sales" : 1277.54,
    "salesGrowthYoY" : 100.00,
    "grossProfitMargin" : 3.07,
    "grossProfit" : 39.22,
    "operatingProfitMargin" : 2.49,
    "operatingProfit" : 31.81,
    "netProfitMargin" : 2.63,
    "netProfit" : 33.60
  }, {
    "date" : "2024-06-30",
    "sales" : 1136.96,
    "salesGrowthYoY" : 653.65,
    "grossProfitMargin" : 3.63,
    "grossProfit" : 41.27,
    "operatingProfitMargin" : 2.15,
    "operatingProfit" : 24.44,
    "netProfitMargin" : 2.40,
    "netProfit" : 27.29
  }, {
    "date" : "2024-09-30",
    "sales" : 1763.86,
    "salesGrowthYoY" : 248.42,
    "grossProfitMargin" : 1.68,
    "grossProfit" : 29.63,
    "operatingProfitMargin" : 0.82,
    "operatingProfit" : 14.46,
    "netProfitMargin" : 0.95,
    "netProfit" : 16.76
  }, {
    "date" : "2024-12-31",
    "sales" : 1281.96,
    "salesGrowthYoY" : 71.33,
    "grossProfitMargin" : 2.83,
    "grossProfit" : 36.28,
    "operatingProfitMargin" : 1.58,
    "operatingProfit" : 20.25,
    "netProfitMargin" : 2.16,
    "netProfit" : 27.69
  }, {
    "date" : "2025-03-31",
    "sales" : 1350.22,
    "salesGrowthYoY" : 5.69,
    "grossProfitMargin" : 3.41,
    "grossProfit" : 46.04,
    "operatingProfitMargin" : 1.82,
    "operatingProfit" : 24.57,
    "netProfitMargin" : 1.65,
    "netProfit" : 22.28
  }, {
    "date" : "2025-06-30",
    "sales" : 1036.94,
    "salesGrowthYoY" : -8.80,
    "grossProfitMargin" : 4.57,
    "grossProfit" : 47.39,
    "operatingProfitMargin" : 2.93,
    "operatingProfit" : 30.38,
    "netProfitMargin" : 2.83,
    "netProfit" : 29.35
  }, {
    "date" : "2025-09-30",
    "sales" : 1508.22,
    "salesGrowthYoY" : -14.49,
    "grossProfitMargin" : 2.27,
    "grossProfit" : 34.24,
    "operatingProfitMargin" : 0.98,
    "operatingProfit" : 14.78,
    "netProfitMargin" : 1.11,
    "netProfit" : 16.74
  } ],
  "latestQuarterlyResult" : {
    "date" : "2025-09-30",
    "sales" : 1508.22,
    "salesGrowthYoY" : -14.49,
    "grossProfitMargin" : 2.27,
    "grossProfit" : 34.24,
    "operatingProfitMargin" : 0.98,
    "operatingProfit" : 14.78,
    "netProfitMargin" : 1.11,
    "netProfit" : 16.74
  },
  "companyScore" : {
    "priceHigherThanDma50" : 5.00,
    "priceHigherThanDma100" : 5.00,
    "priceHigherThanDma200" : 5.00,
    "dma50HigherThanDma100" : 5.00,
    "dma50HigherThanDma200" : 0.00,
    "dma100HigherThanDma200" : 0.00,
    "pricePercentageAboveDma50" : 4.87,
    "pricePercentageAboveDma100" : 4.86,
    "pricePercentageAboveDma200" : 4.95,
    "weeklyVolumeHigherThanYearlyVolume" : 5.00,
    "salesGrowthPercentile" : 6.84,
    "operatingProfitMarginPercentile" : 17.03,
    "netProfitMarginPercentile" : 5.30,
    "totalTechnicalScore" : 39.68,
    "totalFundamentalScore" : 29.17,
    "totalScore" : 68.85
  }
}