{
  "metadata" : {
    "screenerCompanyId" : "3095",
    "companyCode" : "SJVN",
    "companyName" : "SJVN",
    "screenerCompanyLink" : "https://www.screener.in/company/SJVN/consolidated/",
    "screenerTechnicalHistoryLink" : "https://www.screener.in/api/company/3095/chart/?q=Price-DMA50-DMA200-Volume&days=365",
    "screenerQuarterlyResultsLink" : "https://www.screener.in/api/company/3095/chart/?q=GPM-OPM-NPM-Quarter+Sales&days=10000",
    "attributes" : {
      "companyCode" : "SJVN",
      "companyName" : "SJVN",
      "marketCap" : 30084.00,
      "peRatio" : 47.60,
      "description" : "SJVN(Satluj Jal Vidyut Nigam) is engaged in the business of Electricity generation. The company is also engaged in the business of providing consultancy for hydro-power projects. SJVN was declared Navaratna status in Aug,24.[1]"
    },
    "companyScore" : {
      "priceHigherThanDma50" : 5.00,
      "priceHigherThanDma100" : 0.00,
      "priceHigherThanDma200" : 0.00,
      "dma50HigherThanDma100" : 0.00,
      "dma50HigherThanDma200" : 0.00,
      "dma100HigherThanDma200" : 0.00,
      "pricePercentageAboveDma50" : 4.97,
      "pricePercentageAboveDma100" : 5.24,
      "pricePercentageAboveDma200" : 5.57,
      "weeklyVolumeHigherThanYearlyVolume" : 5.00,
      "salesGrowthPercentile" : 17.78,
      "operatingProfitMarginPercentile" : 13.20,
      "netProfitMarginPercentile" : 2.61,
      "totalTechnicalScore" : 25.77,
      "totalFundamentalScore" : 33.59,
      "totalScore" : 59.37
    }
  },
  "attributes" : {
    "companyCode" : "SJVN",
    "companyName" : "SJVN",
    "marketCap" : 30084.00,
    "peRatio" : 47.60,
    "description" : "SJVN(Satluj Jal Vidyut Nigam) is engaged in the business of Electricity generation. The company is also engaged in the business of providing consultancy for hydro-power projects. SJVN was declared Navaratna status in Aug,24.[1]"
  },
  "technicalHistory" : [ {
    "date" : "2025-02-14",
    "price" : 89.75,
    "dma50" : 100.64,
    "dma100" : null,
    "dma200" : 112.10,
    "volume" : 12175580.00
  }, {
    "date" : "2025-02-17",
    "price" : 88.62,
    "dma50" : 100.17,
    "dma100" : null,
    "dma200" : 111.87,
    "volume" : 9667046.00
  }, {
    "date" : "2025-02-18",
    "price" : 89.51,
    "dma50" : 99.75,
    "dma100" : null,
    "dma200" : 111.65,
    "volume" : 8820539.00
  }, {
    "date" : "2025-02-19",
    "price" : 89.98,
    "dma50" : 99.37,
    "dma100" : null,
    "dma200" : 111.43,
    "volume" : 7403617.00
  }, {
    "date" : "2025-02-20",
    "price" : 93.92,
    "dma50" : 99.16,
    "dma100" : null,
    "dma200" : 111.26,
    "volume" : 10331878.00
  }, {
    "date" : "2025-02-21",
    "price" : 92.99,
    "dma50" : 98.91,
    "dma100" : null,
    "dma200" : 111.08,
    "volume" : 9549900.00
  }, {
    "date" : "2025-02-24",
    "price" : 90.78,
    "dma50" : 98.59,
    "dma100" : null,
    "dma200" : 110.87,
    "volume" : 5106484.00
  }, {
    "date" : "2025-02-25",
    "price" : 89.53,
    "dma50" : 98.24,
    "dma100" : null,
    "dma200" : 110.66,
    "volume" : 6695719.00
  }, {
    "date" : "2025-02-27",
    "price" : 87.98,
    "dma50" : 97.84,
    "dma100" : null,
    "dma200" : 110.44,
    "volume" : 6934653.00
  }, {
    "date" : "2025-02-28",
    "price" : 84.11,
    "dma50" : 97.30,
    "dma100" : null,
    "dma200" : 110.17,
    "volume" : 9222257.00
  }, {
    "date" : "2025-03-03",
    "price" : 82.00,
    "dma50" : 96.70,
    "dma100" : null,
    "dma200" : 109.89,
    "volume" : 10137264.00
  }, {
    "date" : "2025-03-04",
    "price" : 82.90,
    "dma50" : 96.16,
    "dma100" : null,
    "dma200" : 109.63,
    "volume" : 8389087.00
  }, {
    "date" : "2025-03-05",
    "price" : 86.58,
    "dma50" : 95.78,
    "dma100" : null,
    "dma200" : 109.40,
    "volume" : 9417732.00
  }, {
    "date" : "2025-03-06",
    "price" : 87.45,
    "dma50" : 95.46,
    "dma100" : null,
    "dma200" : 109.18,
    "volume" : 7202139.00
  }, {
    "date" : "2025-03-07",
    "price" : 87.76,
    "dma50" : 95.15,
    "dma100" : null,
    "dma200" : 108.96,
    "volume" : 6837420.00
  }, {
    "date" : "2025-03-10",
    "price" : 85.80,
    "dma50" : 94.79,
    "dma100" : null,
    "dma200" : 108.73,
    "volume" : 6441798.00
  }, {
    "date" : "2025-03-11",
    "price" : 86.08,
    "dma50" : 94.45,
    "dma100" : null,
    "dma200" : 108.51,
    "volume" : 5999520.00
  }, {
    "date" : "2025-03-12",
    "price" : 86.34,
    "dma50" : 94.13,
    "dma100" : null,
    "dma200" : 108.29,
    "volume" : 6983350.00
  }, {
    "date" : "2025-03-13",
    "price" : 85.42,
    "dma50" : 93.79,
    "dma100" : null,
    "dma200" : 108.06,
    "volume" : 3809653.00
  }, {
    "date" : "2025-03-17",
    "price" : 86.26,
    "dma50" : 93.49,
    "dma100" : null,
    "dma200" : 107.84,
    "volume" : 5168572.00
  }, {
    "date" : "2025-03-18",
    "price" : 87.86,
    "dma50" : 93.27,
    "dma100" : null,
    "dma200" : 107.64,
    "volume" : 5585020.00
  }, {
    "date" : "2025-03-19",
    "price" : 91.71,
    "dma50" : 93.21,
    "dma100" : null,
    "dma200" : 107.49,
    "volume" : 9654175.00
  }, {
    "date" : "2025-03-20",
    "price" : 91.07,
    "dma50" : 93.12,
    "dma100" : null,
    "dma200" : 107.32,
    "volume" : 5837445.00
  }, {
    "date" : "2025-03-21",
    "price" : 95.23,
    "dma50" : 93.21,
    "dma100" : null,
    "dma200" : 107.20,
    "volume" : 23014022.00
  }, {
    "date" : "2025-03-24",
    "price" : 96.93,
    "dma50" : 93.35,
    "dma100" : null,
    "dma200" : 107.10,
    "volume" : 10226884.00
  }, {
    "date" : "2025-03-25",
    "price" : 93.50,
    "dma50" : 93.36,
    "dma100" : null,
    "dma200" : 106.97,
    "volume" : 9243461.00
  }, {
    "date" : "2025-03-26",
    "price" : 91.53,
    "dma50" : 93.29,
    "dma100" : null,
    "dma200" : 106.81,
    "volume" : 7820348.00
  }, {
    "date" : "2025-03-27",
    "price" : 92.38,
    "dma50" : 93.25,
    "dma100" : null,
    "dma200" : 106.67,
    "volume" : 10162675.00
  }, {
    "date" : "2025-03-28",
    "price" : 91.59,
    "dma50" : 93.19,
    "dma100" : null,
    "dma200" : 106.52,
    "volume" : 13076800.00
  }, {
    "date" : "2025-04-01",
    "price" : 91.29,
    "dma50" : 93.11,
    "dma100" : null,
    "dma200" : 106.37,
    "volume" : 6757767.00
  }, {
    "date" : "2025-04-02",
    "price" : 93.32,
    "dma50" : 93.12,
    "dma100" : null,
    "dma200" : 106.24,
    "volume" : 7351204.00
  }, {
    "date" : "2025-04-03",
    "price" : 95.77,
    "dma50" : 93.22,
    "dma100" : null,
    "dma200" : 106.13,
    "volume" : 9033114.00
  }, {
    "date" : "2025-04-04",
    "price" : 92.42,
    "dma50" : 93.19,
    "dma100" : null,
    "dma200" : 106.00,
    "volume" : 7354568.00
  }, {
    "date" : "2025-04-07",
    "price" : 88.91,
    "dma50" : 93.02,
    "dma100" : null,
    "dma200" : 105.83,
    "volume" : 6891861.00
  }, {
    "date" : "2025-04-08",
    "price" : 90.60,
    "dma50" : 92.93,
    "dma100" : null,
    "dma200" : 105.67,
    "volume" : 4404035.00
  }, {
    "date" : "2025-04-09",
    "price" : 90.03,
    "dma50" : 92.82,
    "dma100" : null,
    "dma200" : 105.52,
    "volume" : 2884543.00
  }, {
    "date" : "2025-04-11",
    "price" : 91.43,
    "dma50" : 92.76,
    "dma100" : null,
    "dma200" : 105.38,
    "volume" : 3565277.00
  }, {
    "date" : "2025-04-15",
    "price" : 94.11,
    "dma50" : 92.81,
    "dma100" : null,
    "dma200" : 105.27,
    "volume" : 4917497.00
  }, {
    "date" : "2025-04-16",
    "price" : 95.03,
    "dma50" : 92.90,
    "dma100" : null,
    "dma200" : 105.16,
    "volume" : 6645763.00
  }, {
    "date" : "2025-04-17",
    "price" : 94.18,
    "dma50" : 92.95,
    "dma100" : null,
    "dma200" : 105.06,
    "volume" : 5411468.00
  }, {
    "date" : "2025-04-21",
    "price" : 95.87,
    "dma50" : 93.07,
    "dma100" : null,
    "dma200" : 104.96,
    "volume" : 6786170.00
  }, {
    "date" : "2025-04-22",
    "price" : 99.10,
    "dma50" : 93.30,
    "dma100" : null,
    "dma200" : 104.91,
    "volume" : 25331357.00
  }, {
    "date" : "2025-04-23",
    "price" : 100.01,
    "dma50" : 93.57,
    "dma100" : null,
    "dma200" : 104.86,
    "volume" : 11532422.00
  }, {
    "date" : "2025-04-24",
    "price" : 98.77,
    "dma50" : 93.77,
    "dma100" : null,
    "dma200" : 104.80,
    "volume" : 11971427.00
  }, {
    "date" : "2025-04-25",
    "price" : 96.64,
    "dma50" : 93.88,
    "dma100" : null,
    "dma200" : 104.72,
    "volume" : 13042558.00
  }, {
    "date" : "2025-04-28",
    "price" : 98.01,
    "dma50" : 94.04,
    "dma100" : null,
    "dma200" : 104.65,
    "volume" : 6233996.00
  }, {
    "date" : "2025-04-29",
    "price" : 96.77,
    "dma50" : 94.15,
    "dma100" : null,
    "dma200" : 104.57,
    "volume" : 5730176.00
  }, {
    "date" : "2025-04-30",
    "price" : 94.03,
    "dma50" : 94.15,
    "dma100" : null,
    "dma200" : 104.47,
    "volume" : 5023700.00
  }, {
    "date" : "2025-05-02",
    "price" : 93.37,
    "dma50" : 94.12,
    "dma100" : null,
    "dma200" : 104.35,
    "volume" : 5201854.00
  }, {
    "date" : "2025-05-05",
    "price" : 94.13,
    "dma50" : 94.12,
    "dma100" : null,
    "dma200" : 104.25,
    "volume" : 4416327.00
  }, {
    "date" : "2025-05-06",
    "price" : 90.22,
    "dma50" : 93.96,
    "dma100" : null,
    "dma200" : 104.11,
    "volume" : 5248787.00
  }, {
    "date" : "2025-05-07",
    "price" : 91.85,
    "dma50" : 93.88,
    "dma100" : null,
    "dma200" : 103.99,
    "volume" : 6062517.00
  }, {
    "date" : "2025-05-08",
    "price" : 89.35,
    "dma50" : 93.70,
    "dma100" : null,
    "dma200" : 103.85,
    "volume" : 4227325.00
  }, {
    "date" : "2025-05-09",
    "price" : 88.91,
    "dma50" : 93.52,
    "dma100" : null,
    "dma200" : 103.70,
    "volume" : 6442040.00
  }, {
    "date" : "2025-05-12",
    "price" : 96.48,
    "dma50" : 93.63,
    "dma100" : null,
    "dma200" : 103.63,
    "volume" : 9232746.00
  }, {
    "date" : "2025-05-13",
    "price" : 95.92,
    "dma50" : 93.72,
    "dma100" : null,
    "dma200" : 103.55,
    "volume" : 5403907.00
  }, {
    "date" : "2025-05-14",
    "price" : 98.69,
    "dma50" : 93.92,
    "dma100" : null,
    "dma200" : 103.50,
    "volume" : 8810693.00
  }, {
    "date" : "2025-05-15",
    "price" : 98.35,
    "dma50" : 94.09,
    "dma100" : null,
    "dma200" : 103.45,
    "volume" : 6461329.00
  }, {
    "date" : "2025-05-16",
    "price" : 104.20,
    "dma50" : 94.49,
    "dma100" : null,
    "dma200" : 103.46,
    "volume" : 28165062.00
  }, {
    "date" : "2025-05-19",
    "price" : 105.14,
    "dma50" : 94.90,
    "dma100" : null,
    "dma200" : 103.47,
    "volume" : 13982237.00
  }, {
    "date" : "2025-05-20",
    "price" : 101.55,
    "dma50" : 95.16,
    "dma100" : null,
    "dma200" : 103.45,
    "volume" : 7249347.00
  }, {
    "date" : "2025-05-21",
    "price" : 101.05,
    "dma50" : 95.40,
    "dma100" : null,
    "dma200" : 103.43,
    "volume" : 9604493.00
  }, {
    "date" : "2025-05-22",
    "price" : 101.04,
    "dma50" : 95.62,
    "dma100" : null,
    "dma200" : 103.41,
    "volume" : 5225157.00
  }, {
    "date" : "2025-05-23",
    "price" : 100.36,
    "dma50" : 95.80,
    "dma100" : null,
    "dma200" : 103.38,
    "volume" : 5896987.00
  }, {
    "date" : "2025-05-26",
    "price" : 101.97,
    "dma50" : 96.04,
    "dma100" : null,
    "dma200" : 103.36,
    "volume" : 5628481.00
  }, {
    "date" : "2025-05-27",
    "price" : 102.73,
    "dma50" : 96.31,
    "dma100" : null,
    "dma200" : 103.36,
    "volume" : 7307014.00
  }, {
    "date" : "2025-05-28",
    "price" : 102.62,
    "dma50" : 96.55,
    "dma100" : null,
    "dma200" : 103.35,
    "volume" : 5633514.00
  }, {
    "date" : "2025-05-29",
    "price" : 102.16,
    "dma50" : 96.77,
    "dma100" : null,
    "dma200" : 103.34,
    "volume" : 6508802.00
  }, {
    "date" : "2025-05-30",
    "price" : 96.30,
    "dma50" : 96.76,
    "dma100" : null,
    "dma200" : 103.27,
    "volume" : 28119447.00
  }, {
    "date" : "2025-06-02",
    "price" : 97.63,
    "dma50" : 96.79,
    "dma100" : null,
    "dma200" : 103.21,
    "volume" : 9198908.00
  }, {
    "date" : "2025-06-03",
    "price" : 96.94,
    "dma50" : 96.80,
    "dma100" : null,
    "dma200" : 103.15,
    "volume" : 4744956.00
  }, {
    "date" : "2025-06-04",
    "price" : 98.71,
    "dma50" : 96.87,
    "dma100" : null,
    "dma200" : 103.10,
    "volume" : 8356761.00
  }, {
    "date" : "2025-06-05",
    "price" : 102.50,
    "dma50" : 97.09,
    "dma100" : null,
    "dma200" : 103.10,
    "volume" : 29031646.00
  }, {
    "date" : "2025-06-06",
    "price" : 103.73,
    "dma50" : 97.35,
    "dma100" : null,
    "dma200" : 103.10,
    "volume" : 9404629.00
  }, {
    "date" : "2025-06-09",
    "price" : 103.37,
    "dma50" : 97.59,
    "dma100" : null,
    "dma200" : 103.11,
    "volume" : 8749973.00
  }, {
    "date" : "2025-06-10",
    "price" : 104.05,
    "dma50" : 97.84,
    "dma100" : null,
    "dma200" : 103.12,
    "volume" : 8732700.00
  }, {
    "date" : "2025-06-11",
    "price" : 103.16,
    "dma50" : 98.05,
    "dma100" : null,
    "dma200" : 103.12,
    "volume" : 7349768.00
  }, {
    "date" : "2025-06-12",
    "price" : 99.96,
    "dma50" : 98.12,
    "dma100" : null,
    "dma200" : 103.09,
    "volume" : 5251238.00
  }, {
    "date" : "2025-06-13",
    "price" : 98.45,
    "dma50" : 98.14,
    "dma100" : null,
    "dma200" : 103.04,
    "volume" : 5493076.00
  }, {
    "date" : "2025-06-16",
    "price" : 99.18,
    "dma50" : 98.18,
    "dma100" : null,
    "dma200" : 103.00,
    "volume" : 5501573.00
  }, {
    "date" : "2025-06-17",
    "price" : 97.50,
    "dma50" : 98.15,
    "dma100" : null,
    "dma200" : 102.95,
    "volume" : 4126789.00
  }, {
    "date" : "2025-06-18",
    "price" : 96.06,
    "dma50" : 98.07,
    "dma100" : null,
    "dma200" : 102.88,
    "volume" : 4107279.00
  }, {
    "date" : "2025-06-19",
    "price" : 93.36,
    "dma50" : 97.89,
    "dma100" : null,
    "dma200" : 102.78,
    "volume" : 6071276.00
  }, {
    "date" : "2025-06-20",
    "price" : 96.97,
    "dma50" : 97.85,
    "dma100" : null,
    "dma200" : 102.72,
    "volume" : 9482411.00
  }, {
    "date" : "2025-06-23",
    "price" : 98.17,
    "dma50" : 97.86,
    "dma100" : null,
    "dma200" : 102.68,
    "volume" : 9544568.00
  }, {
    "date" : "2025-06-24",
    "price" : 98.49,
    "dma50" : 97.89,
    "dma100" : null,
    "dma200" : 102.64,
    "volume" : 8711036.00
  }, {
    "date" : "2025-06-25",
    "price" : 100.79,
    "dma50" : 98.00,
    "dma100" : null,
    "dma200" : 102.62,
    "volume" : 15132573.00
  }, {
    "date" : "2025-06-26",
    "price" : 100.00,
    "dma50" : 98.08,
    "dma100" : null,
    "dma200" : 102.59,
    "volume" : 6825815.00
  }, {
    "date" : "2025-06-27",
    "price" : 99.60,
    "dma50" : 98.14,
    "dma100" : null,
    "dma200" : 102.56,
    "volume" : 6316765.00
  }, {
    "date" : "2025-06-30",
    "price" : 100.53,
    "dma50" : 98.23,
    "dma100" : null,
    "dma200" : 102.54,
    "volume" : 5258780.00
  }, {
    "date" : "2025-07-01",
    "price" : 100.45,
    "dma50" : 98.32,
    "dma100" : null,
    "dma200" : 102.52,
    "volume" : 5326400.00
  }, {
    "date" : "2025-07-02",
    "price" : 98.89,
    "dma50" : 98.34,
    "dma100" : null,
    "dma200" : 102.49,
    "volume" : 4894131.00
  }, {
    "date" : "2025-07-03",
    "price" : 98.28,
    "dma50" : 98.34,
    "dma100" : null,
    "dma200" : 102.44,
    "volume" : 4748472.00
  }, {
    "date" : "2025-07-04",
    "price" : 98.45,
    "dma50" : 98.34,
    "dma100" : null,
    "dma200" : 102.40,
    "volume" : 4984009.00
  }, {
    "date" : "2025-07-07",
    "price" : 98.60,
    "dma50" : 98.35,
    "dma100" : null,
    "dma200" : 102.37,
    "volume" : 3579646.00
  }, {
    "date" : "2025-07-08",
    "price" : 99.18,
    "dma50" : 98.39,
    "dma100" : null,
    "dma200" : 102.34,
    "volume" : 5982051.00
  }, {
    "date" : "2025-07-09",
    "price" : 98.30,
    "dma50" : 98.38,
    "dma100" : null,
    "dma200" : 102.30,
    "volume" : 3681485.00
  }, {
    "date" : "2025-07-10",
    "price" : 97.61,
    "dma50" : 98.35,
    "dma100" : null,
    "dma200" : 102.25,
    "volume" : 3438611.00
  }, {
    "date" : "2025-07-11",
    "price" : 97.83,
    "dma50" : 98.33,
    "dma100" : null,
    "dma200" : 102.20,
    "volume" : 6331595.00
  }, {
    "date" : "2025-07-14",
    "price" : 98.31,
    "dma50" : 98.33,
    "dma100" : null,
    "dma200" : 102.17,
    "volume" : 4378143.00
  }, {
    "date" : "2025-07-15",
    "price" : 99.03,
    "dma50" : 98.36,
    "dma100" : 95.23,
    "dma200" : 102.13,
    "volume" : 5997002.00
  }, {
    "date" : "2025-07-16",
    "price" : 99.08,
    "dma50" : 98.39,
    "dma100" : 95.33,
    "dma200" : 102.10,
    "volume" : 3431178.00
  }, {
    "date" : "2025-07-17",
    "price" : 99.05,
    "dma50" : 98.41,
    "dma100" : 95.43,
    "dma200" : 102.07,
    "volume" : 3530783.00
  }, {
    "date" : "2025-07-18",
    "price" : 98.87,
    "dma50" : 98.43,
    "dma100" : 95.51,
    "dma200" : 102.04,
    "volume" : 6005647.00
  }, {
    "date" : "2025-07-21",
    "price" : 99.09,
    "dma50" : 98.46,
    "dma100" : 95.57,
    "dma200" : 102.01,
    "volume" : 4073674.00
  }, {
    "date" : "2025-07-22",
    "price" : 99.01,
    "dma50" : 98.48,
    "dma100" : 95.63,
    "dma200" : 101.98,
    "volume" : 4052851.00
  }, {
    "date" : "2025-07-23",
    "price" : 98.78,
    "dma50" : 98.49,
    "dma100" : 95.71,
    "dma200" : 101.95,
    "volume" : 3079903.00
  }, {
    "date" : "2025-07-24",
    "price" : 98.79,
    "dma50" : 98.50,
    "dma100" : 95.80,
    "dma200" : 101.92,
    "volume" : 3839260.00
  }, {
    "date" : "2025-07-25",
    "price" : 95.19,
    "dma50" : 98.37,
    "dma100" : 95.87,
    "dma200" : 101.85,
    "volume" : 5204558.00
  }, {
    "date" : "2025-07-28",
    "price" : 94.63,
    "dma50" : 98.23,
    "dma100" : 95.98,
    "dma200" : 101.78,
    "volume" : 4102232.00
  }, {
    "date" : "2025-07-29",
    "price" : 96.16,
    "dma50" : 98.14,
    "dma100" : 96.12,
    "dma200" : 101.72,
    "volume" : 3625079.00
  }, {
    "date" : "2025-07-30",
    "price" : 96.82,
    "dma50" : 98.09,
    "dma100" : 96.26,
    "dma200" : 101.68,
    "volume" : 3832318.00
  }, {
    "date" : "2025-07-31",
    "price" : 93.62,
    "dma50" : 97.92,
    "dma100" : 96.33,
    "dma200" : 101.60,
    "volume" : 5478689.00
  }, {
    "date" : "2025-08-01",
    "price" : 92.35,
    "dma50" : 97.70,
    "dma100" : 96.38,
    "dma200" : 101.50,
    "volume" : 3280532.00
  }, {
    "date" : "2025-08-04",
    "price" : 93.09,
    "dma50" : 97.52,
    "dma100" : 96.43,
    "dma200" : 101.42,
    "volume" : 3147582.00
  }, {
    "date" : "2025-08-05",
    "price" : 93.35,
    "dma50" : 97.35,
    "dma100" : 96.51,
    "dma200" : 101.34,
    "volume" : 3405214.00
  }, {
    "date" : "2025-08-06",
    "price" : 92.16,
    "dma50" : 97.15,
    "dma100" : 96.57,
    "dma200" : 101.25,
    "volume" : 2499648.00
  }, {
    "date" : "2025-08-07",
    "price" : 93.31,
    "dma50" : 97.00,
    "dma100" : 96.64,
    "dma200" : 101.17,
    "volume" : 3908430.00
  }, {
    "date" : "2025-08-08",
    "price" : 92.10,
    "dma50" : 96.81,
    "dma100" : 96.70,
    "dma200" : 101.08,
    "volume" : 2338985.00
  }, {
    "date" : "2025-08-11",
    "price" : 93.01,
    "dma50" : 96.66,
    "dma100" : 96.77,
    "dma200" : 101.00,
    "volume" : 5806168.00
  }, {
    "date" : "2025-08-12",
    "price" : 97.99,
    "dma50" : 96.71,
    "dma100" : 96.87,
    "dma200" : 100.97,
    "volume" : 44123569.00
  }, {
    "date" : "2025-08-13",
    "price" : 93.45,
    "dma50" : 96.58,
    "dma100" : 96.89,
    "dma200" : 100.89,
    "volume" : 11240341.00
  }, {
    "date" : "2025-08-14",
    "price" : 91.96,
    "dma50" : 96.40,
    "dma100" : 96.90,
    "dma200" : 100.81,
    "volume" : 5378758.00
  }, {
    "date" : "2025-08-18",
    "price" : 92.68,
    "dma50" : 96.26,
    "dma100" : 96.87,
    "dma200" : 100.72,
    "volume" : 4466599.00
  }, {
    "date" : "2025-08-19",
    "price" : 94.88,
    "dma50" : 96.20,
    "dma100" : 96.85,
    "dma200" : 100.67,
    "volume" : 4626299.00
  }, {
    "date" : "2025-08-20",
    "price" : 97.57,
    "dma50" : 96.26,
    "dma100" : 96.89,
    "dma200" : 100.64,
    "volume" : 14294408.00
  }, {
    "date" : "2025-08-21",
    "price" : 97.35,
    "dma50" : 96.30,
    "dma100" : 96.95,
    "dma200" : 100.60,
    "volume" : 8949374.00
  }, {
    "date" : "2025-08-22",
    "price" : 99.54,
    "dma50" : 96.43,
    "dma100" : 97.02,
    "dma200" : 100.59,
    "volume" : 15112026.00
  }, {
    "date" : "2025-08-25",
    "price" : 99.37,
    "dma50" : 96.54,
    "dma100" : 97.10,
    "dma200" : 100.58,
    "volume" : 6004903.00
  }, {
    "date" : "2025-08-26",
    "price" : 99.23,
    "dma50" : 96.65,
    "dma100" : 97.18,
    "dma200" : 100.57,
    "volume" : 12627776.00
  }, {
    "date" : "2025-08-28",
    "price" : 96.17,
    "dma50" : 96.63,
    "dma100" : 97.21,
    "dma200" : 100.52,
    "volume" : 8103744.00
  }, {
    "date" : "2025-08-29",
    "price" : 93.66,
    "dma50" : 96.51,
    "dma100" : 97.19,
    "dma200" : 100.45,
    "volume" : 5374034.00
  }, {
    "date" : "2025-09-01",
    "price" : 94.13,
    "dma50" : 96.42,
    "dma100" : 97.20,
    "dma200" : 100.39,
    "volume" : 3293919.00
  }, {
    "date" : "2025-09-02",
    "price" : 93.89,
    "dma50" : 96.32,
    "dma100" : 97.25,
    "dma200" : 100.33,
    "volume" : 3990730.00
  }, {
    "date" : "2025-09-03",
    "price" : 93.97,
    "dma50" : 96.23,
    "dma100" : 97.29,
    "dma200" : 100.26,
    "volume" : 3020986.00
  }, {
    "date" : "2025-09-04",
    "price" : 92.33,
    "dma50" : 96.07,
    "dma100" : 97.31,
    "dma200" : 100.18,
    "volume" : 4019002.00
  }, {
    "date" : "2025-09-05",
    "price" : 92.67,
    "dma50" : 95.94,
    "dma100" : 97.32,
    "dma200" : 100.11,
    "volume" : 3207848.00
  }, {
    "date" : "2025-09-08",
    "price" : 92.87,
    "dma50" : 95.82,
    "dma100" : 97.31,
    "dma200" : 100.04,
    "volume" : 2198231.00
  }, {
    "date" : "2025-09-09",
    "price" : 92.51,
    "dma50" : 95.69,
    "dma100" : 97.29,
    "dma200" : 99.96,
    "volume" : 2990099.00
  }, {
    "date" : "2025-09-10",
    "price" : 93.31,
    "dma50" : 95.60,
    "dma100" : 97.28,
    "dma200" : 99.90,
    "volume" : 2306220.00
  }, {
    "date" : "2025-09-11",
    "price" : 93.58,
    "dma50" : 95.52,
    "dma100" : 97.25,
    "dma200" : 99.83,
    "volume" : 3583368.00
  }, {
    "date" : "2025-09-12",
    "price" : 93.05,
    "dma50" : 95.42,
    "dma100" : 97.19,
    "dma200" : 99.77,
    "volume" : 2913864.00
  }, {
    "date" : "2025-09-15",
    "price" : 93.92,
    "dma50" : 95.36,
    "dma100" : 97.13,
    "dma200" : 99.71,
    "volume" : 4789584.00
  }, {
    "date" : "2025-09-16",
    "price" : 94.46,
    "dma50" : 95.33,
    "dma100" : 97.09,
    "dma200" : 99.66,
    "volume" : 4434744.00
  }, {
    "date" : "2025-09-17",
    "price" : 94.39,
    "dma50" : 95.29,
    "dma100" : 97.07,
    "dma200" : 99.60,
    "volume" : 2949117.00
  }, {
    "date" : "2025-09-18",
    "price" : 93.93,
    "dma50" : 95.24,
    "dma100" : 97.03,
    "dma200" : 99.55,
    "volume" : 3643658.00
  }, {
    "date" : "2025-09-19",
    "price" : 94.45,
    "dma50" : 95.21,
    "dma100" : 97.00,
    "dma200" : 99.50,
    "volume" : 3085450.00
  }, {
    "date" : "2025-09-22",
    "price" : 93.82,
    "dma50" : 95.15,
    "dma100" : 97.00,
    "dma200" : 99.44,
    "volume" : 3218695.00
  }, {
    "date" : "2025-09-23",
    "price" : 92.70,
    "dma50" : 95.06,
    "dma100" : 96.99,
    "dma200" : 99.37,
    "volume" : 4022636.00
  }, {
    "date" : "2025-09-24",
    "price" : 92.44,
    "dma50" : 94.95,
    "dma100" : 96.98,
    "dma200" : 99.30,
    "volume" : 2752346.00
  }, {
    "date" : "2025-09-25",
    "price" : 92.00,
    "dma50" : 94.84,
    "dma100" : 96.99,
    "dma200" : 99.23,
    "volume" : 2998357.00
  }, {
    "date" : "2025-09-26",
    "price" : 91.05,
    "dma50" : 94.69,
    "dma100" : 96.99,
    "dma200" : 99.15,
    "volume" : 3697377.00
  }, {
    "date" : "2025-09-29",
    "price" : 90.03,
    "dma50" : 94.51,
    "dma100" : 96.99,
    "dma200" : 99.06,
    "volume" : 4550272.00
  }, {
    "date" : "2025-09-30",
    "price" : 90.32,
    "dma50" : 94.34,
    "dma100" : 97.01,
    "dma200" : 98.97,
    "volume" : 2302257.00
  }, {
    "date" : "2025-10-01",
    "price" : 90.95,
    "dma50" : 94.21,
    "dma100" : 96.95,
    "dma200" : 98.89,
    "volume" : 2236088.00
  }, {
    "date" : "2025-10-03",
    "price" : 91.47,
    "dma50" : 94.10,
    "dma100" : 96.91,
    "dma200" : 98.82,
    "volume" : 2560444.00
  }, {
    "date" : "2025-10-06",
    "price" : 90.75,
    "dma50" : 93.97,
    "dma100" : 96.83,
    "dma200" : 98.74,
    "volume" : 1875978.00
  }, {
    "date" : "2025-10-07",
    "price" : 90.51,
    "dma50" : 93.83,
    "dma100" : 96.75,
    "dma200" : 98.66,
    "volume" : 1768368.00
  }, {
    "date" : "2025-10-08",
    "price" : 89.92,
    "dma50" : 93.68,
    "dma100" : 96.61,
    "dma200" : 98.57,
    "volume" : 2088935.00
  }, {
    "date" : "2025-10-09",
    "price" : 89.87,
    "dma50" : 93.53,
    "dma100" : 96.45,
    "dma200" : 98.48,
    "volume" : 1893209.00
  }, {
    "date" : "2025-10-10",
    "price" : 90.10,
    "dma50" : 93.40,
    "dma100" : 96.34,
    "dma200" : 98.40,
    "volume" : 2795740.00
  }, {
    "date" : "2025-10-13",
    "price" : 90.04,
    "dma50" : 93.27,
    "dma100" : 96.23,
    "dma200" : 98.32,
    "volume" : 2609111.00
  }, {
    "date" : "2025-10-14",
    "price" : 88.54,
    "dma50" : 93.08,
    "dma100" : 96.11,
    "dma200" : 98.22,
    "volume" : 3333206.00
  }, {
    "date" : "2025-10-15",
    "price" : 89.35,
    "dma50" : 92.93,
    "dma100" : 95.99,
    "dma200" : 98.13,
    "volume" : 2241923.00
  }, {
    "date" : "2025-10-16",
    "price" : 88.97,
    "dma50" : 92.78,
    "dma100" : 95.86,
    "dma200" : 98.04,
    "volume" : 1700229.00
  }, {
    "date" : "2025-10-17",
    "price" : 90.06,
    "dma50" : 92.67,
    "dma100" : 95.74,
    "dma200" : 97.96,
    "volume" : 6597514.00
  }, {
    "date" : "2025-10-20",
    "price" : 89.22,
    "dma50" : 92.54,
    "dma100" : 95.60,
    "dma200" : 97.87,
    "volume" : 2086027.00
  }, {
    "date" : "2025-10-21",
    "price" : 89.79,
    "dma50" : 92.43,
    "dma100" : 95.48,
    "dma200" : 97.79,
    "volume" : 601405.00
  }, {
    "date" : "2025-10-23",
    "price" : 89.26,
    "dma50" : 92.30,
    "dma100" : 95.41,
    "dma200" : 97.71,
    "volume" : 2253101.00
  }, {
    "date" : "2025-10-24",
    "price" : 88.98,
    "dma50" : 92.17,
    "dma100" : 95.32,
    "dma200" : 97.62,
    "volume" : 2011977.00
  }, {
    "date" : "2025-10-27",
    "price" : 88.07,
    "dma50" : 92.01,
    "dma100" : 95.23,
    "dma200" : 97.53,
    "volume" : 2291856.00
  }, {
    "date" : "2025-10-28",
    "price" : 88.16,
    "dma50" : 91.86,
    "dma100" : 95.13,
    "dma200" : 97.43,
    "volume" : 2691607.00
  }, {
    "date" : "2025-10-29",
    "price" : 88.92,
    "dma50" : 91.75,
    "dma100" : 94.99,
    "dma200" : 97.35,
    "volume" : 4735122.00
  }, {
    "date" : "2025-10-30",
    "price" : 88.30,
    "dma50" : 91.61,
    "dma100" : 94.84,
    "dma200" : 97.26,
    "volume" : 2601143.00
  }, {
    "date" : "2025-10-31",
    "price" : 88.03,
    "dma50" : 91.47,
    "dma100" : 94.69,
    "dma200" : 97.17,
    "volume" : 1788102.00
  }, {
    "date" : "2025-11-03",
    "price" : 88.01,
    "dma50" : 91.34,
    "dma100" : 94.53,
    "dma200" : 97.08,
    "volume" : 2045730.00
  }, {
    "date" : "2025-11-04",
    "price" : 87.31,
    "dma50" : 91.18,
    "dma100" : 94.37,
    "dma200" : 96.98,
    "volume" : 1966605.00
  }, {
    "date" : "2025-11-06",
    "price" : 85.93,
    "dma50" : 90.97,
    "dma100" : 94.23,
    "dma200" : 96.87,
    "volume" : 2422189.00
  }, {
    "date" : "2025-11-07",
    "price" : 84.85,
    "dma50" : 90.73,
    "dma100" : 94.09,
    "dma200" : 96.75,
    "volume" : 2616040.00
  }, {
    "date" : "2025-11-10",
    "price" : 84.23,
    "dma50" : 90.48,
    "dma100" : 93.94,
    "dma200" : 96.62,
    "volume" : 4011915.00
  }, {
    "date" : "2025-11-11",
    "price" : 82.24,
    "dma50" : 90.15,
    "dma100" : 93.79,
    "dma200" : 96.48,
    "volume" : 4272328.00
  }, {
    "date" : "2025-11-12",
    "price" : 82.74,
    "dma50" : 89.86,
    "dma100" : 93.66,
    "dma200" : 96.34,
    "volume" : 4140708.00
  }, {
    "date" : "2025-11-13",
    "price" : 82.13,
    "dma50" : 89.56,
    "dma100" : 93.54,
    "dma200" : 96.20,
    "volume" : 2673474.00
  }, {
    "date" : "2025-11-14",
    "price" : 83.44,
    "dma50" : 89.32,
    "dma100" : 93.41,
    "dma200" : 96.08,
    "volume" : 4230844.00
  }, {
    "date" : "2025-11-17",
    "price" : 83.38,
    "dma50" : 89.09,
    "dma100" : 93.26,
    "dma200" : 95.95,
    "volume" : 2017164.00
  }, {
    "date" : "2025-11-18",
    "price" : 82.13,
    "dma50" : 88.81,
    "dma100" : 93.10,
    "dma200" : 95.81,
    "volume" : 2397772.00
  }, {
    "date" : "2025-11-19",
    "price" : 82.05,
    "dma50" : 88.55,
    "dma100" : 92.91,
    "dma200" : 95.67,
    "volume" : 2250405.00
  }, {
    "date" : "2025-11-20",
    "price" : 81.84,
    "dma50" : 88.29,
    "dma100" : 92.73,
    "dma200" : 95.54,
    "volume" : 1512553.00
  }, {
    "date" : "2025-11-21",
    "price" : 81.03,
    "dma50" : 88.00,
    "dma100" : 92.54,
    "dma200" : 95.39,
    "volume" : 1954157.00
  }, {
    "date" : "2025-11-24",
    "price" : 79.39,
    "dma50" : 87.66,
    "dma100" : 92.33,
    "dma200" : 95.23,
    "volume" : 3145487.00
  }, {
    "date" : "2025-11-25",
    "price" : 77.88,
    "dma50" : 87.28,
    "dma100" : 92.10,
    "dma200" : 95.06,
    "volume" : 3545835.00
  }, {
    "date" : "2025-11-26",
    "price" : 78.57,
    "dma50" : 86.94,
    "dma100" : 91.90,
    "dma200" : 94.90,
    "volume" : 3726642.00
  }, {
    "date" : "2025-11-27",
    "price" : 78.88,
    "dma50" : 86.62,
    "dma100" : 91.71,
    "dma200" : 94.74,
    "volume" : 1931420.00
  }, {
    "date" : "2025-11-28",
    "price" : 77.86,
    "dma50" : 86.28,
    "dma100" : 91.50,
    "dma200" : 94.57,
    "volume" : 1752376.00
  }, {
    "date" : "2025-12-01",
    "price" : 77.84,
    "dma50" : 85.95,
    "dma100" : 91.29,
    "dma200" : 94.40,
    "volume" : 2127037.00
  }, {
    "date" : "2025-12-02",
    "price" : 77.37,
    "dma50" : 85.61,
    "dma100" : 91.08,
    "dma200" : 94.23,
    "volume" : 2796495.00
  }, {
    "date" : "2025-12-03",
    "price" : 75.99,
    "dma50" : 85.23,
    "dma100" : 90.85,
    "dma200" : 94.05,
    "volume" : 3352171.00
  }, {
    "date" : "2025-12-04",
    "price" : 75.38,
    "dma50" : 84.85,
    "dma100" : 90.63,
    "dma200" : 93.87,
    "volume" : 2265065.00
  }, {
    "date" : "2025-12-05",
    "price" : 74.07,
    "dma50" : 84.42,
    "dma100" : 90.39,
    "dma200" : 93.67,
    "volume" : 3557288.00
  }, {
    "date" : "2025-12-08",
    "price" : 71.24,
    "dma50" : 83.91,
    "dma100" : 90.12,
    "dma200" : 93.45,
    "volume" : 5011037.00
  }, {
    "date" : "2025-12-09",
    "price" : 73.80,
    "dma50" : 83.51,
    "dma100" : 89.87,
    "dma200" : 93.25,
    "volume" : 6312961.00
  }, {
    "date" : "2025-12-10",
    "price" : 73.85,
    "dma50" : 83.13,
    "dma100" : 89.62,
    "dma200" : 93.06,
    "volume" : 2959877.00
  }, {
    "date" : "2025-12-11",
    "price" : 72.08,
    "dma50" : 82.70,
    "dma100" : 89.35,
    "dma200" : 92.85,
    "volume" : 3212077.00
  }, {
    "date" : "2025-12-12",
    "price" : 72.30,
    "dma50" : 82.29,
    "dma100" : 89.08,
    "dma200" : 92.64,
    "volume" : 2140444.00
  }, {
    "date" : "2025-12-15",
    "price" : 72.42,
    "dma50" : 81.90,
    "dma100" : 88.82,
    "dma200" : 92.44,
    "volume" : 2272312.00
  }, {
    "date" : "2025-12-16",
    "price" : 72.54,
    "dma50" : 81.54,
    "dma100" : 88.55,
    "dma200" : 92.25,
    "volume" : 2624747.00
  }, {
    "date" : "2025-12-17",
    "price" : 71.70,
    "dma50" : 81.15,
    "dma100" : 88.28,
    "dma200" : 92.04,
    "volume" : 2292581.00
  }, {
    "date" : "2025-12-18",
    "price" : 70.37,
    "dma50" : 80.73,
    "dma100" : 88.00,
    "dma200" : 91.83,
    "volume" : 2777753.00
  }, {
    "date" : "2025-12-19",
    "price" : 72.84,
    "dma50" : 80.42,
    "dma100" : 87.77,
    "dma200" : 91.64,
    "volume" : 4204760.00
  }, {
    "date" : "2025-12-22",
    "price" : 72.95,
    "dma50" : 80.13,
    "dma100" : 87.56,
    "dma200" : 91.45,
    "volume" : 2625013.00
  }, {
    "date" : "2025-12-23",
    "price" : 75.27,
    "dma50" : 79.94,
    "dma100" : 87.35,
    "dma200" : 91.29,
    "volume" : 7424521.00
  }, {
    "date" : "2025-12-24",
    "price" : 75.02,
    "dma50" : 79.74,
    "dma100" : 87.13,
    "dma200" : 91.13,
    "volume" : 2378580.00
  }, {
    "date" : "2025-12-26",
    "price" : 74.14,
    "dma50" : 79.52,
    "dma100" : 86.93,
    "dma200" : 90.96,
    "volume" : 6426095.00
  }, {
    "date" : "2025-12-29",
    "price" : 73.12,
    "dma50" : 79.27,
    "dma100" : 86.74,
    "dma200" : 90.78,
    "volume" : 2815545.00
  }, {
    "date" : "2025-12-30",
    "price" : 73.18,
    "dma50" : 79.03,
    "dma100" : 86.54,
    "dma200" : 90.61,
    "volume" : 2394397.00
  }, {
    "date" : "2025-12-31",
    "price" : 74.76,
    "dma50" : 78.87,
    "dma100" : 86.36,
    "dma200" : 90.45,
    "volume" : 4284405.00
  }, {
    "date" : "2026-01-01",
    "price" : 74.74,
    "dma50" : 78.70,
    "dma100" : 86.18,
    "dma200" : 90.29,
    "volume" : 1886886.00
  }, {
    "date" : "2026-01-02",
    "price" : 83.04,
    "dma50" : 78.87,
    "dma100" : 86.08,
    "dma200" : 90.22,
    "volume" : 88080221.00
  }, {
    "date" : "2026-01-05",
    "price" : 87.65,
    "dma50" : 79.22,
    "dma100" : 86.03,
    "dma200" : 90.19,
    "volume" : 110711694.00
  }, {
    "date" : "2026-01-06",
    "price" : 84.36,
    "dma50" : 79.42,
    "dma100" : 85.95,
    "dma200" : 90.14,
    "volume" : 21636542.00
  }, {
    "date" : "2026-01-07",
    "price" : 83.01,
    "dma50" : 79.56,
    "dma100" : 85.80,
    "dma200" : 90.07,
    "volume" : 7404668.00
  }, {
    "date" : "2026-01-08",
    "price" : 80.12,
    "dma50" : 79.58,
    "dma100" : 85.67,
    "dma200" : 89.97,
    "volume" : 7845179.00
  }, {
    "date" : "2026-01-09",
    "price" : 78.13,
    "dma50" : 79.53,
    "dma100" : 85.53,
    "dma200" : 89.85,
    "volume" : 7510582.00
  }, {
    "date" : "2026-01-12",
    "price" : 80.53,
    "dma50" : 79.56,
    "dma100" : 85.41,
    "dma200" : 89.76,
    "volume" : 9437814.00
  }, {
    "date" : "2026-01-13",
    "price" : 79.42,
    "dma50" : 79.56,
    "dma100" : 85.25,
    "dma200" : 89.65,
    "volume" : 7629901.00
  }, {
    "date" : "2026-01-14",
    "price" : 78.71,
    "dma50" : 79.53,
    "dma100" : 85.06,
    "dma200" : 89.54,
    "volume" : 4155418.00
  }, {
    "date" : "2026-01-16",
    "price" : 76.47,
    "dma50" : 79.41,
    "dma100" : 84.85,
    "dma200" : 89.41,
    "volume" : 9063949.00
  }, {
    "date" : "2026-01-19",
    "price" : 74.52,
    "dma50" : 79.21,
    "dma100" : 84.60,
    "dma200" : 89.27,
    "volume" : 4815000.00
  }, {
    "date" : "2026-01-20",
    "price" : 71.81,
    "dma50" : 78.92,
    "dma100" : 84.33,
    "dma200" : 89.09,
    "volume" : 7732496.00
  }, {
    "date" : "2026-01-21",
    "price" : 71.37,
    "dma50" : 78.63,
    "dma100" : 84.05,
    "dma200" : 88.92,
    "volume" : 8401273.00
  }, {
    "date" : "2026-01-22",
    "price" : 72.52,
    "dma50" : 78.39,
    "dma100" : 83.81,
    "dma200" : 88.75,
    "volume" : 4095375.00
  }, {
    "date" : "2026-01-23",
    "price" : 70.86,
    "dma50" : 78.09,
    "dma100" : 83.58,
    "dma200" : 88.57,
    "volume" : 3908290.00
  }, {
    "date" : "2026-01-27",
    "price" : 71.56,
    "dma50" : 77.84,
    "dma100" : 83.36,
    "dma200" : 88.41,
    "volume" : 4925226.00
  }, {
    "date" : "2026-01-28",
    "price" : 74.22,
    "dma50" : 77.70,
    "dma100" : 83.16,
    "dma200" : 88.26,
    "volume" : 6273195.00
  }, {
    "date" : "2026-01-29",
    "price" : 72.42,
    "dma50" : 77.49,
    "dma100" : 82.95,
    "dma200" : 88.11,
    "volume" : 5695583.00
  }, {
    "date" : "2026-01-30",
    "price" : 72.50,
    "dma50" : 77.29,
    "dma100" : 82.75,
    "dma200" : 87.95,
    "volume" : 7282084.00
  }, {
    "date" : "2026-02-01",
    "price" : 71.22,
    "dma50" : 77.05,
    "dma100" : 82.53,
    "dma200" : 87.78,
    "volume" : 5390498.00
  }, {
    "date" : "2026-02-02",
    "price" : 70.62,
    "dma50" : 76.80,
    "dma100" : 82.31,
    "dma200" : 87.61,
    "volume" : 6834749.00
  }, {
    "date" : "2026-02-03",
    "price" : 72.13,
    "dma50" : 76.62,
    "dma100" : 82.11,
    "dma200" : 87.46,
    "volume" : 5494579.00
  }, {
    "date" : "2026-02-04",
    "price" : 73.98,
    "dma50" : 76.52,
    "dma100" : 81.91,
    "dma200" : 87.33,
    "volume" : 6062179.00
  }, {
    "date" : "2026-02-05",
    "price" : 72.19,
    "dma50" : 76.35,
    "dma100" : 81.70,
    "dma200" : 87.17,
    "volume" : 3641110.00
  }, {
    "date" : "2026-02-06",
    "price" : 72.26,
    "dma50" : 76.19,
    "dma100" : 81.49,
    "dma200" : 87.03,
    "volume" : 3494905.00
  }, {
    "date" : "2026-02-09",
    "price" : 73.31,
    "dma50" : 76.07,
    "dma100" : 81.29,
    "dma200" : 86.89,
    "volume" : 3680577.00
  }, {
    "date" : "2026-02-10",
    "price" : 72.80,
    "dma50" : 75.94,
    "dma100" : 81.07,
    "dma200" : 86.75,
    "volume" : 3966670.00
  }, {
    "date" : "2026-02-11",
    "price" : 77.38,
    "dma50" : 76.00,
    "dma100" : 80.90,
    "dma200" : 86.66,
    "volume" : 29153160.00
  }, {
    "date" : "2026-02-12",
    "price" : 78.98,
    "dma50" : 76.12,
    "dma100" : 80.75,
    "dma200" : 86.58,
    "volume" : 56554297.00
  }, {
    "date" : "2026-02-13",
    "price" : 76.67,
    "dma50" : 76.14,
    "dma100" : 80.57,
    "dma200" : 86.48,
    "volume" : 7327200.00
  } ],
  "latestTechnicalAttributes" : {
    "date" : "2026-02-13",
    "price" : 76.67,
    "dma50" : 76.14,
    "dma100" : 80.57,
    "dma200" : 86.48,
    "volume" : 7327200.00
  },
  "quarterlyResults" : [ {
    "date" : "2009-06-30",
    "sales" : 489.32,
    "salesGrowthYoY" : null,
    "grossProfitMargin" : 100.00,
    "grossProfit" : 489.32,
    "operatingProfitMargin" : 92.75,
    "operatingProfit" : 453.84,
    "netProfitMargin" : 58.31,
    "netProfit" : 285.32
  }, {
    "date" : "2009-09-30",
    "sales" : 605.43,
    "salesGrowthYoY" : null,
    "grossProfitMargin" : 100.00,
    "grossProfit" : 605.43,
    "operatingProfitMargin" : 94.10,
    "operatingProfit" : 569.71,
    "netProfitMargin" : 62.04,
    "netProfit" : 375.61
  }, {
    "date" : "2009-12-31",
    "sales" : 369.89,
    "salesGrowthYoY" : null,
    "grossProfitMargin" : 100.00,
    "grossProfit" : 369.89,
    "operatingProfitMargin" : 89.62,
    "operatingProfit" : 331.50,
    "netProfitMargin" : 50.14,
    "netProfit" : 185.46
  }, {
    "date" : "2010-03-31",
    "sales" : 305.10,
    "salesGrowthYoY" : null,
    "grossProfitMargin" : 100.00,
    "grossProfit" : 305.10,
    "operatingProfitMargin" : 42.49,
    "operatingProfit" : 129.64,
    "netProfitMargin" : 41.41,
    "netProfit" : 126.34
  }, {
    "date" : "2010-06-30",
    "sales" : 524.98,
    "salesGrowthYoY" : 7.29,
    "grossProfitMargin" : 100.00,
    "grossProfit" : 524.98,
    "operatingProfitMargin" : 90.26,
    "operatingProfit" : 473.85,
    "netProfitMargin" : 55.38,
    "netProfit" : 290.73
  }, {
    "date" : "2010-09-30",
    "sales" : 525.39,
    "salesGrowthYoY" : -13.22,
    "grossProfitMargin" : 100.00,
    "grossProfit" : 525.39,
    "operatingProfitMargin" : 92.83,
    "operatingProfit" : 487.72,
    "netProfitMargin" : 60.83,
    "netProfit" : 319.59
  }, {
    "date" : "2010-12-31",
    "sales" : 396.41,
    "salesGrowthYoY" : 7.17,
    "grossProfitMargin" : 100.00,
    "grossProfit" : 396.41,
    "operatingProfitMargin" : 90.15,
    "operatingProfit" : 357.36,
    "netProfitMargin" : 48.31,
    "netProfit" : 191.51
  }, {
    "date" : "2011-03-31",
    "sales" : 369.13,
    "salesGrowthYoY" : 20.99,
    "grossProfitMargin" : 100.00,
    "grossProfit" : 369.13,
    "operatingProfitMargin" : 76.93,
    "operatingProfit" : 283.97,
    "netProfitMargin" : 29.88,
    "netProfit" : 110.30
  }, {
    "date" : "2011-06-30",
    "sales" : 565.94,
    "salesGrowthYoY" : 7.80,
    "grossProfitMargin" : 100.00,
    "grossProfit" : 565.94,
    "operatingProfitMargin" : 90.21,
    "operatingProfit" : 510.53,
    "netProfitMargin" : 61.53,
    "netProfit" : 348.22
  }, {
    "date" : "2011-09-30",
    "sales" : 623.81,
    "salesGrowthYoY" : 18.73,
    "grossProfitMargin" : 100.00,
    "grossProfit" : 623.81,
    "operatingProfitMargin" : 91.90,
    "operatingProfit" : 573.28,
    "netProfitMargin" : 65.90,
    "netProfit" : 411.09
  }, {
    "date" : "2011-12-31",
    "sales" : 370.51,
    "salesGrowthYoY" : -6.53,
    "grossProfitMargin" : 100.00,
    "grossProfit" : 370.51,
    "operatingProfitMargin" : 83.95,
    "operatingProfit" : 311.04,
    "netProfitMargin" : 51.18,
    "netProfit" : 189.63
  }, {
    "date" : "2012-03-31",
    "sales" : 365.12,
    "salesGrowthYoY" : -1.09,
    "grossProfitMargin" : 100.00,
    "grossProfit" : 365.12,
    "operatingProfitMargin" : 78.06,
    "operatingProfit" : 285.01,
    "netProfitMargin" : 34.55,
    "netProfit" : 126.15
  }, {
    "date" : "2012-06-30",
    "sales" : 504.25,
    "salesGrowthYoY" : -10.90,
    "grossProfitMargin" : 100.00,
    "grossProfit" : 504.25,
    "operatingProfitMargin" : 89.98,
    "operatingProfit" : 453.72,
    "netProfitMargin" : 62.52,
    "netProfit" : 315.26
  }, {
    "date" : "2012-09-30",
    "sales" : 606.44,
    "salesGrowthYoY" : -2.78,
    "grossProfitMargin" : 100.00,
    "grossProfit" : 606.44,
    "operatingProfitMargin" : 89.62,
    "operatingProfit" : 543.49,
    "netProfitMargin" : 63.82,
    "netProfit" : 387.03
  }, {
    "date" : "2012-12-31",
    "sales" : 358.12,
    "salesGrowthYoY" : -3.34,
    "grossProfitMargin" : 100.00,
    "grossProfit" : 358.12,
    "operatingProfitMargin" : 82.76,
    "operatingProfit" : 296.38,
    "netProfitMargin" : 53.63,
    "netProfit" : 192.06
  }, {
    "date" : "2013-03-31",
    "sales" : 213.29,
    "salesGrowthYoY" : -41.58,
    "grossProfitMargin" : 100.00,
    "grossProfit" : 213.29,
    "operatingProfitMargin" : 73.68,
    "operatingProfit" : 157.15,
    "netProfitMargin" : 74.07,
    "netProfit" : 157.98
  }, {
    "date" : "2013-06-30",
    "sales" : 540.00,
    "salesGrowthYoY" : 7.09,
    "grossProfitMargin" : 100.00,
    "grossProfit" : 540.00,
    "operatingProfitMargin" : 89.34,
    "operatingProfit" : 482.44,
    "netProfitMargin" : 63.56,
    "netProfit" : 343.22
  }, {
    "date" : "2013-09-30",
    "sales" : 634.10,
    "salesGrowthYoY" : 4.56,
    "grossProfitMargin" : 100.00,
    "grossProfit" : 634.10,
    "operatingProfitMargin" : 89.63,
    "operatingProfit" : 568.34,
    "netProfitMargin" : 65.55,
    "netProfit" : 415.65
  }, {
    "date" : "2013-12-31",
    "sales" : 387.44,
    "salesGrowthYoY" : 8.19,
    "grossProfitMargin" : 100.00,
    "grossProfit" : 387.44,
    "operatingProfitMargin" : 82.66,
    "operatingProfit" : 320.26,
    "netProfitMargin" : 54.44,
    "netProfit" : 210.92
  }, {
    "date" : "2014-03-31",
    "sales" : 312.04,
    "salesGrowthYoY" : 46.30,
    "grossProfitMargin" : 100.00,
    "grossProfit" : 312.04,
    "operatingProfitMargin" : 74.80,
    "operatingProfit" : 233.41,
    "netProfitMargin" : 46.41,
    "netProfit" : 144.82
  }, {
    "date" : "2014-06-30",
    "sales" : 674.71,
    "salesGrowthYoY" : 24.95,
    "grossProfitMargin" : 100.00,
    "grossProfit" : 674.71,
    "operatingProfitMargin" : 89.36,
    "operatingProfit" : 602.92,
    "netProfitMargin" : 62.88,
    "netProfit" : 424.26
  }, {
    "date" : "2014-09-30",
    "sales" : 1209.75,
    "salesGrowthYoY" : 90.78,
    "grossProfitMargin" : 100.00,
    "grossProfit" : 1209.75,
    "operatingProfitMargin" : 91.55,
    "operatingProfit" : 1107.53,
    "netProfitMargin" : 65.86,
    "netProfit" : 796.74
  }, {
    "date" : "2014-12-31",
    "sales" : 546.79,
    "salesGrowthYoY" : 41.13,
    "grossProfitMargin" : 100.00,
    "grossProfit" : 546.79,
    "operatingProfitMargin" : 79.75,
    "operatingProfit" : 436.07,
    "netProfitMargin" : 49.49,
    "netProfit" : 270.61
  }, {
    "date" : "2015-03-31",
    "sales" : 386.28,
    "salesGrowthYoY" : 23.79,
    "grossProfitMargin" : 100.00,
    "grossProfit" : 386.28,
    "operatingProfitMargin" : 82.38,
    "operatingProfit" : 318.22,
    "netProfitMargin" : 74.98,
    "netProfit" : 289.63
  }, {
    "date" : "2015-06-30",
    "sales" : 776.16,
    "salesGrowthYoY" : 15.04,
    "grossProfitMargin" : 100.00,
    "grossProfit" : 776.16,
    "operatingProfitMargin" : 87.37,
    "operatingProfit" : 678.13,
    "netProfitMargin" : 62.44,
    "netProfit" : 484.63
  }, {
    "date" : "2015-09-30",
    "sales" : 853.39,
    "salesGrowthYoY" : -29.46,
    "grossProfitMargin" : 100.00,
    "grossProfit" : 853.39,
    "operatingProfitMargin" : 86.46,
    "operatingProfit" : 737.84,
    "netProfitMargin" : 66.23,
    "netProfit" : 565.20
  }, {
    "date" : "2015-12-31",
    "sales" : 482.13,
    "salesGrowthYoY" : -11.83,
    "grossProfitMargin" : 100.00,
    "grossProfit" : 482.13,
    "operatingProfitMargin" : 79.47,
    "operatingProfit" : 383.15,
    "netProfitMargin" : 43.95,
    "netProfit" : 211.90
  }, {
    "date" : "2016-03-31",
    "sales" : 382.28,
    "salesGrowthYoY" : -1.04,
    "grossProfitMargin" : 100.00,
    "grossProfit" : 382.28,
    "operatingProfitMargin" : 69.50,
    "operatingProfit" : 265.68,
    "netProfitMargin" : 38.07,
    "netProfit" : 145.53
  }, {
    "date" : "2016-06-30",
    "sales" : 740.76,
    "salesGrowthYoY" : -4.56,
    "grossProfitMargin" : 100.00,
    "grossProfit" : 740.76,
    "operatingProfitMargin" : 85.43,
    "operatingProfit" : 632.83,
    "netProfitMargin" : 64.79,
    "netProfit" : 479.94
  }, {
    "date" : "2016-09-30",
    "sales" : 848.63,
    "salesGrowthYoY" : -0.56,
    "grossProfitMargin" : 100.00,
    "grossProfit" : 848.63,
    "operatingProfitMargin" : 84.96,
    "operatingProfit" : 721.00,
    "netProfitMargin" : 61.50,
    "netProfit" : 521.91
  }, {
    "date" : "2016-12-31",
    "sales" : 495.40,
    "salesGrowthYoY" : 2.75,
    "grossProfitMargin" : 100.00,
    "grossProfit" : 495.40,
    "operatingProfitMargin" : 77.59,
    "operatingProfit" : 384.38,
    "netProfitMargin" : 52.70,
    "netProfit" : 261.08
  }, {
    "date" : "2017-03-31",
    "sales" : 518.05,
    "salesGrowthYoY" : 35.52,
    "grossProfitMargin" : 100.00,
    "grossProfit" : 518.05,
    "operatingProfitMargin" : 51.06,
    "operatingProfit" : 264.52,
    "netProfitMargin" : 54.29,
    "netProfit" : 281.25
  }, {
    "date" : "2017-06-30",
    "sales" : 704.48,
    "salesGrowthYoY" : -4.90,
    "grossProfitMargin" : 100.00,
    "grossProfit" : 704.48,
    "operatingProfitMargin" : 82.36,
    "operatingProfit" : 580.21,
    "netProfitMargin" : 64.07,
    "netProfit" : 451.36
  }, {
    "date" : "2017-09-30",
    "sales" : 729.67,
    "salesGrowthYoY" : -14.02,
    "grossProfitMargin" : 100.00,
    "grossProfit" : 729.67,
    "operatingProfitMargin" : 80.59,
    "operatingProfit" : 588.04,
    "netProfitMargin" : 59.60,
    "netProfit" : 434.88
  }, {
    "date" : "2017-12-31",
    "sales" : 451.02,
    "salesGrowthYoY" : -8.96,
    "grossProfitMargin" : 100.00,
    "grossProfit" : 451.02,
    "operatingProfitMargin" : 62.80,
    "operatingProfit" : 283.24,
    "netProfitMargin" : 45.61,
    "netProfit" : 205.71
  }, {
    "date" : "2018-03-31",
    "sales" : 344.79,
    "salesGrowthYoY" : -33.44,
    "grossProfitMargin" : 100.00,
    "grossProfit" : 344.79,
    "operatingProfitMargin" : 59.79,
    "operatingProfit" : 206.15,
    "netProfitMargin" : 38.55,
    "netProfit" : 132.92
  }, {
    "date" : "2018-06-30",
    "sales" : 614.22,
    "salesGrowthYoY" : -12.81,
    "grossProfitMargin" : 100.00,
    "grossProfit" : 614.22,
    "operatingProfitMargin" : 75.28,
    "operatingProfit" : 462.38,
    "netProfitMargin" : 47.80,
    "netProfit" : 293.60
  }, {
    "date" : "2018-09-30",
    "sales" : 751.90,
    "salesGrowthYoY" : 3.05,
    "grossProfitMargin" : 100.00,
    "grossProfit" : 751.90,
    "operatingProfitMargin" : 81.87,
    "operatingProfit" : 615.58,
    "netProfitMargin" : 58.77,
    "netProfit" : 441.89
  }, {
    "date" : "2018-12-31",
    "sales" : 484.49,
    "salesGrowthYoY" : 7.42,
    "grossProfitMargin" : 100.00,
    "grossProfit" : 484.49,
    "operatingProfitMargin" : 55.79,
    "operatingProfit" : 270.30,
    "netProfitMargin" : 42.90,
    "netProfit" : 207.85
  }, {
    "date" : "2019-03-31",
    "sales" : 805.16,
    "salesGrowthYoY" : 133.52,
    "grossProfitMargin" : 100.00,
    "grossProfit" : 805.16,
    "operatingProfitMargin" : 77.63,
    "operatingProfit" : 625.05,
    "netProfitMargin" : 57.59,
    "netProfit" : 463.69
  }, {
    "date" : "2019-06-30",
    "sales" : 724.49,
    "salesGrowthYoY" : 17.95,
    "grossProfitMargin" : 100.00,
    "grossProfit" : 724.49,
    "operatingProfitMargin" : 79.43,
    "operatingProfit" : 575.46,
    "netProfitMargin" : 58.05,
    "netProfit" : 420.57
  }, {
    "date" : "2019-09-30",
    "sales" : 946.68,
    "salesGrowthYoY" : 25.91,
    "grossProfitMargin" : 100.00,
    "grossProfit" : 946.68,
    "operatingProfitMargin" : 81.02,
    "operatingProfit" : 767.00,
    "netProfitMargin" : 65.48,
    "netProfit" : 619.89
  }, {
    "date" : "2019-12-31",
    "sales" : 490.59,
    "salesGrowthYoY" : 1.26,
    "grossProfitMargin" : 100.00,
    "grossProfit" : 490.59,
    "operatingProfitMargin" : 69.64,
    "operatingProfit" : 341.65,
    "netProfitMargin" : 43.22,
    "netProfit" : 212.03
  }, {
    "date" : "2020-03-31",
    "sales" : 545.85,
    "salesGrowthYoY" : -32.21,
    "grossProfitMargin" : 100.00,
    "grossProfit" : 545.85,
    "operatingProfitMargin" : 64.26,
    "operatingProfit" : 350.76,
    "netProfitMargin" : 73.62,
    "netProfit" : 401.85
  }, {
    "date" : "2020-06-30",
    "sales" : 674.89,
    "salesGrowthYoY" : -6.85,
    "grossProfitMargin" : 100.00,
    "grossProfit" : 674.89,
    "operatingProfitMargin" : 75.62,
    "operatingProfit" : 510.35,
    "netProfitMargin" : 50.62,
    "netProfit" : 341.63
  }, {
    "date" : "2020-09-30",
    "sales" : 855.25,
    "salesGrowthYoY" : -9.66,
    "grossProfitMargin" : 100.00,
    "grossProfit" : 855.25,
    "operatingProfitMargin" : 79.90,
    "operatingProfit" : 683.34,
    "netProfitMargin" : 61.11,
    "netProfit" : 522.64
  }, {
    "date" : "2020-12-31",
    "sales" : 495.04,
    "salesGrowthYoY" : 0.91,
    "grossProfitMargin" : 100.00,
    "grossProfit" : 495.04,
    "operatingProfitMargin" : 66.19,
    "operatingProfit" : 327.67,
    "netProfitMargin" : 84.02,
    "netProfit" : 415.93
  }, {
    "date" : "2021-03-31",
    "sales" : 465.65,
    "salesGrowthYoY" : -14.69,
    "grossProfitMargin" : 100.00,
    "grossProfit" : 465.65,
    "operatingProfitMargin" : 51.52,
    "operatingProfit" : 239.90,
    "netProfitMargin" : 131.82,
    "netProfit" : 613.82
  }, {
    "date" : "2021-06-30",
    "sales" : 663.66,
    "salesGrowthYoY" : -1.66,
    "grossProfitMargin" : 100.00,
    "grossProfit" : 663.66,
    "operatingProfitMargin" : 76.80,
    "operatingProfit" : 509.69,
    "netProfitMargin" : 51.16,
    "netProfit" : 339.53
  }, {
    "date" : "2021-09-30",
    "sales" : 883.78,
    "salesGrowthYoY" : 3.34,
    "grossProfitMargin" : 100.00,
    "grossProfit" : 883.78,
    "operatingProfitMargin" : 69.32,
    "operatingProfit" : 612.64,
    "netProfitMargin" : 45.95,
    "netProfit" : 406.10
  }, {
    "date" : "2021-12-31",
    "sales" : 550.92,
    "salesGrowthYoY" : 11.29,
    "grossProfitMargin" : 100.00,
    "grossProfit" : 550.92,
    "operatingProfitMargin" : 69.08,
    "operatingProfit" : 380.58,
    "netProfitMargin" : 42.23,
    "netProfit" : 232.65
  }, {
    "date" : "2022-03-31",
    "sales" : 323.60,
    "salesGrowthYoY" : -30.51,
    "grossProfitMargin" : 100.00,
    "grossProfit" : 323.60,
    "operatingProfitMargin" : 43.20,
    "operatingProfit" : 139.80,
    "netProfitMargin" : -0.73,
    "netProfit" : -2.36
  }, {
    "date" : "2022-06-30",
    "sales" : 1006.25,
    "salesGrowthYoY" : 51.62,
    "grossProfitMargin" : 100.00,
    "grossProfit" : 1006.25,
    "operatingProfitMargin" : 82.55,
    "operatingProfit" : 830.66,
    "netProfitMargin" : 60.40,
    "netProfit" : 607.77
  }, {
    "date" : "2022-09-30",
    "sales" : 880.74,
    "salesGrowthYoY" : -0.34,
    "grossProfitMargin" : 100.00,
    "grossProfit" : 880.74,
    "operatingProfitMargin" : 81.32,
    "operatingProfit" : 716.22,
    "netProfitMargin" : 51.21,
    "netProfit" : 451.03
  }, {
    "date" : "2022-12-31",
    "sales" : 551.67,
    "salesGrowthYoY" : 0.14,
    "grossProfitMargin" : 100.00,
    "grossProfit" : 551.67,
    "operatingProfitMargin" : 69.20,
    "operatingProfit" : 381.76,
    "netProfitMargin" : 55.33,
    "netProfit" : 305.24
  }, {
    "date" : "2023-03-31",
    "sales" : 496.75,
    "salesGrowthYoY" : 53.51,
    "grossProfitMargin" : 99.97,
    "grossProfit" : 496.60,
    "operatingProfitMargin" : 32.58,
    "operatingProfit" : 161.84,
    "netProfitMargin" : 4.26,
    "netProfit" : 21.16
  }, {
    "date" : "2023-06-30",
    "sales" : 664.62,
    "salesGrowthYoY" : -33.95,
    "grossProfitMargin" : 99.15,
    "grossProfit" : 658.97,
    "operatingProfitMargin" : 71.83,
    "operatingProfit" : 477.40,
    "netProfitMargin" : 40.65,
    "netProfit" : 270.17
  }, {
    "date" : "2023-09-30",
    "sales" : 870.74,
    "salesGrowthYoY" : -1.14,
    "grossProfitMargin" : 98.60,
    "grossProfit" : 858.55,
    "operatingProfitMargin" : 80.39,
    "operatingProfit" : 699.99,
    "netProfitMargin" : 50.69,
    "netProfit" : 441.38
  }, {
    "date" : "2023-12-31",
    "sales" : 536.55,
    "salesGrowthYoY" : -2.74,
    "grossProfitMargin" : 98.11,
    "grossProfit" : 526.41,
    "operatingProfitMargin" : 67.74,
    "operatingProfit" : 363.46,
    "netProfitMargin" : 28.73,
    "netProfit" : 154.15
  }, {
    "date" : "2024-03-31",
    "sales" : 461.68,
    "salesGrowthYoY" : -7.06,
    "grossProfitMargin" : 97.40,
    "grossProfit" : 449.68,
    "operatingProfitMargin" : 45.43,
    "operatingProfit" : 209.74,
    "netProfitMargin" : -6.37,
    "netProfit" : -29.41
  }, {
    "date" : "2024-06-30",
    "sales" : 831.73,
    "salesGrowthYoY" : 25.14,
    "grossProfitMargin" : 97.68,
    "grossProfit" : 812.43,
    "operatingProfitMargin" : 73.87,
    "operatingProfit" : 614.40,
    "netProfitMargin" : 39.33,
    "netProfit" : 327.12
  }, {
    "date" : "2024-09-30",
    "sales" : 994.51,
    "salesGrowthYoY" : 14.21,
    "grossProfitMargin" : 98.16,
    "grossProfit" : 976.21,
    "operatingProfitMargin" : 80.83,
    "operatingProfit" : 803.86,
    "netProfitMargin" : 47.57,
    "netProfit" : 473.09
  }, {
    "date" : "2024-12-31",
    "sales" : 625.02,
    "salesGrowthYoY" : 16.49,
    "grossProfitMargin" : 96.96,
    "grossProfit" : 606.02,
    "operatingProfitMargin" : 68.23,
    "operatingProfit" : 426.45,
    "netProfitMargin" : 22.28,
    "netProfit" : 139.25
  }, {
    "date" : "2025-03-31",
    "sales" : 445.99,
    "salesGrowthYoY" : -3.40,
    "grossProfitMargin" : 95.83,
    "grossProfit" : 427.39,
    "operatingProfitMargin" : 52.95,
    "operatingProfit" : 236.15,
    "netProfitMargin" : 6.89,
    "netProfit" : 30.73
  }, {
    "date" : "2025-06-30",
    "sales" : 822.44,
    "salesGrowthYoY" : -1.12,
    "grossProfitMargin" : 100.00,
    "grossProfit" : 822.44,
    "operatingProfitMargin" : 76.41,
    "operatingProfit" : 628.43,
    "netProfitMargin" : 31.43,
    "netProfit" : 258.49
  }, {
    "date" : "2025-09-30",
    "sales" : 942.03,
    "salesGrowthYoY" : -5.28,
    "grossProfitMargin" : 100.00,
    "grossProfit" : 942.03,
    "operatingProfitMargin" : 82.57,
    "operatingProfit" : 777.83,
    "netProfitMargin" : 39.52,
    "netProfit" : 372.29
  }, {
    "date" : "2025-12-31",
    "sales" : 846.13,
    "salesGrowthYoY" : 35.38,
    "grossProfitMargin" : 100.00,
    "grossProfit" : 846.13,
    "operatingProfitMargin" : 73.18,
    "operatingProfit" : 619.20,
    "netProfitMargin" : 29.75,
    "netProfit" : 251.72
  } ],
  "latestQuarterlyResult" : {
    "date" : "2025-12-31",
    "sales" : 846.13,
    "salesGrowthYoY" : 35.38,
    "grossProfitMargin" : 100.00,
    "grossProfit" : 846.13,
    "operatingProfitMargin" : 73.18,
    "operatingProfit" : 619.20,
    "netProfitMargin" : 29.75,
    "netProfit" : 251.72
  },
  "companyScore" : {
    "priceHigherThanDma50" : 5.00,
    "priceHigherThanDma100" : 0.00,
    "priceHigherThanDma200" : 0.00,
    "dma50HigherThanDma100" : 0.00,
    "dma50HigherThanDma200" : 0.00,
    "dma100HigherThanDma200" : 0.00,
    "pricePercentageAboveDma50" : 4.97,
    "pricePercentageAboveDma100" : 5.24,
    "pricePercentageAboveDma200" : 5.57,
    "weeklyVolumeHigherThanYearlyVolume" : 5.00,
    "salesGrowthPercentile" : 17.78,
    "operatingProfitMarginPercentile" : 13.20,
    "netProfitMarginPercentile" : 2.61,
    "totalTechnicalScore" : 25.77,
    "totalFundamentalScore" : 33.59,
    "totalScore" : 59.37
  }
}