{
  "metadata" : {
    "screenerCompanyId" : "3097",
    "companyCode" : "SKMEGGPROD",
    "companyName" : "SKM Egg Prod.",
    "screenerCompanyLink" : "https://www.screener.in/company/SKMEGGPROD/consolidated/",
    "screenerTechnicalHistoryLink" : "https://www.screener.in/api/company/3097/chart/?q=Price-DMA50-DMA200-Volume&days=365",
    "screenerQuarterlyResultsLink" : "https://www.screener.in/api/company/3097/chart/?q=GPM-OPM-NPM-Quarter+Sales&days=10000",
    "attributes" : {
      "companyCode" : "SKMEGGPROD",
      "companyName" : "SKM Egg Prod.",
      "marketCap" : 1078.00,
      "peRatio" : 13.90,
      "description" : "Incorporated in 1996, SKM Egg Products Export (India) Ltd is an Export Oriented Undertaking engaged in the production and sale of eggs and manufacture and sale of Egg Products[1]"
    },
    "companyScore" : {
      "priceHigherThanDma50" : 5.00,
      "priceHigherThanDma100" : 5.00,
      "priceHigherThanDma200" : 5.00,
      "dma50HigherThanDma100" : 5.00,
      "dma50HigherThanDma200" : 5.00,
      "dma100HigherThanDma200" : 5.00,
      "pricePercentageAboveDma50" : 4.66,
      "pricePercentageAboveDma100" : 4.58,
      "pricePercentageAboveDma200" : 3.91,
      "weeklyVolumeHigherThanYearlyVolume" : 5.00,
      "salesGrowthPercentile" : 16.25,
      "operatingProfitMarginPercentile" : 19.24,
      "netProfitMarginPercentile" : 9.17,
      "totalTechnicalScore" : 48.15,
      "totalFundamentalScore" : 44.66,
      "totalScore" : 92.80
    }
  },
  "attributes" : {
    "companyCode" : "SKMEGGPROD",
    "companyName" : "SKM Egg Prod.",
    "marketCap" : 1078.00,
    "peRatio" : 13.90,
    "description" : "Incorporated in 1996, SKM Egg Products Export (India) Ltd is an Export Oriented Undertaking engaged in the production and sale of eggs and manufacture and sale of Egg Products[1]"
  },
  "technicalHistory" : [ {
    "date" : "2025-01-30",
    "price" : 111.10,
    "dma50" : 117.56,
    "dma100" : null,
    "dma200" : 127.29,
    "volume" : 70468.00
  }, {
    "date" : "2025-01-31",
    "price" : 112.30,
    "dma50" : 117.35,
    "dma100" : null,
    "dma200" : 127.14,
    "volume" : 59170.00
  }, {
    "date" : "2025-02-01",
    "price" : 111.16,
    "dma50" : 117.11,
    "dma100" : null,
    "dma200" : 126.99,
    "volume" : 84180.00
  }, {
    "date" : "2025-02-03",
    "price" : 109.87,
    "dma50" : 116.83,
    "dma100" : null,
    "dma200" : 126.82,
    "volume" : 47237.00
  }, {
    "date" : "2025-02-04",
    "price" : 111.34,
    "dma50" : 116.61,
    "dma100" : null,
    "dma200" : 126.66,
    "volume" : 52100.00
  }, {
    "date" : "2025-02-05",
    "price" : 112.07,
    "dma50" : 116.43,
    "dma100" : null,
    "dma200" : 126.52,
    "volume" : 43791.00
  }, {
    "date" : "2025-02-06",
    "price" : 114.54,
    "dma50" : 116.36,
    "dma100" : null,
    "dma200" : 126.40,
    "volume" : 147346.00
  }, {
    "date" : "2025-02-07",
    "price" : 112.16,
    "dma50" : 116.19,
    "dma100" : null,
    "dma200" : 126.26,
    "volume" : 155718.00
  }, {
    "date" : "2025-02-10",
    "price" : 105.26,
    "dma50" : 115.77,
    "dma100" : null,
    "dma200" : 126.05,
    "volume" : 151358.00
  }, {
    "date" : "2025-02-11",
    "price" : 102.39,
    "dma50" : 115.24,
    "dma100" : null,
    "dma200" : 125.81,
    "volume" : 130089.00
  }, {
    "date" : "2025-02-12",
    "price" : 99.29,
    "dma50" : 114.62,
    "dma100" : null,
    "dma200" : 125.55,
    "volume" : 184043.00
  }, {
    "date" : "2025-02-13",
    "price" : 100.72,
    "dma50" : 114.07,
    "dma100" : null,
    "dma200" : 125.30,
    "volume" : 53658.00
  }, {
    "date" : "2025-02-14",
    "price" : 97.39,
    "dma50" : 113.42,
    "dma100" : null,
    "dma200" : 125.02,
    "volume" : 65604.00
  }, {
    "date" : "2025-02-17",
    "price" : 94.41,
    "dma50" : 112.67,
    "dma100" : null,
    "dma200" : 124.72,
    "volume" : 81244.00
  }, {
    "date" : "2025-02-18",
    "price" : 90.44,
    "dma50" : 111.80,
    "dma100" : null,
    "dma200" : 124.38,
    "volume" : 115613.00
  }, {
    "date" : "2025-02-19",
    "price" : 92.88,
    "dma50" : 111.06,
    "dma100" : null,
    "dma200" : 124.06,
    "volume" : 143856.00
  }, {
    "date" : "2025-02-20",
    "price" : 94.17,
    "dma50" : 110.39,
    "dma100" : null,
    "dma200" : 123.77,
    "volume" : 64340.00
  }, {
    "date" : "2025-02-21",
    "price" : 94.38,
    "dma50" : 109.77,
    "dma100" : null,
    "dma200" : 123.47,
    "volume" : 62961.00
  }, {
    "date" : "2025-02-24",
    "price" : 90.91,
    "dma50" : 109.03,
    "dma100" : null,
    "dma200" : 123.15,
    "volume" : 78337.00
  }, {
    "date" : "2025-02-25",
    "price" : 91.15,
    "dma50" : 108.33,
    "dma100" : null,
    "dma200" : 122.83,
    "volume" : 51638.00
  }, {
    "date" : "2025-02-27",
    "price" : 89.55,
    "dma50" : 107.59,
    "dma100" : null,
    "dma200" : 122.50,
    "volume" : 64357.00
  }, {
    "date" : "2025-02-28",
    "price" : 85.48,
    "dma50" : 106.72,
    "dma100" : null,
    "dma200" : 122.13,
    "volume" : 114476.00
  }, {
    "date" : "2025-03-03",
    "price" : 81.97,
    "dma50" : 105.75,
    "dma100" : null,
    "dma200" : 121.73,
    "volume" : 228007.00
  }, {
    "date" : "2025-03-04",
    "price" : 84.46,
    "dma50" : 104.92,
    "dma100" : null,
    "dma200" : 121.36,
    "volume" : 108448.00
  }, {
    "date" : "2025-03-05",
    "price" : 87.21,
    "dma50" : 104.22,
    "dma100" : null,
    "dma200" : 121.02,
    "volume" : 155470.00
  }, {
    "date" : "2025-03-06",
    "price" : 90.74,
    "dma50" : 103.69,
    "dma100" : null,
    "dma200" : 120.72,
    "volume" : 140963.00
  }, {
    "date" : "2025-03-07",
    "price" : 89.39,
    "dma50" : 103.13,
    "dma100" : null,
    "dma200" : 120.41,
    "volume" : 104446.00
  }, {
    "date" : "2025-03-10",
    "price" : 85.06,
    "dma50" : 102.42,
    "dma100" : null,
    "dma200" : 120.06,
    "volume" : 96895.00
  }, {
    "date" : "2025-03-11",
    "price" : 82.83,
    "dma50" : 101.66,
    "dma100" : null,
    "dma200" : 119.69,
    "volume" : 117044.00
  }, {
    "date" : "2025-03-12",
    "price" : 82.15,
    "dma50" : 100.89,
    "dma100" : null,
    "dma200" : 119.31,
    "volume" : 95421.00
  }, {
    "date" : "2025-03-13",
    "price" : 82.03,
    "dma50" : 100.15,
    "dma100" : null,
    "dma200" : 118.94,
    "volume" : 86658.00
  }, {
    "date" : "2025-03-17",
    "price" : 80.51,
    "dma50" : 99.38,
    "dma100" : null,
    "dma200" : 118.56,
    "volume" : 124661.00
  }, {
    "date" : "2025-03-18",
    "price" : 83.73,
    "dma50" : 98.77,
    "dma100" : null,
    "dma200" : 118.21,
    "volume" : 119869.00
  }, {
    "date" : "2025-03-19",
    "price" : 85.74,
    "dma50" : 98.26,
    "dma100" : null,
    "dma200" : 117.89,
    "volume" : 158116.00
  }, {
    "date" : "2025-03-20",
    "price" : 86.11,
    "dma50" : 97.78,
    "dma100" : null,
    "dma200" : 117.57,
    "volume" : 99950.00
  }, {
    "date" : "2025-03-21",
    "price" : 87.79,
    "dma50" : 97.39,
    "dma100" : null,
    "dma200" : 117.28,
    "volume" : 113616.00
  }, {
    "date" : "2025-03-24",
    "price" : 88.17,
    "dma50" : 97.03,
    "dma100" : null,
    "dma200" : 116.99,
    "volume" : 238280.00
  }, {
    "date" : "2025-03-25",
    "price" : 84.21,
    "dma50" : 96.52,
    "dma100" : null,
    "dma200" : 116.66,
    "volume" : 163844.00
  }, {
    "date" : "2025-03-26",
    "price" : 82.96,
    "dma50" : 95.99,
    "dma100" : null,
    "dma200" : 116.33,
    "volume" : 248790.00
  }, {
    "date" : "2025-03-27",
    "price" : 82.87,
    "dma50" : 95.48,
    "dma100" : null,
    "dma200" : 115.99,
    "volume" : 389702.00
  }, {
    "date" : "2025-03-28",
    "price" : 80.59,
    "dma50" : 94.89,
    "dma100" : null,
    "dma200" : 115.64,
    "volume" : 266205.00
  }, {
    "date" : "2025-04-01",
    "price" : 89.11,
    "dma50" : 94.67,
    "dma100" : null,
    "dma200" : 115.38,
    "volume" : 322069.00
  }, {
    "date" : "2025-04-02",
    "price" : 88.57,
    "dma50" : 94.43,
    "dma100" : null,
    "dma200" : 115.11,
    "volume" : 77948.00
  }, {
    "date" : "2025-04-03",
    "price" : 90.60,
    "dma50" : 94.28,
    "dma100" : null,
    "dma200" : 114.87,
    "volume" : 97524.00
  }, {
    "date" : "2025-04-04",
    "price" : 88.04,
    "dma50" : 94.03,
    "dma100" : null,
    "dma200" : 114.60,
    "volume" : 74542.00
  }, {
    "date" : "2025-04-07",
    "price" : 89.82,
    "dma50" : 93.87,
    "dma100" : null,
    "dma200" : 114.35,
    "volume" : 173527.00
  }, {
    "date" : "2025-04-08",
    "price" : 96.11,
    "dma50" : 93.96,
    "dma100" : null,
    "dma200" : 114.17,
    "volume" : 365296.00
  }, {
    "date" : "2025-04-09",
    "price" : 94.06,
    "dma50" : 93.96,
    "dma100" : null,
    "dma200" : 113.97,
    "volume" : 94018.00
  }, {
    "date" : "2025-04-11",
    "price" : 99.62,
    "dma50" : 94.18,
    "dma100" : null,
    "dma200" : 113.83,
    "volume" : 243736.00
  }, {
    "date" : "2025-04-15",
    "price" : 101.43,
    "dma50" : 94.47,
    "dma100" : null,
    "dma200" : 113.70,
    "volume" : 271776.00
  }, {
    "date" : "2025-04-16",
    "price" : 99.64,
    "dma50" : 94.67,
    "dma100" : null,
    "dma200" : 113.56,
    "volume" : 170026.00
  }, {
    "date" : "2025-04-17",
    "price" : 100.47,
    "dma50" : 94.90,
    "dma100" : null,
    "dma200" : 113.43,
    "volume" : 86170.00
  }, {
    "date" : "2025-04-21",
    "price" : 99.31,
    "dma50" : 95.07,
    "dma100" : null,
    "dma200" : 113.29,
    "volume" : 83475.00
  }, {
    "date" : "2025-04-22",
    "price" : 99.86,
    "dma50" : 95.26,
    "dma100" : null,
    "dma200" : 113.16,
    "volume" : 87106.00
  }, {
    "date" : "2025-04-23",
    "price" : 100.82,
    "dma50" : 95.48,
    "dma100" : null,
    "dma200" : 113.04,
    "volume" : 110464.00
  }, {
    "date" : "2025-04-24",
    "price" : 101.22,
    "dma50" : 95.70,
    "dma100" : null,
    "dma200" : 112.92,
    "volume" : 100864.00
  }, {
    "date" : "2025-04-25",
    "price" : 96.98,
    "dma50" : 95.75,
    "dma100" : null,
    "dma200" : 112.76,
    "volume" : 82136.00
  }, {
    "date" : "2025-04-28",
    "price" : 98.56,
    "dma50" : 95.86,
    "dma100" : null,
    "dma200" : 112.62,
    "volume" : 61336.00
  }, {
    "date" : "2025-04-29",
    "price" : 99.16,
    "dma50" : 95.99,
    "dma100" : null,
    "dma200" : 112.49,
    "volume" : 66025.00
  }, {
    "date" : "2025-04-30",
    "price" : 96.93,
    "dma50" : 96.03,
    "dma100" : null,
    "dma200" : 112.33,
    "volume" : 53184.00
  }, {
    "date" : "2025-05-02",
    "price" : 96.48,
    "dma50" : 96.05,
    "dma100" : null,
    "dma200" : 112.17,
    "volume" : 25531.00
  }, {
    "date" : "2025-05-05",
    "price" : 96.95,
    "dma50" : 96.08,
    "dma100" : null,
    "dma200" : 112.02,
    "volume" : 40425.00
  }, {
    "date" : "2025-05-06",
    "price" : 94.83,
    "dma50" : 96.03,
    "dma100" : null,
    "dma200" : 111.85,
    "volume" : 88023.00
  }, {
    "date" : "2025-05-07",
    "price" : 92.96,
    "dma50" : 95.91,
    "dma100" : null,
    "dma200" : 111.66,
    "volume" : 91472.00
  }, {
    "date" : "2025-05-08",
    "price" : 95.04,
    "dma50" : 95.88,
    "dma100" : null,
    "dma200" : 111.50,
    "volume" : 54352.00
  }, {
    "date" : "2025-05-09",
    "price" : 91.04,
    "dma50" : 95.69,
    "dma100" : null,
    "dma200" : 111.29,
    "volume" : 144021.00
  }, {
    "date" : "2025-05-12",
    "price" : 96.66,
    "dma50" : 95.73,
    "dma100" : null,
    "dma200" : 111.15,
    "volume" : 82083.00
  }, {
    "date" : "2025-05-13",
    "price" : 97.17,
    "dma50" : 95.78,
    "dma100" : null,
    "dma200" : 111.01,
    "volume" : 58530.00
  }, {
    "date" : "2025-05-14",
    "price" : 97.50,
    "dma50" : 95.85,
    "dma100" : null,
    "dma200" : 110.88,
    "volume" : 48116.00
  }, {
    "date" : "2025-05-15",
    "price" : 98.68,
    "dma50" : 95.96,
    "dma100" : null,
    "dma200" : 110.75,
    "volume" : 80949.00
  }, {
    "date" : "2025-05-16",
    "price" : 99.86,
    "dma50" : 96.11,
    "dma100" : null,
    "dma200" : 110.65,
    "volume" : 139260.00
  }, {
    "date" : "2025-05-19",
    "price" : 103.36,
    "dma50" : 96.40,
    "dma100" : null,
    "dma200" : 110.57,
    "volume" : 356370.00
  }, {
    "date" : "2025-05-20",
    "price" : 103.22,
    "dma50" : 96.67,
    "dma100" : null,
    "dma200" : 110.50,
    "volume" : 177733.00
  }, {
    "date" : "2025-05-21",
    "price" : 102.91,
    "dma50" : 96.91,
    "dma100" : null,
    "dma200" : 110.42,
    "volume" : 239043.00
  }, {
    "date" : "2025-05-22",
    "price" : 104.75,
    "dma50" : 97.22,
    "dma100" : null,
    "dma200" : 110.37,
    "volume" : 149288.00
  }, {
    "date" : "2025-05-23",
    "price" : 103.28,
    "dma50" : 97.46,
    "dma100" : null,
    "dma200" : 110.30,
    "volume" : 65468.00
  }, {
    "date" : "2025-05-26",
    "price" : 104.29,
    "dma50" : 97.72,
    "dma100" : null,
    "dma200" : 110.24,
    "volume" : 82667.00
  }, {
    "date" : "2025-05-27",
    "price" : 107.08,
    "dma50" : 98.09,
    "dma100" : null,
    "dma200" : 110.21,
    "volume" : 147320.00
  }, {
    "date" : "2025-05-28",
    "price" : 108.16,
    "dma50" : 98.49,
    "dma100" : null,
    "dma200" : 110.19,
    "volume" : 352524.00
  }, {
    "date" : "2025-05-29",
    "price" : 113.96,
    "dma50" : 99.09,
    "dma100" : null,
    "dma200" : 110.22,
    "volume" : 293034.00
  }, {
    "date" : "2025-05-30",
    "price" : 106.55,
    "dma50" : 99.38,
    "dma100" : null,
    "dma200" : 110.19,
    "volume" : 581096.00
  }, {
    "date" : "2025-06-02",
    "price" : 99.87,
    "dma50" : 99.40,
    "dma100" : null,
    "dma200" : 110.08,
    "volume" : 457333.00
  }, {
    "date" : "2025-06-03",
    "price" : 101.34,
    "dma50" : 99.48,
    "dma100" : null,
    "dma200" : 110.00,
    "volume" : 114429.00
  }, {
    "date" : "2025-06-04",
    "price" : 103.43,
    "dma50" : 99.63,
    "dma100" : null,
    "dma200" : 109.93,
    "volume" : 153492.00
  }, {
    "date" : "2025-06-05",
    "price" : 110.25,
    "dma50" : 100.05,
    "dma100" : null,
    "dma200" : 109.93,
    "volume" : 819490.00
  }, {
    "date" : "2025-06-06",
    "price" : 112.76,
    "dma50" : 100.55,
    "dma100" : null,
    "dma200" : 109.96,
    "volume" : 220501.00
  }, {
    "date" : "2025-06-09",
    "price" : 117.76,
    "dma50" : 101.22,
    "dma100" : null,
    "dma200" : 110.04,
    "volume" : 545604.00
  }, {
    "date" : "2025-06-10",
    "price" : 122.88,
    "dma50" : 102.07,
    "dma100" : null,
    "dma200" : 110.17,
    "volume" : 502566.00
  }, {
    "date" : "2025-06-11",
    "price" : 123.97,
    "dma50" : 102.93,
    "dma100" : null,
    "dma200" : 110.31,
    "volume" : 480217.00
  }, {
    "date" : "2025-06-12",
    "price" : 126.86,
    "dma50" : 103.87,
    "dma100" : null,
    "dma200" : 110.47,
    "volume" : 537464.00
  }, {
    "date" : "2025-06-13",
    "price" : 128.93,
    "dma50" : 104.85,
    "dma100" : null,
    "dma200" : 110.65,
    "volume" : 484768.00
  }, {
    "date" : "2025-06-16",
    "price" : 128.50,
    "dma50" : 105.78,
    "dma100" : null,
    "dma200" : 110.83,
    "volume" : 267691.00
  }, {
    "date" : "2025-06-17",
    "price" : 123.76,
    "dma50" : 106.49,
    "dma100" : null,
    "dma200" : 110.96,
    "volume" : 99798.00
  }, {
    "date" : "2025-06-18",
    "price" : 122.88,
    "dma50" : 107.13,
    "dma100" : null,
    "dma200" : 111.08,
    "volume" : 58640.00
  }, {
    "date" : "2025-06-19",
    "price" : 122.28,
    "dma50" : 107.72,
    "dma100" : null,
    "dma200" : 111.19,
    "volume" : 99086.00
  }, {
    "date" : "2025-06-20",
    "price" : 126.52,
    "dma50" : 108.46,
    "dma100" : null,
    "dma200" : 111.34,
    "volume" : 97862.00
  }, {
    "date" : "2025-06-23",
    "price" : 125.00,
    "dma50" : 109.11,
    "dma100" : null,
    "dma200" : 111.48,
    "volume" : 48521.00
  }, {
    "date" : "2025-06-24",
    "price" : 124.27,
    "dma50" : 109.70,
    "dma100" : null,
    "dma200" : 111.61,
    "volume" : 48233.00
  }, {
    "date" : "2025-06-25",
    "price" : 124.06,
    "dma50" : 110.27,
    "dma100" : null,
    "dma200" : 111.73,
    "volume" : 44319.00
  }, {
    "date" : "2025-06-26",
    "price" : 124.00,
    "dma50" : 110.80,
    "dma100" : null,
    "dma200" : 111.85,
    "volume" : 36608.00
  }, {
    "date" : "2025-06-27",
    "price" : 121.30,
    "dma50" : 111.22,
    "dma100" : 100.56,
    "dma200" : 111.95,
    "volume" : 71440.00
  }, {
    "date" : "2025-06-30",
    "price" : 127.37,
    "dma50" : 111.85,
    "dma100" : 100.71,
    "dma200" : 112.10,
    "volume" : 108173.00
  }, {
    "date" : "2025-07-01",
    "price" : 133.73,
    "dma50" : 112.71,
    "dma100" : 100.94,
    "dma200" : 112.31,
    "volume" : 266817.00
  }, {
    "date" : "2025-07-02",
    "price" : 133.38,
    "dma50" : 113.52,
    "dma100" : 101.17,
    "dma200" : 112.52,
    "volume" : 166531.00
  }, {
    "date" : "2025-07-03",
    "price" : 135.18,
    "dma50" : 114.37,
    "dma100" : 101.41,
    "dma200" : 112.75,
    "volume" : 137188.00
  }, {
    "date" : "2025-07-04",
    "price" : 133.83,
    "dma50" : 115.13,
    "dma100" : 101.63,
    "dma200" : 112.96,
    "volume" : 93119.00
  }, {
    "date" : "2025-07-07",
    "price" : 132.55,
    "dma50" : 115.81,
    "dma100" : 101.81,
    "dma200" : 113.15,
    "volume" : 80690.00
  }, {
    "date" : "2025-07-08",
    "price" : 134.65,
    "dma50" : 116.55,
    "dma100" : 102.03,
    "dma200" : 113.37,
    "volume" : 75598.00
  }, {
    "date" : "2025-07-09",
    "price" : 135.45,
    "dma50" : 117.29,
    "dma100" : 102.33,
    "dma200" : 113.59,
    "volume" : 170356.00
  }, {
    "date" : "2025-07-10",
    "price" : 139.38,
    "dma50" : 118.16,
    "dma100" : 102.70,
    "dma200" : 113.84,
    "volume" : 240066.00
  }, {
    "date" : "2025-07-11",
    "price" : 145.30,
    "dma50" : 119.22,
    "dma100" : 103.16,
    "dma200" : 114.16,
    "volume" : 402176.00
  }, {
    "date" : "2025-07-14",
    "price" : 152.55,
    "dma50" : 120.53,
    "dma100" : 103.68,
    "dma200" : 114.54,
    "volume" : 449898.00
  }, {
    "date" : "2025-07-15",
    "price" : 155.98,
    "dma50" : 121.92,
    "dma100" : 104.27,
    "dma200" : 114.95,
    "volume" : 569709.00
  }, {
    "date" : "2025-07-16",
    "price" : 152.88,
    "dma50" : 123.14,
    "dma100" : 104.85,
    "dma200" : 115.33,
    "volume" : 67075.00
  }, {
    "date" : "2025-07-17",
    "price" : 149.83,
    "dma50" : 124.18,
    "dma100" : 105.45,
    "dma200" : 115.67,
    "volume" : 30680.00
  }, {
    "date" : "2025-07-18",
    "price" : 146.83,
    "dma50" : 125.07,
    "dma100" : 105.99,
    "dma200" : 115.98,
    "volume" : 19422.00
  }, {
    "date" : "2025-07-21",
    "price" : 144.05,
    "dma50" : 125.81,
    "dma100" : 106.49,
    "dma200" : 116.26,
    "volume" : 170556.00
  }, {
    "date" : "2025-07-22",
    "price" : 142.50,
    "dma50" : 126.47,
    "dma100" : 106.97,
    "dma200" : 116.52,
    "volume" : 62874.00
  }, {
    "date" : "2025-07-23",
    "price" : 145.35,
    "dma50" : 127.21,
    "dma100" : 107.51,
    "dma200" : 116.81,
    "volume" : 78420.00
  }, {
    "date" : "2025-07-24",
    "price" : 148.25,
    "dma50" : 128.03,
    "dma100" : 108.08,
    "dma200" : 117.12,
    "volume" : 51574.00
  }, {
    "date" : "2025-07-25",
    "price" : 151.20,
    "dma50" : 128.94,
    "dma100" : 108.70,
    "dma200" : 117.46,
    "volume" : 111740.00
  }, {
    "date" : "2025-07-28",
    "price" : 148.18,
    "dma50" : 129.70,
    "dma100" : 109.33,
    "dma200" : 117.77,
    "volume" : 141036.00
  }, {
    "date" : "2025-07-29",
    "price" : 146.25,
    "dma50" : 130.35,
    "dma100" : 109.97,
    "dma200" : 118.05,
    "volume" : 49422.00
  }, {
    "date" : "2025-07-30",
    "price" : 146.00,
    "dma50" : 130.96,
    "dma100" : 110.58,
    "dma200" : 118.33,
    "volume" : 63810.00
  }, {
    "date" : "2025-07-31",
    "price" : 148.85,
    "dma50" : 131.66,
    "dma100" : 111.20,
    "dma200" : 118.63,
    "volume" : 161600.00
  }, {
    "date" : "2025-08-01",
    "price" : 151.83,
    "dma50" : 132.45,
    "dma100" : 111.81,
    "dma200" : 118.96,
    "volume" : 103353.00
  }, {
    "date" : "2025-08-04",
    "price" : 154.85,
    "dma50" : 133.33,
    "dma100" : 112.47,
    "dma200" : 119.32,
    "volume" : 95310.00
  }, {
    "date" : "2025-08-05",
    "price" : 157.93,
    "dma50" : 134.30,
    "dma100" : 113.19,
    "dma200" : 119.70,
    "volume" : 172273.00
  }, {
    "date" : "2025-08-06",
    "price" : 157.28,
    "dma50" : 135.20,
    "dma100" : 113.94,
    "dma200" : 120.08,
    "volume" : 138262.00
  }, {
    "date" : "2025-08-07",
    "price" : 160.40,
    "dma50" : 136.19,
    "dma100" : 114.72,
    "dma200" : 120.48,
    "volume" : 161922.00
  }, {
    "date" : "2025-08-08",
    "price" : 163.60,
    "dma50" : 137.26,
    "dma100" : 115.54,
    "dma200" : 120.91,
    "volume" : 159424.00
  }, {
    "date" : "2025-08-11",
    "price" : 166.85,
    "dma50" : 138.42,
    "dma100" : 116.40,
    "dma200" : 121.37,
    "volume" : 96112.00
  }, {
    "date" : "2025-08-12",
    "price" : 170.18,
    "dma50" : 139.67,
    "dma100" : 117.27,
    "dma200" : 121.85,
    "volume" : 73231.00
  }, {
    "date" : "2025-08-13",
    "price" : 173.58,
    "dma50" : 141.00,
    "dma100" : 118.14,
    "dma200" : 122.37,
    "volume" : 52737.00
  }, {
    "date" : "2025-08-14",
    "price" : 170.10,
    "dma50" : 142.14,
    "dma100" : 118.98,
    "dma200" : 122.84,
    "volume" : 164990.00
  }, {
    "date" : "2025-08-18",
    "price" : 166.70,
    "dma50" : 143.10,
    "dma100" : 119.77,
    "dma200" : 123.28,
    "volume" : 51578.00
  }, {
    "date" : "2025-08-19",
    "price" : 163.38,
    "dma50" : 143.90,
    "dma100" : 120.52,
    "dma200" : 123.68,
    "volume" : 36775.00
  }, {
    "date" : "2025-08-20",
    "price" : 160.13,
    "dma50" : 144.53,
    "dma100" : 121.28,
    "dma200" : 124.04,
    "volume" : 135393.00
  }, {
    "date" : "2025-08-21",
    "price" : 163.30,
    "dma50" : 145.27,
    "dma100" : 122.09,
    "dma200" : 124.43,
    "volume" : 179404.00
  }, {
    "date" : "2025-08-22",
    "price" : 166.55,
    "dma50" : 146.10,
    "dma100" : 122.92,
    "dma200" : 124.85,
    "volume" : 116624.00
  }, {
    "date" : "2025-08-25",
    "price" : 174.88,
    "dma50" : 147.23,
    "dma100" : 123.87,
    "dma200" : 125.35,
    "volume" : 165610.00
  }, {
    "date" : "2025-08-26",
    "price" : 181.70,
    "dma50" : 148.58,
    "dma100" : 124.79,
    "dma200" : 125.91,
    "volume" : 467230.00
  }, {
    "date" : "2025-08-28",
    "price" : 176.98,
    "dma50" : 149.70,
    "dma100" : 125.68,
    "dma200" : 126.42,
    "volume" : 204267.00
  }, {
    "date" : "2025-08-29",
    "price" : 185.80,
    "dma50" : 151.11,
    "dma100" : 126.63,
    "dma200" : 127.01,
    "volume" : 215995.00
  }, {
    "date" : "2025-09-01",
    "price" : 185.35,
    "dma50" : 152.46,
    "dma100" : 127.60,
    "dma200" : 127.59,
    "volume" : 205954.00
  }, {
    "date" : "2025-09-02",
    "price" : 182.50,
    "dma50" : 153.63,
    "dma100" : 128.53,
    "dma200" : 128.13,
    "volume" : 119944.00
  }, {
    "date" : "2025-09-03",
    "price" : 183.45,
    "dma50" : 154.80,
    "dma100" : 129.40,
    "dma200" : 128.68,
    "volume" : 101682.00
  }, {
    "date" : "2025-09-04",
    "price" : 180.38,
    "dma50" : 155.81,
    "dma100" : 130.27,
    "dma200" : 129.20,
    "volume" : 129674.00
  }, {
    "date" : "2025-09-05",
    "price" : 177.50,
    "dma50" : 156.66,
    "dma100" : 131.04,
    "dma200" : 129.68,
    "volume" : 112410.00
  }, {
    "date" : "2025-09-08",
    "price" : 168.63,
    "dma50" : 157.13,
    "dma100" : 131.72,
    "dma200" : 130.07,
    "volume" : 237540.00
  }, {
    "date" : "2025-09-09",
    "price" : 168.15,
    "dma50" : 157.56,
    "dma100" : 132.40,
    "dma200" : 130.45,
    "volume" : 186369.00
  }, {
    "date" : "2025-09-10",
    "price" : 170.90,
    "dma50" : 158.08,
    "dma100" : 133.11,
    "dma200" : 130.85,
    "volume" : 98724.00
  }, {
    "date" : "2025-09-11",
    "price" : 169.70,
    "dma50" : 158.54,
    "dma100" : 133.81,
    "dma200" : 131.23,
    "volume" : 64762.00
  }, {
    "date" : "2025-09-12",
    "price" : 170.20,
    "dma50" : 158.99,
    "dma100" : 134.51,
    "dma200" : 131.62,
    "volume" : 46740.00
  }, {
    "date" : "2025-09-15",
    "price" : 168.70,
    "dma50" : 159.38,
    "dma100" : 135.19,
    "dma200" : 131.99,
    "volume" : 64804.00
  }, {
    "date" : "2025-09-16",
    "price" : 168.13,
    "dma50" : 159.72,
    "dma100" : 135.86,
    "dma200" : 132.35,
    "volume" : 53727.00
  }, {
    "date" : "2025-09-17",
    "price" : 176.53,
    "dma50" : 160.38,
    "dma100" : 136.66,
    "dma200" : 132.79,
    "volume" : 77835.00
  }, {
    "date" : "2025-09-18",
    "price" : 178.13,
    "dma50" : 161.07,
    "dma100" : 137.45,
    "dma200" : 133.24,
    "volume" : 88641.00
  }, {
    "date" : "2025-09-19",
    "price" : 173.10,
    "dma50" : 161.55,
    "dma100" : 138.19,
    "dma200" : 133.64,
    "volume" : 82956.00
  }, {
    "date" : "2025-09-22",
    "price" : 169.10,
    "dma50" : 161.84,
    "dma100" : 138.91,
    "dma200" : 133.99,
    "volume" : 87858.00
  }, {
    "date" : "2025-09-23",
    "price" : 160.68,
    "dma50" : 161.80,
    "dma100" : 139.56,
    "dma200" : 134.26,
    "volume" : 177528.00
  }, {
    "date" : "2025-09-24",
    "price" : 159.58,
    "dma50" : 161.71,
    "dma100" : 140.18,
    "dma200" : 134.51,
    "volume" : 146582.00
  }, {
    "date" : "2025-09-25",
    "price" : 162.45,
    "dma50" : 161.74,
    "dma100" : 140.86,
    "dma200" : 134.79,
    "volume" : 62826.00
  }, {
    "date" : "2025-09-26",
    "price" : 159.15,
    "dma50" : 161.64,
    "dma100" : 141.52,
    "dma200" : 135.03,
    "volume" : 86228.00
  }, {
    "date" : "2025-09-29",
    "price" : 151.20,
    "dma50" : 161.23,
    "dma100" : 142.08,
    "dma200" : 135.19,
    "volume" : 169310.00
  }, {
    "date" : "2025-09-30",
    "price" : 156.23,
    "dma50" : 161.03,
    "dma100" : 142.73,
    "dma200" : 135.40,
    "volume" : 261597.00
  }, {
    "date" : "2025-10-01",
    "price" : 153.58,
    "dma50" : 160.74,
    "dma100" : 143.30,
    "dma200" : 135.58,
    "volume" : 48669.00
  }, {
    "date" : "2025-10-03",
    "price" : 155.28,
    "dma50" : 160.53,
    "dma100" : 143.88,
    "dma200" : 135.78,
    "volume" : 58649.00
  }, {
    "date" : "2025-10-06",
    "price" : 158.65,
    "dma50" : 160.45,
    "dma100" : 144.50,
    "dma200" : 136.00,
    "volume" : 120964.00
  }, {
    "date" : "2025-10-07",
    "price" : 157.35,
    "dma50" : 160.33,
    "dma100" : 145.08,
    "dma200" : 136.22,
    "volume" : 66458.00
  }, {
    "date" : "2025-10-08",
    "price" : 161.93,
    "dma50" : 160.39,
    "dma100" : 145.70,
    "dma200" : 136.47,
    "volume" : 128191.00
  }, {
    "date" : "2025-10-09",
    "price" : 170.00,
    "dma50" : 160.77,
    "dma100" : 146.37,
    "dma200" : 136.81,
    "volume" : 159943.00
  }, {
    "date" : "2025-10-10",
    "price" : 169.55,
    "dma50" : 161.11,
    "dma100" : 147.03,
    "dma200" : 137.13,
    "volume" : 88246.00
  }, {
    "date" : "2025-10-13",
    "price" : 169.83,
    "dma50" : 161.46,
    "dma100" : 147.70,
    "dma200" : 137.46,
    "volume" : 119395.00
  }, {
    "date" : "2025-10-14",
    "price" : 165.93,
    "dma50" : 161.63,
    "dma100" : 148.31,
    "dma200" : 137.74,
    "volume" : 66695.00
  }, {
    "date" : "2025-10-15",
    "price" : 165.48,
    "dma50" : 161.78,
    "dma100" : 148.94,
    "dma200" : 138.02,
    "volume" : 47483.00
  }, {
    "date" : "2025-10-16",
    "price" : 167.75,
    "dma50" : 162.02,
    "dma100" : 149.57,
    "dma200" : 138.31,
    "volume" : 68784.00
  }, {
    "date" : "2025-10-17",
    "price" : 168.23,
    "dma50" : 162.26,
    "dma100" : 150.18,
    "dma200" : 138.61,
    "volume" : 67499.00
  }, {
    "date" : "2025-10-20",
    "price" : 175.58,
    "dma50" : 162.78,
    "dma100" : 150.86,
    "dma200" : 138.98,
    "volume" : 106372.00
  }, {
    "date" : "2025-10-21",
    "price" : 176.28,
    "dma50" : 163.31,
    "dma100" : 151.48,
    "dma200" : 139.35,
    "volume" : 81768.00
  }, {
    "date" : "2025-10-23",
    "price" : 180.95,
    "dma50" : 164.00,
    "dma100" : 152.22,
    "dma200" : 139.76,
    "volume" : 169656.00
  }, {
    "date" : "2025-10-24",
    "price" : 181.23,
    "dma50" : 164.68,
    "dma100" : 153.04,
    "dma200" : 140.18,
    "volume" : 109704.00
  }, {
    "date" : "2025-10-27",
    "price" : 183.60,
    "dma50" : 165.42,
    "dma100" : 153.86,
    "dma200" : 140.61,
    "volume" : 212702.00
  }, {
    "date" : "2025-10-28",
    "price" : 184.15,
    "dma50" : 166.16,
    "dma100" : 154.67,
    "dma200" : 141.04,
    "volume" : 159036.00
  }, {
    "date" : "2025-10-29",
    "price" : 193.35,
    "dma50" : 167.22,
    "dma100" : 155.50,
    "dma200" : 141.56,
    "volume" : 247576.00
  }, {
    "date" : "2025-10-30",
    "price" : 203.00,
    "dma50" : 168.62,
    "dma100" : 156.40,
    "dma200" : 142.17,
    "volume" : 368276.00
  }, {
    "date" : "2025-10-31",
    "price" : 208.63,
    "dma50" : 170.19,
    "dma100" : 157.31,
    "dma200" : 142.83,
    "volume" : 530247.00
  }, {
    "date" : "2025-11-03",
    "price" : 213.90,
    "dma50" : 171.91,
    "dma100" : 158.22,
    "dma200" : 143.54,
    "volume" : 923228.00
  }, {
    "date" : "2025-11-04",
    "price" : 209.68,
    "dma50" : 173.39,
    "dma100" : 159.08,
    "dma200" : 144.20,
    "volume" : 383606.00
  }, {
    "date" : "2025-11-06",
    "price" : 202.58,
    "dma50" : 174.53,
    "dma100" : 159.83,
    "dma200" : 144.78,
    "volume" : 231959.00
  }, {
    "date" : "2025-11-07",
    "price" : 210.63,
    "dma50" : 175.95,
    "dma100" : 160.65,
    "dma200" : 145.44,
    "volume" : 570922.00
  }, {
    "date" : "2025-11-10",
    "price" : 209.63,
    "dma50" : 177.27,
    "dma100" : 161.46,
    "dma200" : 146.07,
    "volume" : 181015.00
  }, {
    "date" : "2025-11-11",
    "price" : 210.08,
    "dma50" : 178.56,
    "dma100" : 162.32,
    "dma200" : 146.71,
    "volume" : 150653.00
  }, {
    "date" : "2025-11-12",
    "price" : 209.25,
    "dma50" : 179.76,
    "dma100" : 163.19,
    "dma200" : 147.33,
    "volume" : 282318.00
  }, {
    "date" : "2025-11-13",
    "price" : 203.55,
    "dma50" : 180.69,
    "dma100" : 164.00,
    "dma200" : 147.89,
    "volume" : 155162.00
  }, {
    "date" : "2025-11-14",
    "price" : 210.45,
    "dma50" : 181.86,
    "dma100" : 164.84,
    "dma200" : 148.51,
    "volume" : 203450.00
  }, {
    "date" : "2025-11-17",
    "price" : 214.00,
    "dma50" : 183.12,
    "dma100" : 165.73,
    "dma200" : 149.17,
    "volume" : 325706.00
  }, {
    "date" : "2025-11-18",
    "price" : 213.63,
    "dma50" : 184.32,
    "dma100" : 166.62,
    "dma200" : 149.81,
    "volume" : 136533.00
  }, {
    "date" : "2025-11-19",
    "price" : 206.68,
    "dma50" : 185.19,
    "dma100" : 167.45,
    "dma200" : 150.37,
    "volume" : 125410.00
  }, {
    "date" : "2025-11-20",
    "price" : 210.85,
    "dma50" : 186.20,
    "dma100" : 168.32,
    "dma200" : 150.98,
    "volume" : 137228.00
  }, {
    "date" : "2025-11-21",
    "price" : 220.98,
    "dma50" : 187.56,
    "dma100" : 169.31,
    "dma200" : 151.67,
    "volume" : 1219795.00
  }, {
    "date" : "2025-11-24",
    "price" : 214.00,
    "dma50" : 188.60,
    "dma100" : 170.18,
    "dma200" : 152.29,
    "volume" : 499058.00
  }, {
    "date" : "2025-11-25",
    "price" : 212.15,
    "dma50" : 189.52,
    "dma100" : 170.97,
    "dma200" : 152.89,
    "volume" : 161820.00
  }, {
    "date" : "2025-11-26",
    "price" : 220.35,
    "dma50" : 190.73,
    "dma100" : 171.84,
    "dma200" : 153.56,
    "volume" : 448230.00
  }, {
    "date" : "2025-11-27",
    "price" : 218.53,
    "dma50" : 191.82,
    "dma100" : 172.67,
    "dma200" : 154.21,
    "volume" : 146575.00
  }, {
    "date" : "2025-11-28",
    "price" : 211.43,
    "dma50" : 192.59,
    "dma100" : 173.44,
    "dma200" : 154.77,
    "volume" : 278755.00
  }, {
    "date" : "2025-12-01",
    "price" : 209.40,
    "dma50" : 193.25,
    "dma100" : 174.21,
    "dma200" : 155.32,
    "volume" : 168744.00
  }, {
    "date" : "2025-12-02",
    "price" : 208.83,
    "dma50" : 193.86,
    "dma100" : 174.96,
    "dma200" : 155.85,
    "volume" : 104546.00
  }, {
    "date" : "2025-12-03",
    "price" : 203.05,
    "dma50" : 194.22,
    "dma100" : 175.63,
    "dma200" : 156.32,
    "volume" : 158826.00
  }, {
    "date" : "2025-12-04",
    "price" : 203.30,
    "dma50" : 194.58,
    "dma100" : 176.27,
    "dma200" : 156.79,
    "volume" : 164988.00
  }, {
    "date" : "2025-12-05",
    "price" : 200.98,
    "dma50" : 194.83,
    "dma100" : 176.83,
    "dma200" : 157.23,
    "volume" : 115614.00
  }, {
    "date" : "2025-12-08",
    "price" : 192.15,
    "dma50" : 194.72,
    "dma100" : 177.22,
    "dma200" : 157.58,
    "volume" : 405972.00
  }, {
    "date" : "2025-12-09",
    "price" : 206.53,
    "dma50" : 195.19,
    "dma100" : 177.73,
    "dma200" : 158.06,
    "volume" : 294662.00
  }, {
    "date" : "2025-12-10",
    "price" : 213.15,
    "dma50" : 195.89,
    "dma100" : 178.33,
    "dma200" : 158.61,
    "volume" : 555966.00
  }, {
    "date" : "2025-12-11",
    "price" : 217.25,
    "dma50" : 196.73,
    "dma100" : 179.01,
    "dma200" : 159.19,
    "volume" : 252112.00
  }, {
    "date" : "2025-12-12",
    "price" : 218.80,
    "dma50" : 197.59,
    "dma100" : 179.73,
    "dma200" : 159.79,
    "volume" : 161252.00
  }, {
    "date" : "2025-12-15",
    "price" : 219.15,
    "dma50" : 198.44,
    "dma100" : 180.48,
    "dma200" : 160.38,
    "volume" : 168144.00
  }, {
    "date" : "2025-12-16",
    "price" : 215.60,
    "dma50" : 199.11,
    "dma100" : 181.21,
    "dma200" : 160.93,
    "volume" : 134554.00
  }, {
    "date" : "2025-12-17",
    "price" : 212.13,
    "dma50" : 199.62,
    "dma100" : 181.87,
    "dma200" : 161.44,
    "volume" : 140565.00
  }, {
    "date" : "2025-12-18",
    "price" : 205.40,
    "dma50" : 199.85,
    "dma100" : 182.45,
    "dma200" : 161.87,
    "volume" : 106004.00
  }, {
    "date" : "2025-12-19",
    "price" : 207.45,
    "dma50" : 200.15,
    "dma100" : 183.01,
    "dma200" : 162.33,
    "volume" : 80016.00
  }, {
    "date" : "2025-12-22",
    "price" : 215.95,
    "dma50" : 200.77,
    "dma100" : 183.69,
    "dma200" : 162.86,
    "volume" : 171712.00
  }, {
    "date" : "2025-12-23",
    "price" : 216.70,
    "dma50" : 201.39,
    "dma100" : 184.39,
    "dma200" : 163.40,
    "volume" : 136284.00
  }, {
    "date" : "2025-12-24",
    "price" : 214.88,
    "dma50" : 201.92,
    "dma100" : 185.08,
    "dma200" : 163.91,
    "volume" : 145763.00
  }, {
    "date" : "2025-12-26",
    "price" : 216.15,
    "dma50" : 202.48,
    "dma100" : 185.75,
    "dma200" : 164.43,
    "volume" : 285322.00
  }, {
    "date" : "2025-12-29",
    "price" : 213.73,
    "dma50" : 202.92,
    "dma100" : 186.37,
    "dma200" : 164.92,
    "volume" : 180199.00
  }, {
    "date" : "2025-12-30",
    "price" : 214.05,
    "dma50" : 203.36,
    "dma100" : 186.96,
    "dma200" : 165.41,
    "volume" : 258892.00
  }, {
    "date" : "2025-12-31",
    "price" : 212.75,
    "dma50" : 203.73,
    "dma100" : 187.51,
    "dma200" : 165.88,
    "volume" : 188764.00
  }, {
    "date" : "2026-01-01",
    "price" : 202.08,
    "dma50" : 203.66,
    "dma100" : 187.96,
    "dma200" : 166.24,
    "volume" : 735233.00
  }, {
    "date" : "2026-01-02",
    "price" : 204.28,
    "dma50" : 203.69,
    "dma100" : 188.40,
    "dma200" : 166.62,
    "volume" : 205364.00
  }, {
    "date" : "2026-01-05",
    "price" : 184.98,
    "dma50" : 202.95,
    "dma100" : 188.61,
    "dma200" : 166.80,
    "volume" : 926424.00
  }, {
    "date" : "2026-01-06",
    "price" : 187.45,
    "dma50" : 202.34,
    "dma100" : 188.82,
    "dma200" : 167.01,
    "volume" : 861687.00
  }, {
    "date" : "2026-01-07",
    "price" : 183.90,
    "dma50" : 201.62,
    "dma100" : 188.96,
    "dma200" : 167.17,
    "volume" : 250068.00
  }, {
    "date" : "2026-01-08",
    "price" : 173.40,
    "dma50" : 200.51,
    "dma100" : 188.95,
    "dma200" : 167.24,
    "volume" : 709946.00
  }, {
    "date" : "2026-01-09",
    "price" : 172.03,
    "dma50" : 199.40,
    "dma100" : 188.97,
    "dma200" : 167.28,
    "volume" : 440716.00
  }, {
    "date" : "2026-01-12",
    "price" : 159.90,
    "dma50" : 197.85,
    "dma100" : 188.91,
    "dma200" : 167.21,
    "volume" : 348812.00
  }, {
    "date" : "2026-01-13",
    "price" : 171.45,
    "dma50" : 196.81,
    "dma100" : 188.99,
    "dma200" : 167.25,
    "volume" : 955813.00
  }, {
    "date" : "2026-01-14",
    "price" : 169.25,
    "dma50" : 195.73,
    "dma100" : 189.08,
    "dma200" : 167.27,
    "volume" : 290123.00
  }, {
    "date" : "2026-01-16",
    "price" : 161.50,
    "dma50" : 194.39,
    "dma100" : 189.06,
    "dma200" : 167.22,
    "volume" : 267602.00
  }, {
    "date" : "2026-01-19",
    "price" : 172.40,
    "dma50" : 193.53,
    "dma100" : 189.12,
    "dma200" : 167.27,
    "volume" : 344070.00
  }, {
    "date" : "2026-01-20",
    "price" : 180.65,
    "dma50" : 193.02,
    "dma100" : 189.18,
    "dma200" : 167.40,
    "volume" : 1428030.00
  }, {
    "date" : "2026-01-21",
    "price" : 172.50,
    "dma50" : 192.22,
    "dma100" : 189.08,
    "dma200" : 167.45,
    "volume" : 330983.00
  }, {
    "date" : "2026-01-22",
    "price" : 178.10,
    "dma50" : 191.66,
    "dma100" : 189.09,
    "dma200" : 167.56,
    "volume" : 273252.00
  }, {
    "date" : "2026-01-23",
    "price" : 179.55,
    "dma50" : 191.19,
    "dma100" : 189.03,
    "dma200" : 167.68,
    "volume" : 162161.00
  }, {
    "date" : "2026-01-27",
    "price" : 189.85,
    "dma50" : 191.14,
    "dma100" : 189.08,
    "dma200" : 167.90,
    "volume" : 439712.00
  }, {
    "date" : "2026-01-28",
    "price" : 202.90,
    "dma50" : 191.60,
    "dma100" : 189.28,
    "dma200" : 168.24,
    "volume" : 2536741.00
  }, {
    "date" : "2026-01-29",
    "price" : 205.35,
    "dma50" : 192.14,
    "dma100" : 189.50,
    "dma200" : 168.61,
    "volume" : 609581.00
  } ],
  "latestTechnicalAttributes" : {
    "date" : "2026-01-29",
    "price" : 205.35,
    "dma50" : 192.14,
    "dma100" : 189.50,
    "dma200" : 168.61,
    "volume" : 609581.00
  },
  "quarterlyResults" : [ {
    "date" : "2005-03-31",
    "sales" : 17.57,
    "salesGrowthYoY" : null,
    "grossProfitMargin" : 28.40,
    "grossProfit" : 4.99,
    "operatingProfitMargin" : 13.32,
    "operatingProfit" : 2.34,
    "netProfitMargin" : 8.37,
    "netProfit" : 1.47
  }, {
    "date" : "2005-06-30",
    "sales" : 18.29,
    "salesGrowthYoY" : null,
    "grossProfitMargin" : 24.00,
    "grossProfit" : 4.39,
    "operatingProfitMargin" : 11.10,
    "operatingProfit" : 2.03,
    "netProfitMargin" : 6.23,
    "netProfit" : 1.14
  }, {
    "date" : "2005-09-30",
    "sales" : 17.95,
    "salesGrowthYoY" : null,
    "grossProfitMargin" : 23.79,
    "grossProfit" : 4.27,
    "operatingProfitMargin" : 9.75,
    "operatingProfit" : 1.75,
    "netProfitMargin" : 6.96,
    "netProfit" : 1.25
  }, {
    "date" : "2005-12-31",
    "sales" : 19.83,
    "salesGrowthYoY" : null,
    "grossProfitMargin" : 24.41,
    "grossProfit" : 4.84,
    "operatingProfitMargin" : 11.20,
    "operatingProfit" : 2.22,
    "netProfitMargin" : 6.20,
    "netProfit" : 1.23
  }, {
    "date" : "2006-03-31",
    "sales" : 15.53,
    "salesGrowthYoY" : -11.61,
    "grossProfitMargin" : 33.42,
    "grossProfit" : 5.19,
    "operatingProfitMargin" : 22.02,
    "operatingProfit" : 3.42,
    "netProfitMargin" : 38.63,
    "netProfit" : 6.00
  }, {
    "date" : "2006-06-30",
    "sales" : 19.66,
    "salesGrowthYoY" : 7.49,
    "grossProfitMargin" : 36.93,
    "grossProfit" : 7.26,
    "operatingProfitMargin" : 23.96,
    "operatingProfit" : 4.71,
    "netProfitMargin" : 17.55,
    "netProfit" : 3.45
  }, {
    "date" : "2006-09-30",
    "sales" : 15.82,
    "salesGrowthYoY" : -11.87,
    "grossProfitMargin" : 35.27,
    "grossProfit" : 5.58,
    "operatingProfitMargin" : 18.77,
    "operatingProfit" : 2.97,
    "netProfitMargin" : 17.19,
    "netProfit" : 2.72
  }, {
    "date" : "2006-12-31",
    "sales" : 27.86,
    "salesGrowthYoY" : 40.49,
    "grossProfitMargin" : 26.92,
    "grossProfit" : 7.50,
    "operatingProfitMargin" : 15.40,
    "operatingProfit" : 4.29,
    "netProfitMargin" : 10.73,
    "netProfit" : 2.99
  }, {
    "date" : "2007-03-31",
    "sales" : 26.47,
    "salesGrowthYoY" : 70.44,
    "grossProfitMargin" : 22.44,
    "grossProfit" : 5.94,
    "operatingProfitMargin" : 8.31,
    "operatingProfit" : 2.20,
    "netProfitMargin" : 5.70,
    "netProfit" : 1.51
  }, {
    "date" : "2007-06-30",
    "sales" : 24.69,
    "salesGrowthYoY" : 25.58,
    "grossProfitMargin" : 5.87,
    "grossProfit" : 1.45,
    "operatingProfitMargin" : -8.02,
    "operatingProfit" : -1.98,
    "netProfitMargin" : 2.23,
    "netProfit" : 0.55
  }, {
    "date" : "2007-09-30",
    "sales" : 27.19,
    "salesGrowthYoY" : 71.87,
    "grossProfitMargin" : 18.24,
    "grossProfit" : 4.96,
    "operatingProfitMargin" : 5.66,
    "operatingProfit" : 1.54,
    "netProfitMargin" : 7.32,
    "netProfit" : 1.99
  }, {
    "date" : "2007-12-31",
    "sales" : 26.72,
    "salesGrowthYoY" : -4.09,
    "grossProfitMargin" : 21.03,
    "grossProfit" : 5.62,
    "operatingProfitMargin" : 8.16,
    "operatingProfit" : 2.18,
    "netProfitMargin" : 6.03,
    "netProfit" : 1.61
  }, {
    "date" : "2008-03-31",
    "sales" : 26.25,
    "salesGrowthYoY" : -0.83,
    "grossProfitMargin" : 35.43,
    "grossProfit" : 9.30,
    "operatingProfitMargin" : 20.38,
    "operatingProfit" : 5.35,
    "netProfitMargin" : 18.82,
    "netProfit" : 4.94
  }, {
    "date" : "2008-06-30",
    "sales" : 29.58,
    "salesGrowthYoY" : 19.81,
    "grossProfitMargin" : 35.16,
    "grossProfit" : 10.40,
    "operatingProfitMargin" : 16.33,
    "operatingProfit" : 4.83,
    "netProfitMargin" : 12.95,
    "netProfit" : 3.83
  }, {
    "date" : "2008-09-30",
    "sales" : 30.36,
    "salesGrowthYoY" : 11.66,
    "grossProfitMargin" : 41.90,
    "grossProfit" : 12.72,
    "operatingProfitMargin" : 19.50,
    "operatingProfit" : 5.92,
    "netProfitMargin" : 14.53,
    "netProfit" : 4.41
  }, {
    "date" : "2008-12-31",
    "sales" : 37.73,
    "salesGrowthYoY" : 41.21,
    "grossProfitMargin" : 44.42,
    "grossProfit" : 16.76,
    "operatingProfitMargin" : 24.01,
    "operatingProfit" : 9.06,
    "netProfitMargin" : 14.23,
    "netProfit" : 5.37
  }, {
    "date" : "2009-03-31",
    "sales" : 19.94,
    "salesGrowthYoY" : -24.04,
    "grossProfitMargin" : 29.34,
    "grossProfit" : 5.85,
    "operatingProfitMargin" : -5.32,
    "operatingProfit" : -1.06,
    "netProfitMargin" : -20.96,
    "netProfit" : -4.18
  }, {
    "date" : "2009-06-30",
    "sales" : 23.66,
    "salesGrowthYoY" : -20.01,
    "grossProfitMargin" : 18.43,
    "grossProfit" : 4.36,
    "operatingProfitMargin" : 3.47,
    "operatingProfit" : 0.82,
    "netProfitMargin" : -5.03,
    "netProfit" : -1.19
  }, {
    "date" : "2009-09-30",
    "sales" : 25.88,
    "salesGrowthYoY" : -14.76,
    "grossProfitMargin" : 17.66,
    "grossProfit" : 4.57,
    "operatingProfitMargin" : 6.45,
    "operatingProfit" : 1.67,
    "netProfitMargin" : -4.87,
    "netProfit" : -1.26
  }, {
    "date" : "2009-12-31",
    "sales" : 29.78,
    "salesGrowthYoY" : -21.07,
    "grossProfitMargin" : 18.77,
    "grossProfit" : 5.59,
    "operatingProfitMargin" : 8.46,
    "operatingProfit" : 2.52,
    "netProfitMargin" : 1.38,
    "netProfit" : 0.41
  }, {
    "date" : "2010-03-31",
    "sales" : 45.85,
    "salesGrowthYoY" : 129.94,
    "grossProfitMargin" : 19.74,
    "grossProfit" : 9.05,
    "operatingProfitMargin" : 8.09,
    "operatingProfit" : 3.71,
    "netProfitMargin" : 7.50,
    "netProfit" : 3.44
  }, {
    "date" : "2010-06-30",
    "sales" : 30.47,
    "salesGrowthYoY" : 28.78,
    "grossProfitMargin" : 9.26,
    "grossProfit" : 2.82,
    "operatingProfitMargin" : -14.97,
    "operatingProfit" : -4.56,
    "netProfitMargin" : -16.97,
    "netProfit" : -5.17
  }, {
    "date" : "2010-09-30",
    "sales" : 27.20,
    "salesGrowthYoY" : 5.10,
    "grossProfitMargin" : 9.52,
    "grossProfit" : 2.59,
    "operatingProfitMargin" : -8.86,
    "operatingProfit" : -2.41,
    "netProfitMargin" : -20.62,
    "netProfit" : -5.61
  }, {
    "date" : "2010-12-31",
    "sales" : 22.58,
    "salesGrowthYoY" : -24.18,
    "grossProfitMargin" : 11.69,
    "grossProfit" : 2.64,
    "operatingProfitMargin" : -2.75,
    "operatingProfit" : -0.62,
    "netProfitMargin" : -19.80,
    "netProfit" : -4.47
  }, {
    "date" : "2011-03-31",
    "sales" : 31.44,
    "salesGrowthYoY" : -31.43,
    "grossProfitMargin" : 20.58,
    "grossProfit" : 6.47,
    "operatingProfitMargin" : 16.00,
    "operatingProfit" : 5.03,
    "netProfitMargin" : 6.81,
    "netProfit" : 2.14
  }, {
    "date" : "2011-06-30",
    "sales" : 26.16,
    "salesGrowthYoY" : -14.15,
    "grossProfitMargin" : 18.39,
    "grossProfit" : 4.81,
    "operatingProfitMargin" : 8.41,
    "operatingProfit" : 2.20,
    "netProfitMargin" : -9.06,
    "netProfit" : -2.37
  }, {
    "date" : "2011-09-30",
    "sales" : 25.36,
    "salesGrowthYoY" : -6.76,
    "grossProfitMargin" : 16.44,
    "grossProfit" : 4.17,
    "operatingProfitMargin" : 6.66,
    "operatingProfit" : 1.69,
    "netProfitMargin" : -5.99,
    "netProfit" : -1.52
  }, {
    "date" : "2011-12-31",
    "sales" : 41.85,
    "salesGrowthYoY" : 85.34,
    "grossProfitMargin" : 14.48,
    "grossProfit" : 6.06,
    "operatingProfitMargin" : 7.53,
    "operatingProfit" : 3.15,
    "netProfitMargin" : -10.06,
    "netProfit" : -4.21
  }, {
    "date" : "2012-03-31",
    "sales" : 36.64,
    "salesGrowthYoY" : 16.54,
    "grossProfitMargin" : 9.09,
    "grossProfit" : 3.33,
    "operatingProfitMargin" : 0.96,
    "operatingProfit" : 0.35,
    "netProfitMargin" : -10.29,
    "netProfit" : -3.77
  }, {
    "date" : "2012-06-30",
    "sales" : 44.98,
    "salesGrowthYoY" : 71.94,
    "grossProfitMargin" : 19.52,
    "grossProfit" : 8.78,
    "operatingProfitMargin" : 11.05,
    "operatingProfit" : 4.97,
    "netProfitMargin" : -0.49,
    "netProfit" : -0.22
  }, {
    "date" : "2012-09-30",
    "sales" : 50.14,
    "salesGrowthYoY" : 97.71,
    "grossProfitMargin" : 15.60,
    "grossProfit" : 7.82,
    "operatingProfitMargin" : 7.76,
    "operatingProfit" : 3.89,
    "netProfitMargin" : -0.14,
    "netProfit" : -0.07
  }, {
    "date" : "2012-12-31",
    "sales" : 56.08,
    "salesGrowthYoY" : 34.00,
    "grossProfitMargin" : 9.86,
    "grossProfit" : 5.53,
    "operatingProfitMargin" : 2.84,
    "operatingProfit" : 1.59,
    "netProfitMargin" : 0.73,
    "netProfit" : 0.41
  }, {
    "date" : "2013-03-31",
    "sales" : 45.59,
    "salesGrowthYoY" : 24.43,
    "grossProfitMargin" : 27.44,
    "grossProfit" : 12.51,
    "operatingProfitMargin" : 13.40,
    "operatingProfit" : 6.11,
    "netProfitMargin" : 1.93,
    "netProfit" : 0.88
  }, {
    "date" : "2013-06-30",
    "sales" : 50.69,
    "salesGrowthYoY" : 12.69,
    "grossProfitMargin" : 15.31,
    "grossProfit" : 7.76,
    "operatingProfitMargin" : 6.87,
    "operatingProfit" : 3.48,
    "netProfitMargin" : 1.40,
    "netProfit" : 0.71
  }, {
    "date" : "2013-09-30",
    "sales" : 54.00,
    "salesGrowthYoY" : 7.70,
    "grossProfitMargin" : 21.91,
    "grossProfit" : 11.83,
    "operatingProfitMargin" : 15.28,
    "operatingProfit" : 8.25,
    "netProfitMargin" : 3.31,
    "netProfit" : 1.79
  }, {
    "date" : "2013-12-31",
    "sales" : 64.47,
    "salesGrowthYoY" : 14.96,
    "grossProfitMargin" : 14.43,
    "grossProfit" : 9.30,
    "operatingProfitMargin" : 7.04,
    "operatingProfit" : 4.54,
    "netProfitMargin" : 0.73,
    "netProfit" : 0.47
  }, {
    "date" : "2014-03-31",
    "sales" : 68.68,
    "salesGrowthYoY" : 50.65,
    "grossProfitMargin" : 22.23,
    "grossProfit" : 15.27,
    "operatingProfitMargin" : 8.77,
    "operatingProfit" : 6.02,
    "netProfitMargin" : 5.59,
    "netProfit" : 3.84
  }, {
    "date" : "2014-06-30",
    "sales" : 60.26,
    "salesGrowthYoY" : 18.88,
    "grossProfitMargin" : 25.22,
    "grossProfit" : 15.20,
    "operatingProfitMargin" : 13.99,
    "operatingProfit" : 8.43,
    "netProfitMargin" : 4.81,
    "netProfit" : 2.90
  }, {
    "date" : "2014-09-30",
    "sales" : 70.63,
    "salesGrowthYoY" : 30.80,
    "grossProfitMargin" : 24.10,
    "grossProfit" : 17.02,
    "operatingProfitMargin" : 13.11,
    "operatingProfit" : 9.26,
    "netProfitMargin" : 8.68,
    "netProfit" : 6.13
  }, {
    "date" : "2014-12-31",
    "sales" : 74.15,
    "salesGrowthYoY" : 15.01,
    "grossProfitMargin" : 23.05,
    "grossProfit" : 17.09,
    "operatingProfitMargin" : 13.38,
    "operatingProfit" : 9.92,
    "netProfitMargin" : 11.19,
    "netProfit" : 8.30
  }, {
    "date" : "2015-03-31",
    "sales" : 65.88,
    "salesGrowthYoY" : -4.08,
    "grossProfitMargin" : 23.50,
    "grossProfit" : 15.48,
    "operatingProfitMargin" : 5.97,
    "operatingProfit" : 3.93,
    "netProfitMargin" : 11.93,
    "netProfit" : 7.86
  }, {
    "date" : "2015-06-30",
    "sales" : 57.95,
    "salesGrowthYoY" : -3.83,
    "grossProfitMargin" : 26.52,
    "grossProfit" : 15.37,
    "operatingProfitMargin" : 12.23,
    "operatingProfit" : 7.09,
    "netProfitMargin" : 14.43,
    "netProfit" : 8.36
  }, {
    "date" : "2015-09-30",
    "sales" : 80.70,
    "salesGrowthYoY" : 14.26,
    "grossProfitMargin" : 24.99,
    "grossProfit" : 20.17,
    "operatingProfitMargin" : 12.75,
    "operatingProfit" : 10.29,
    "netProfitMargin" : 8.80,
    "netProfit" : 7.10
  }, {
    "date" : "2015-12-31",
    "sales" : 80.97,
    "salesGrowthYoY" : 9.20,
    "grossProfitMargin" : 25.07,
    "grossProfit" : 20.30,
    "operatingProfitMargin" : 13.33,
    "operatingProfit" : 10.79,
    "netProfitMargin" : 9.56,
    "netProfit" : 7.74
  }, {
    "date" : "2016-03-31",
    "sales" : 49.94,
    "salesGrowthYoY" : -24.20,
    "grossProfitMargin" : 18.10,
    "grossProfit" : 9.04,
    "operatingProfitMargin" : 1.88,
    "operatingProfit" : 0.94,
    "netProfitMargin" : -1.12,
    "netProfit" : -0.56
  }, {
    "date" : "2016-06-30",
    "sales" : 38.73,
    "salesGrowthYoY" : -33.17,
    "grossProfitMargin" : 20.50,
    "grossProfit" : 7.94,
    "operatingProfitMargin" : 0.34,
    "operatingProfit" : 0.13,
    "netProfitMargin" : 2.01,
    "netProfit" : 0.78
  }, {
    "date" : "2016-09-30",
    "sales" : 41.55,
    "salesGrowthYoY" : -48.51,
    "grossProfitMargin" : 10.08,
    "grossProfit" : 4.19,
    "operatingProfitMargin" : -5.99,
    "operatingProfit" : -2.49,
    "netProfitMargin" : 3.27,
    "netProfit" : 1.36
  }, {
    "date" : "2016-12-31",
    "sales" : 55.76,
    "salesGrowthYoY" : -31.13,
    "grossProfitMargin" : 14.04,
    "grossProfit" : 7.83,
    "operatingProfitMargin" : 0.22,
    "operatingProfit" : 0.12,
    "netProfitMargin" : -0.25,
    "netProfit" : -0.14
  }, {
    "date" : "2017-03-31",
    "sales" : 59.42,
    "salesGrowthYoY" : 18.98,
    "grossProfitMargin" : -1.36,
    "grossProfit" : -0.81,
    "operatingProfitMargin" : -13.36,
    "operatingProfit" : -7.94,
    "netProfitMargin" : 0.17,
    "netProfit" : 0.10
  }, {
    "date" : "2017-06-30",
    "sales" : 72.27,
    "salesGrowthYoY" : 86.60,
    "grossProfitMargin" : 9.16,
    "grossProfit" : 6.62,
    "operatingProfitMargin" : -1.51,
    "operatingProfit" : -1.09,
    "netProfitMargin" : 0.79,
    "netProfit" : 0.57
  }, {
    "date" : "2017-09-30",
    "sales" : 67.69,
    "salesGrowthYoY" : 62.91,
    "grossProfitMargin" : 5.33,
    "grossProfit" : 3.61,
    "operatingProfitMargin" : -3.50,
    "operatingProfit" : -2.37,
    "netProfitMargin" : -1.89,
    "netProfit" : -1.28
  }, {
    "date" : "2017-12-31",
    "sales" : 71.93,
    "salesGrowthYoY" : 29.00,
    "grossProfitMargin" : 10.22,
    "grossProfit" : 7.35,
    "operatingProfitMargin" : 0.70,
    "operatingProfit" : 0.50,
    "netProfitMargin" : 2.50,
    "netProfit" : 1.80
  }, {
    "date" : "2018-03-31",
    "sales" : 70.17,
    "salesGrowthYoY" : 18.09,
    "grossProfitMargin" : 11.04,
    "grossProfit" : 7.75,
    "operatingProfitMargin" : -2.08,
    "operatingProfit" : -1.46,
    "netProfitMargin" : -0.19,
    "netProfit" : -0.13
  }, {
    "date" : "2018-06-30",
    "sales" : 60.37,
    "salesGrowthYoY" : -16.47,
    "grossProfitMargin" : 20.49,
    "grossProfit" : 12.37,
    "operatingProfitMargin" : 5.91,
    "operatingProfit" : 3.57,
    "netProfitMargin" : 1.44,
    "netProfit" : 0.87
  }, {
    "date" : "2018-09-30",
    "sales" : 83.62,
    "salesGrowthYoY" : 23.53,
    "grossProfitMargin" : 19.59,
    "grossProfit" : 16.38,
    "operatingProfitMargin" : 7.57,
    "operatingProfit" : 6.33,
    "netProfitMargin" : 3.65,
    "netProfit" : 3.05
  }, {
    "date" : "2018-12-31",
    "sales" : 80.03,
    "salesGrowthYoY" : 11.26,
    "grossProfitMargin" : 10.72,
    "grossProfit" : 8.58,
    "operatingProfitMargin" : 1.96,
    "operatingProfit" : 1.57,
    "netProfitMargin" : 0.71,
    "netProfit" : 0.57
  }, {
    "date" : "2019-03-31",
    "sales" : 62.36,
    "salesGrowthYoY" : -11.13,
    "grossProfitMargin" : 13.47,
    "grossProfit" : 8.40,
    "operatingProfitMargin" : -3.34,
    "operatingProfit" : -2.08,
    "netProfitMargin" : 2.65,
    "netProfit" : 1.65
  }, {
    "date" : "2019-06-30",
    "sales" : 66.03,
    "salesGrowthYoY" : 9.38,
    "grossProfitMargin" : 13.71,
    "grossProfit" : 9.05,
    "operatingProfitMargin" : -2.14,
    "operatingProfit" : -1.41,
    "netProfitMargin" : 1.29,
    "netProfit" : 0.85
  }, {
    "date" : "2019-09-30",
    "sales" : 65.43,
    "salesGrowthYoY" : -21.75,
    "grossProfitMargin" : 9.96,
    "grossProfit" : 6.52,
    "operatingProfitMargin" : -2.17,
    "operatingProfit" : -1.42,
    "netProfitMargin" : 3.50,
    "netProfit" : 2.29
  }, {
    "date" : "2019-12-31",
    "sales" : 79.27,
    "salesGrowthYoY" : -0.95,
    "grossProfitMargin" : 8.14,
    "grossProfit" : 6.45,
    "operatingProfitMargin" : -3.05,
    "operatingProfit" : -2.42,
    "netProfitMargin" : 0.25,
    "netProfit" : 0.20
  }, {
    "date" : "2020-03-31",
    "sales" : 79.27,
    "salesGrowthYoY" : 27.12,
    "grossProfitMargin" : 8.14,
    "grossProfit" : 6.45,
    "operatingProfitMargin" : -3.05,
    "operatingProfit" : -2.42,
    "netProfitMargin" : 0.26,
    "netProfit" : 0.21
  }, {
    "date" : "2020-06-30",
    "sales" : 59.43,
    "salesGrowthYoY" : -10.00,
    "grossProfitMargin" : 21.87,
    "grossProfit" : 13.00,
    "operatingProfitMargin" : 8.23,
    "operatingProfit" : 4.89,
    "netProfitMargin" : 6.19,
    "netProfit" : 3.68
  }, {
    "date" : "2020-09-30",
    "sales" : 65.69,
    "salesGrowthYoY" : 0.40,
    "grossProfitMargin" : 19.27,
    "grossProfit" : 12.66,
    "operatingProfitMargin" : 6.45,
    "operatingProfit" : 4.24,
    "netProfitMargin" : 7.64,
    "netProfit" : 5.02
  }, {
    "date" : "2020-12-31",
    "sales" : 63.82,
    "salesGrowthYoY" : -19.49,
    "grossProfitMargin" : 20.24,
    "grossProfit" : 12.92,
    "operatingProfitMargin" : 6.35,
    "operatingProfit" : 4.05,
    "netProfitMargin" : 4.83,
    "netProfit" : 3.08
  }, {
    "date" : "2021-03-31",
    "sales" : 63.82,
    "salesGrowthYoY" : -19.49,
    "grossProfitMargin" : 20.24,
    "grossProfit" : 12.92,
    "operatingProfitMargin" : 6.35,
    "operatingProfit" : 4.05,
    "netProfitMargin" : 4.83,
    "netProfit" : 3.08
  }, {
    "date" : "2021-06-30",
    "sales" : 80.12,
    "salesGrowthYoY" : 34.81,
    "grossProfitMargin" : 18.97,
    "grossProfit" : 15.20,
    "operatingProfitMargin" : 8.77,
    "operatingProfit" : 7.03,
    "netProfitMargin" : 4.58,
    "netProfit" : 3.67
  }, {
    "date" : "2021-09-30",
    "sales" : 60.77,
    "salesGrowthYoY" : -7.49,
    "grossProfitMargin" : 17.85,
    "grossProfit" : 10.85,
    "operatingProfitMargin" : 1.73,
    "operatingProfit" : 1.05,
    "netProfitMargin" : 1.50,
    "netProfit" : 0.91
  }, {
    "date" : "2021-12-31",
    "sales" : 73.60,
    "salesGrowthYoY" : 15.32,
    "grossProfitMargin" : 18.90,
    "grossProfit" : 13.91,
    "operatingProfitMargin" : 4.96,
    "operatingProfit" : 3.65,
    "netProfitMargin" : 3.53,
    "netProfit" : 2.60
  }, {
    "date" : "2022-03-31",
    "sales" : 76.19,
    "salesGrowthYoY" : 19.38,
    "grossProfitMargin" : 19.14,
    "grossProfit" : 14.58,
    "operatingProfitMargin" : 4.54,
    "operatingProfit" : 3.46,
    "netProfitMargin" : 0.89,
    "netProfit" : 0.68
  }, {
    "date" : "2022-06-30",
    "sales" : 130.25,
    "salesGrowthYoY" : 62.57,
    "grossProfitMargin" : 22.29,
    "grossProfit" : 29.03,
    "operatingProfitMargin" : 10.82,
    "operatingProfit" : 14.09,
    "netProfitMargin" : 4.98,
    "netProfit" : 6.49
  }, {
    "date" : "2022-09-30",
    "sales" : 163.69,
    "salesGrowthYoY" : 169.36,
    "grossProfitMargin" : 25.62,
    "grossProfit" : 41.94,
    "operatingProfitMargin" : 13.29,
    "operatingProfit" : 21.75,
    "netProfitMargin" : 7.60,
    "netProfit" : 12.44
  }, {
    "date" : "2022-12-31",
    "sales" : 177.63,
    "salesGrowthYoY" : 141.35,
    "grossProfitMargin" : 34.51,
    "grossProfit" : 61.30,
    "operatingProfitMargin" : 25.49,
    "operatingProfit" : 45.28,
    "netProfitMargin" : 15.03,
    "netProfit" : 26.70
  }, {
    "date" : "2023-03-31",
    "sales" : 185.56,
    "salesGrowthYoY" : 143.55,
    "grossProfitMargin" : 36.42,
    "grossProfit" : 67.58,
    "operatingProfitMargin" : 23.32,
    "operatingProfit" : 43.27,
    "netProfitMargin" : 16.02,
    "netProfit" : 29.73
  }, {
    "date" : "2023-06-30",
    "sales" : 203.36,
    "salesGrowthYoY" : 56.13,
    "grossProfitMargin" : 33.96,
    "grossProfit" : 69.06,
    "operatingProfitMargin" : 24.58,
    "operatingProfit" : 49.99,
    "netProfitMargin" : 17.17,
    "netProfit" : 34.92
  }, {
    "date" : "2023-09-30",
    "sales" : 170.86,
    "salesGrowthYoY" : 4.38,
    "grossProfitMargin" : 35.97,
    "grossProfit" : 61.46,
    "operatingProfitMargin" : 24.83,
    "operatingProfit" : 42.42,
    "netProfitMargin" : 15.80,
    "netProfit" : 27.00
  }, {
    "date" : "2023-12-31",
    "sales" : 156.24,
    "salesGrowthYoY" : -12.04,
    "grossProfitMargin" : 24.77,
    "grossProfit" : 38.70,
    "operatingProfitMargin" : 13.22,
    "operatingProfit" : 20.65,
    "netProfitMargin" : 7.57,
    "netProfit" : 11.83
  }, {
    "date" : "2024-03-31",
    "sales" : 159.49,
    "salesGrowthYoY" : -14.05,
    "grossProfitMargin" : 24.33,
    "grossProfit" : 38.80,
    "operatingProfitMargin" : 6.69,
    "operatingProfit" : 10.67,
    "netProfitMargin" : 6.38,
    "netProfit" : 10.18
  }, {
    "date" : "2024-06-30",
    "sales" : 116.52,
    "salesGrowthYoY" : -42.70,
    "grossProfitMargin" : 28.78,
    "grossProfit" : 33.53,
    "operatingProfitMargin" : 14.39,
    "operatingProfit" : 16.77,
    "netProfitMargin" : 10.19,
    "netProfit" : 11.87
  }, {
    "date" : "2024-09-30",
    "sales" : 125.02,
    "salesGrowthYoY" : -26.83,
    "grossProfitMargin" : 27.15,
    "grossProfit" : 33.94,
    "operatingProfitMargin" : 11.90,
    "operatingProfit" : 14.88,
    "netProfitMargin" : 7.65,
    "netProfit" : 9.56
  }, {
    "date" : "2024-12-31",
    "sales" : 133.43,
    "salesGrowthYoY" : -14.60,
    "grossProfitMargin" : 23.52,
    "grossProfit" : 31.38,
    "operatingProfitMargin" : 10.54,
    "operatingProfit" : 14.06,
    "netProfitMargin" : 5.60,
    "netProfit" : 7.47
  }, {
    "date" : "2025-03-31",
    "sales" : 118.39,
    "salesGrowthYoY" : -25.77,
    "grossProfitMargin" : 25.93,
    "grossProfit" : 30.70,
    "operatingProfitMargin" : 10.87,
    "operatingProfit" : 12.87,
    "netProfitMargin" : 5.25,
    "netProfit" : 6.22
  }, {
    "date" : "2025-06-30",
    "sales" : 173.65,
    "salesGrowthYoY" : 49.03,
    "grossProfitMargin" : 26.27,
    "grossProfit" : 45.62,
    "operatingProfitMargin" : 14.28,
    "operatingProfit" : 24.80,
    "netProfitMargin" : 9.40,
    "netProfit" : 16.32
  }, {
    "date" : "2025-09-30",
    "sales" : 206.21,
    "salesGrowthYoY" : 64.94,
    "grossProfitMargin" : 30.11,
    "grossProfit" : 62.09,
    "operatingProfitMargin" : 18.79,
    "operatingProfit" : 38.75,
    "netProfitMargin" : 11.71,
    "netProfit" : 24.15
  }, {
    "date" : "2025-12-31",
    "sales" : 200.11,
    "salesGrowthYoY" : 49.97,
    "grossProfitMargin" : 33.98,
    "grossProfit" : 68.00,
    "operatingProfitMargin" : 23.95,
    "operatingProfit" : 47.93,
    "netProfitMargin" : 15.05,
    "netProfit" : 30.12
  } ],
  "latestQuarterlyResult" : {
    "date" : "2025-12-31",
    "sales" : 200.11,
    "salesGrowthYoY" : 49.97,
    "grossProfitMargin" : 33.98,
    "grossProfit" : 68.00,
    "operatingProfitMargin" : 23.95,
    "operatingProfit" : 47.93,
    "netProfitMargin" : 15.05,
    "netProfit" : 30.12
  },
  "companyScore" : {
    "priceHigherThanDma50" : 5.00,
    "priceHigherThanDma100" : 5.00,
    "priceHigherThanDma200" : 5.00,
    "dma50HigherThanDma100" : 5.00,
    "dma50HigherThanDma200" : 5.00,
    "dma100HigherThanDma200" : 5.00,
    "pricePercentageAboveDma50" : 4.66,
    "pricePercentageAboveDma100" : 4.58,
    "pricePercentageAboveDma200" : 3.91,
    "weeklyVolumeHigherThanYearlyVolume" : 5.00,
    "salesGrowthPercentile" : 16.25,
    "operatingProfitMarginPercentile" : 19.24,
    "netProfitMarginPercentile" : 9.17,
    "totalTechnicalScore" : 48.15,
    "totalFundamentalScore" : 44.66,
    "totalScore" : 92.80
  }
}