{
  "metadata" : {
    "screenerCompanyId" : "3105",
    "companyCode" : "SMLMAH",
    "companyName" : "SML Mahindra",
    "screenerCompanyLink" : "https://www.screener.in/company/SMLMAH/",
    "screenerTechnicalHistoryLink" : "https://www.screener.in/api/company/3105/chart/?q=Price-DMA50-DMA200-Volume&days=365",
    "screenerQuarterlyResultsLink" : "https://www.screener.in/api/company/3105/chart/?q=GPM-OPM-NPM-Quarter+Sales&days=10000",
    "attributes" : {
      "companyCode" : "SMLMAH",
      "companyName" : "SML Mahindra",
      "marketCap" : 5399.00,
      "peRatio" : 34.10,
      "description" : "SML ISUZU LIMITED was incorporated as Swaraj Vehicles Ltd in 1983 and was promoted by Punjab Tractors Ltd with technical collaboration Mazda Motor Corporation, Japan, and Sumitomo Corporation, Japan. In 2004, the technical collaboration agreement with Mazda expired 2004 and sold its entire stake to Sumitomo Corporation and in the same time, it signed a technical assistance agreement with Isuzu Motors. In 2011, it was renamed as SML ISUZU and Sumitomo Corporation(Japan) and Isuzu Motors(Japan) own 44% and 15% stake, respectively [1]"
    },
    "companyScore" : {
      "priceHigherThanDma50" : 5.00,
      "priceHigherThanDma100" : 5.00,
      "priceHigherThanDma200" : 5.00,
      "dma50HigherThanDma100" : 5.00,
      "dma50HigherThanDma200" : 5.00,
      "dma100HigherThanDma200" : 5.00,
      "pricePercentageAboveDma50" : 4.99,
      "pricePercentageAboveDma100" : 4.60,
      "pricePercentageAboveDma200" : 4.06,
      "weeklyVolumeHigherThanYearlyVolume" : 0.00,
      "salesGrowthPercentile" : 18.25,
      "operatingProfitMarginPercentile" : 19.15,
      "netProfitMarginPercentile" : 9.71,
      "totalTechnicalScore" : 43.65,
      "totalFundamentalScore" : 47.11,
      "totalScore" : 90.76
    }
  },
  "attributes" : {
    "companyCode" : "SMLMAH",
    "companyName" : "SML Mahindra",
    "marketCap" : 5399.00,
    "peRatio" : 34.10,
    "description" : "SML ISUZU LIMITED was incorporated as Swaraj Vehicles Ltd in 1983 and was promoted by Punjab Tractors Ltd with technical collaboration Mazda Motor Corporation, Japan, and Sumitomo Corporation, Japan. In 2004, the technical collaboration agreement with Mazda expired 2004 and sold its entire stake to Sumitomo Corporation and in the same time, it signed a technical assistance agreement with Isuzu Motors. In 2011, it was renamed as SML ISUZU and Sumitomo Corporation(Japan) and Isuzu Motors(Japan) own 44% and 15% stake, respectively [1]"
  },
  "technicalHistory" : [ {
    "date" : "2025-02-10",
    "price" : 1304.50,
    "dma50" : 1436.68,
    "dma100" : null,
    "dma200" : 1661.90,
    "volume" : 13061.00
  }, {
    "date" : "2025-02-11",
    "price" : 1240.20,
    "dma50" : 1428.98,
    "dma100" : null,
    "dma200" : 1657.70,
    "volume" : 16868.00
  }, {
    "date" : "2025-02-12",
    "price" : 1229.35,
    "dma50" : 1421.15,
    "dma100" : null,
    "dma200" : 1653.44,
    "volume" : 19587.00
  }, {
    "date" : "2025-02-13",
    "price" : 1204.05,
    "dma50" : 1412.64,
    "dma100" : null,
    "dma200" : 1648.97,
    "volume" : 10535.00
  }, {
    "date" : "2025-02-14",
    "price" : 1154.10,
    "dma50" : 1402.50,
    "dma100" : null,
    "dma200" : 1644.04,
    "volume" : 10322.00
  }, {
    "date" : "2025-02-17",
    "price" : 1139.35,
    "dma50" : 1392.18,
    "dma100" : null,
    "dma200" : 1639.02,
    "volume" : 20215.00
  }, {
    "date" : "2025-02-18",
    "price" : 1108.80,
    "dma50" : 1381.07,
    "dma100" : null,
    "dma200" : 1633.75,
    "volume" : 9911.00
  }, {
    "date" : "2025-02-19",
    "price" : 1144.45,
    "dma50" : 1371.79,
    "dma100" : null,
    "dma200" : 1628.88,
    "volume" : 19584.00
  }, {
    "date" : "2025-02-20",
    "price" : 1172.50,
    "dma50" : 1363.97,
    "dma100" : null,
    "dma200" : 1624.34,
    "volume" : 8777.00
  }, {
    "date" : "2025-02-21",
    "price" : 1143.30,
    "dma50" : 1355.32,
    "dma100" : null,
    "dma200" : 1619.55,
    "volume" : 10464.00
  }, {
    "date" : "2025-02-24",
    "price" : 1130.70,
    "dma50" : 1346.51,
    "dma100" : null,
    "dma200" : 1614.69,
    "volume" : 10824.00
  }, {
    "date" : "2025-02-25",
    "price" : 1104.65,
    "dma50" : 1337.02,
    "dma100" : null,
    "dma200" : 1609.61,
    "volume" : 8626.00
  }, {
    "date" : "2025-02-27",
    "price" : 1075.95,
    "dma50" : 1326.79,
    "dma100" : null,
    "dma200" : 1604.30,
    "volume" : 10997.00
  }, {
    "date" : "2025-02-28",
    "price" : 1055.80,
    "dma50" : 1316.16,
    "dma100" : null,
    "dma200" : 1598.84,
    "volume" : 19846.00
  }, {
    "date" : "2025-03-03",
    "price" : 1127.95,
    "dma50" : 1308.78,
    "dma100" : null,
    "dma200" : 1594.16,
    "volume" : 183616.00
  }, {
    "date" : "2025-03-04",
    "price" : 1148.35,
    "dma50" : 1302.49,
    "dma100" : null,
    "dma200" : 1589.72,
    "volume" : 38169.00
  }, {
    "date" : "2025-03-05",
    "price" : 1190.40,
    "dma50" : 1298.09,
    "dma100" : null,
    "dma200" : 1585.75,
    "volume" : 19838.00
  }, {
    "date" : "2025-03-06",
    "price" : 1226.00,
    "dma50" : 1295.26,
    "dma100" : null,
    "dma200" : 1582.17,
    "volume" : 33609.00
  }, {
    "date" : "2025-03-07",
    "price" : 1262.40,
    "dma50" : 1293.98,
    "dma100" : null,
    "dma200" : 1578.99,
    "volume" : 16077.00
  }, {
    "date" : "2025-03-10",
    "price" : 1171.15,
    "dma50" : 1289.16,
    "dma100" : null,
    "dma200" : 1574.93,
    "volume" : 20477.00
  }, {
    "date" : "2025-03-11",
    "price" : 1128.85,
    "dma50" : 1282.87,
    "dma100" : null,
    "dma200" : 1570.49,
    "volume" : 26470.00
  }, {
    "date" : "2025-03-12",
    "price" : 1127.50,
    "dma50" : 1276.78,
    "dma100" : null,
    "dma200" : 1566.08,
    "volume" : 29644.00
  }, {
    "date" : "2025-03-13",
    "price" : 1104.15,
    "dma50" : 1270.01,
    "dma100" : null,
    "dma200" : 1561.49,
    "volume" : 29020.00
  }, {
    "date" : "2025-03-17",
    "price" : 1103.80,
    "dma50" : 1263.49,
    "dma100" : null,
    "dma200" : 1556.93,
    "volume" : 20627.00
  }, {
    "date" : "2025-03-18",
    "price" : 1145.25,
    "dma50" : 1258.85,
    "dma100" : null,
    "dma200" : 1552.84,
    "volume" : 30954.00
  }, {
    "date" : "2025-03-19",
    "price" : 1242.10,
    "dma50" : 1258.20,
    "dma100" : null,
    "dma200" : 1549.74,
    "volume" : 45168.00
  }, {
    "date" : "2025-03-20",
    "price" : 1431.00,
    "dma50" : 1264.97,
    "dma100" : null,
    "dma200" : 1548.56,
    "volume" : 286222.00
  }, {
    "date" : "2025-03-21",
    "price" : 1651.90,
    "dma50" : 1280.15,
    "dma100" : null,
    "dma200" : 1549.59,
    "volume" : 428562.00
  }, {
    "date" : "2025-03-24",
    "price" : 1725.70,
    "dma50" : 1297.62,
    "dma100" : null,
    "dma200" : 1551.34,
    "volume" : 759934.00
  }, {
    "date" : "2025-03-25",
    "price" : 1608.85,
    "dma50" : 1309.83,
    "dma100" : null,
    "dma200" : 1551.92,
    "volume" : 104366.00
  }, {
    "date" : "2025-03-26",
    "price" : 1632.05,
    "dma50" : 1322.46,
    "dma100" : null,
    "dma200" : 1552.71,
    "volume" : 216370.00
  }, {
    "date" : "2025-03-27",
    "price" : 1557.05,
    "dma50" : 1331.66,
    "dma100" : null,
    "dma200" : 1552.76,
    "volume" : 48352.00
  }, {
    "date" : "2025-03-28",
    "price" : 1567.80,
    "dma50" : 1340.92,
    "dma100" : null,
    "dma200" : 1552.91,
    "volume" : 37358.00
  }, {
    "date" : "2025-04-01",
    "price" : 1682.05,
    "dma50" : 1354.30,
    "dma100" : null,
    "dma200" : 1554.19,
    "volume" : 146249.00
  }, {
    "date" : "2025-04-02",
    "price" : 1639.45,
    "dma50" : 1365.48,
    "dma100" : null,
    "dma200" : 1555.04,
    "volume" : 47188.00
  }, {
    "date" : "2025-04-03",
    "price" : 1629.50,
    "dma50" : 1375.84,
    "dma100" : null,
    "dma200" : 1555.78,
    "volume" : 40446.00
  }, {
    "date" : "2025-04-04",
    "price" : 1602.60,
    "dma50" : 1384.73,
    "dma100" : null,
    "dma200" : 1556.25,
    "volume" : 39895.00
  }, {
    "date" : "2025-04-07",
    "price" : 1567.80,
    "dma50" : 1391.91,
    "dma100" : null,
    "dma200" : 1556.36,
    "volume" : 54893.00
  }, {
    "date" : "2025-04-08",
    "price" : 1614.70,
    "dma50" : 1400.64,
    "dma100" : null,
    "dma200" : 1556.94,
    "volume" : 20424.00
  }, {
    "date" : "2025-04-09",
    "price" : 1688.65,
    "dma50" : 1411.94,
    "dma100" : null,
    "dma200" : 1558.25,
    "volume" : 163105.00
  }, {
    "date" : "2025-04-11",
    "price" : 1668.10,
    "dma50" : 1421.98,
    "dma100" : null,
    "dma200" : 1559.35,
    "volume" : 30140.00
  }, {
    "date" : "2025-04-15",
    "price" : 1723.40,
    "dma50" : 1433.80,
    "dma100" : null,
    "dma200" : 1560.98,
    "volume" : 68465.00
  }, {
    "date" : "2025-04-16",
    "price" : 1699.20,
    "dma50" : 1444.21,
    "dma100" : null,
    "dma200" : 1562.35,
    "volume" : 28439.00
  }, {
    "date" : "2025-04-17",
    "price" : 1707.50,
    "dma50" : 1454.54,
    "dma100" : null,
    "dma200" : 1563.80,
    "volume" : 22568.00
  }, {
    "date" : "2025-04-21",
    "price" : 1878.20,
    "dma50" : 1471.15,
    "dma100" : null,
    "dma200" : 1566.93,
    "volume" : 143354.00
  }, {
    "date" : "2025-04-22",
    "price" : 1781.00,
    "dma50" : 1483.30,
    "dma100" : null,
    "dma200" : 1569.06,
    "volume" : 188955.00
  }, {
    "date" : "2025-04-23",
    "price" : 1751.80,
    "dma50" : 1493.83,
    "dma100" : null,
    "dma200" : 1570.87,
    "volume" : 49025.00
  }, {
    "date" : "2025-04-24",
    "price" : 1781.10,
    "dma50" : 1505.10,
    "dma100" : null,
    "dma200" : 1572.97,
    "volume" : 39612.00
  }, {
    "date" : "2025-04-25",
    "price" : 1773.40,
    "dma50" : 1515.62,
    "dma100" : null,
    "dma200" : 1574.96,
    "volume" : 44213.00
  }, {
    "date" : "2025-04-28",
    "price" : 1596.10,
    "dma50" : 1518.77,
    "dma100" : null,
    "dma200" : 1575.17,
    "volume" : 102636.00
  }, {
    "date" : "2025-04-29",
    "price" : 1551.20,
    "dma50" : 1520.05,
    "dma100" : null,
    "dma200" : 1574.93,
    "volume" : 267471.00
  }, {
    "date" : "2025-04-30",
    "price" : 1523.50,
    "dma50" : 1520.18,
    "dma100" : null,
    "dma200" : 1574.42,
    "volume" : 53187.00
  }, {
    "date" : "2025-05-02",
    "price" : 1550.10,
    "dma50" : 1521.35,
    "dma100" : null,
    "dma200" : 1574.18,
    "volume" : 76717.00
  }, {
    "date" : "2025-05-05",
    "price" : 1559.60,
    "dma50" : 1522.85,
    "dma100" : null,
    "dma200" : 1574.03,
    "volume" : 36199.00
  }, {
    "date" : "2025-05-06",
    "price" : 1551.20,
    "dma50" : 1523.97,
    "dma100" : null,
    "dma200" : 1573.81,
    "volume" : 31554.00
  }, {
    "date" : "2025-05-07",
    "price" : 1560.30,
    "dma50" : 1525.39,
    "dma100" : null,
    "dma200" : 1573.67,
    "volume" : 37848.00
  }, {
    "date" : "2025-05-08",
    "price" : 1540.70,
    "dma50" : 1525.99,
    "dma100" : null,
    "dma200" : 1573.34,
    "volume" : 27269.00
  }, {
    "date" : "2025-05-09",
    "price" : 1530.90,
    "dma50" : 1526.18,
    "dma100" : null,
    "dma200" : 1572.92,
    "volume" : 37483.00
  }, {
    "date" : "2025-05-12",
    "price" : 1567.40,
    "dma50" : 1527.80,
    "dma100" : null,
    "dma200" : 1572.87,
    "volume" : 50180.00
  }, {
    "date" : "2025-05-13",
    "price" : 1566.20,
    "dma50" : 1529.31,
    "dma100" : null,
    "dma200" : 1572.80,
    "volume" : 28882.00
  }, {
    "date" : "2025-05-14",
    "price" : 1571.40,
    "dma50" : 1530.96,
    "dma100" : null,
    "dma200" : 1572.79,
    "volume" : 69879.00
  }, {
    "date" : "2025-05-15",
    "price" : 1680.30,
    "dma50" : 1536.81,
    "dma100" : null,
    "dma200" : 1573.86,
    "volume" : 192387.00
  }, {
    "date" : "2025-05-16",
    "price" : 1744.00,
    "dma50" : 1544.94,
    "dma100" : null,
    "dma200" : 1575.55,
    "volume" : 138060.00
  }, {
    "date" : "2025-05-19",
    "price" : 1709.30,
    "dma50" : 1551.38,
    "dma100" : null,
    "dma200" : 1576.88,
    "volume" : 24659.00
  }, {
    "date" : "2025-05-20",
    "price" : 1680.30,
    "dma50" : 1556.44,
    "dma100" : null,
    "dma200" : 1577.91,
    "volume" : 22480.00
  }, {
    "date" : "2025-05-21",
    "price" : 1726.00,
    "dma50" : 1563.09,
    "dma100" : null,
    "dma200" : 1579.38,
    "volume" : 37190.00
  }, {
    "date" : "2025-05-22",
    "price" : 1707.30,
    "dma50" : 1568.74,
    "dma100" : null,
    "dma200" : 1580.65,
    "volume" : 14493.00
  }, {
    "date" : "2025-05-23",
    "price" : 1744.00,
    "dma50" : 1575.62,
    "dma100" : null,
    "dma200" : 1582.28,
    "volume" : 43769.00
  }, {
    "date" : "2025-05-26",
    "price" : 1701.40,
    "dma50" : 1580.55,
    "dma100" : null,
    "dma200" : 1583.47,
    "volume" : 27614.00
  }, {
    "date" : "2025-05-27",
    "price" : 1750.40,
    "dma50" : 1587.21,
    "dma100" : null,
    "dma200" : 1585.13,
    "volume" : 35025.00
  }, {
    "date" : "2025-05-28",
    "price" : 1822.20,
    "dma50" : 1596.43,
    "dma100" : null,
    "dma200" : 1587.49,
    "volume" : 122069.00
  }, {
    "date" : "2025-05-29",
    "price" : 1835.80,
    "dma50" : 1605.81,
    "dma100" : null,
    "dma200" : 1589.96,
    "volume" : 44772.00
  }, {
    "date" : "2025-05-30",
    "price" : 1887.70,
    "dma50" : 1616.87,
    "dma100" : null,
    "dma200" : 1592.92,
    "volume" : 198993.00
  }, {
    "date" : "2025-06-02",
    "price" : 1899.80,
    "dma50" : 1627.96,
    "dma100" : null,
    "dma200" : 1595.97,
    "volume" : 90921.00
  }, {
    "date" : "2025-06-03",
    "price" : 1913.40,
    "dma50" : 1639.16,
    "dma100" : null,
    "dma200" : 1599.13,
    "volume" : 31705.00
  }, {
    "date" : "2025-06-04",
    "price" : 1886.90,
    "dma50" : 1648.87,
    "dma100" : null,
    "dma200" : 1601.99,
    "volume" : 22072.00
  }, {
    "date" : "2025-06-05",
    "price" : 1906.20,
    "dma50" : 1658.96,
    "dma100" : null,
    "dma200" : 1605.02,
    "volume" : 28946.00
  }, {
    "date" : "2025-06-06",
    "price" : 1902.70,
    "dma50" : 1668.52,
    "dma100" : null,
    "dma200" : 1607.98,
    "volume" : 26856.00
  }, {
    "date" : "2025-06-09",
    "price" : 1883.50,
    "dma50" : 1676.95,
    "dma100" : null,
    "dma200" : 1610.72,
    "volume" : 89807.00
  }, {
    "date" : "2025-06-10",
    "price" : 1890.60,
    "dma50" : 1685.33,
    "dma100" : null,
    "dma200" : 1613.51,
    "volume" : 21856.00
  }, {
    "date" : "2025-06-11",
    "price" : 1886.20,
    "dma50" : 1693.21,
    "dma100" : null,
    "dma200" : 1616.22,
    "volume" : 27919.00
  }, {
    "date" : "2025-06-12",
    "price" : 1876.70,
    "dma50" : 1700.40,
    "dma100" : null,
    "dma200" : 1618.81,
    "volume" : 37702.00
  }, {
    "date" : "2025-06-13",
    "price" : 1936.90,
    "dma50" : 1709.68,
    "dma100" : null,
    "dma200" : 1621.98,
    "volume" : 229743.00
  }, {
    "date" : "2025-06-16",
    "price" : 1893.20,
    "dma50" : 1716.87,
    "dma100" : null,
    "dma200" : 1624.68,
    "volume" : 74385.00
  }, {
    "date" : "2025-06-17",
    "price" : 1878.30,
    "dma50" : 1723.21,
    "dma100" : null,
    "dma200" : 1627.20,
    "volume" : 38991.00
  }, {
    "date" : "2025-06-18",
    "price" : 1873.10,
    "dma50" : 1729.08,
    "dma100" : null,
    "dma200" : 1629.65,
    "volume" : 45202.00
  }, {
    "date" : "2025-06-19",
    "price" : 1816.50,
    "dma50" : 1732.51,
    "dma100" : null,
    "dma200" : 1631.51,
    "volume" : 47191.00
  }, {
    "date" : "2025-06-20",
    "price" : 1822.60,
    "dma50" : 1736.04,
    "dma100" : null,
    "dma200" : 1633.41,
    "volume" : 19963.00
  }, {
    "date" : "2025-06-23",
    "price" : 1801.50,
    "dma50" : 1738.61,
    "dma100" : null,
    "dma200" : 1635.08,
    "volume" : 25915.00
  }, {
    "date" : "2025-06-24",
    "price" : 1757.30,
    "dma50" : 1739.34,
    "dma100" : null,
    "dma200" : 1636.30,
    "volume" : 46645.00
  }, {
    "date" : "2025-06-25",
    "price" : 1874.40,
    "dma50" : 1744.64,
    "dma100" : null,
    "dma200" : 1638.67,
    "volume" : 69404.00
  }, {
    "date" : "2025-06-26",
    "price" : 1872.90,
    "dma50" : 1749.67,
    "dma100" : null,
    "dma200" : 1641.00,
    "volume" : 22820.00
  }, {
    "date" : "2025-06-27",
    "price" : 2034.10,
    "dma50" : 1760.82,
    "dma100" : null,
    "dma200" : 1644.91,
    "volume" : 396194.00
  }, {
    "date" : "2025-06-30",
    "price" : 2110.30,
    "dma50" : 1774.53,
    "dma100" : null,
    "dma200" : 1649.54,
    "volume" : 212688.00
  }, {
    "date" : "2025-07-01",
    "price" : 2237.50,
    "dma50" : 1792.68,
    "dma100" : null,
    "dma200" : 1655.39,
    "volume" : 448742.00
  }, {
    "date" : "2025-07-02",
    "price" : 2335.00,
    "dma50" : 1813.95,
    "dma100" : null,
    "dma200" : 1662.15,
    "volume" : 270809.00
  }, {
    "date" : "2025-07-03",
    "price" : 2470.40,
    "dma50" : 1839.70,
    "dma100" : null,
    "dma200" : 1670.19,
    "volume" : 375168.00
  }, {
    "date" : "2025-07-04",
    "price" : 2722.80,
    "dma50" : 1874.33,
    "dma100" : null,
    "dma200" : 1680.67,
    "volume" : 1176755.00
  }, {
    "date" : "2025-07-07",
    "price" : 2695.50,
    "dma50" : 1906.53,
    "dma100" : null,
    "dma200" : 1690.77,
    "volume" : 360165.00
  }, {
    "date" : "2025-07-08",
    "price" : 2849.80,
    "dma50" : 1943.52,
    "dma100" : null,
    "dma200" : 1702.30,
    "volume" : 636042.00
  }, {
    "date" : "2025-07-09",
    "price" : 3057.60,
    "dma50" : 1987.21,
    "dma100" : 1649.87,
    "dma200" : 1715.78,
    "volume" : 1648298.00
  }, {
    "date" : "2025-07-10",
    "price" : 3082.90,
    "dma50" : 2030.18,
    "dma100" : 1668.30,
    "dma200" : 1729.39,
    "volume" : 423035.00
  }, {
    "date" : "2025-07-11",
    "price" : 3010.60,
    "dma50" : 2068.63,
    "dma100" : 1686.11,
    "dma200" : 1742.14,
    "volume" : 302855.00
  }, {
    "date" : "2025-07-14",
    "price" : 3225.00,
    "dma50" : 2113.97,
    "dma100" : 1706.32,
    "dma200" : 1756.89,
    "volume" : 401671.00
  }, {
    "date" : "2025-07-15",
    "price" : 3194.60,
    "dma50" : 2156.35,
    "dma100" : 1726.72,
    "dma200" : 1771.20,
    "volume" : 229523.00
  }, {
    "date" : "2025-07-16",
    "price" : 3231.20,
    "dma50" : 2198.50,
    "dma100" : 1747.64,
    "dma200" : 1785.72,
    "volume" : 294269.00
  }, {
    "date" : "2025-07-17",
    "price" : 3337.00,
    "dma50" : 2243.15,
    "dma100" : 1769.92,
    "dma200" : 1801.16,
    "volume" : 197920.00
  }, {
    "date" : "2025-07-18",
    "price" : 3309.00,
    "dma50" : 2284.95,
    "dma100" : 1791.57,
    "dma200" : 1816.16,
    "volume" : 176019.00
  }, {
    "date" : "2025-07-21",
    "price" : 3350.10,
    "dma50" : 2326.72,
    "dma100" : 1813.34,
    "dma200" : 1831.43,
    "volume" : 203404.00
  }, {
    "date" : "2025-07-22",
    "price" : 3685.10,
    "dma50" : 2379.99,
    "dma100" : 1838.76,
    "dma200" : 1849.87,
    "volume" : 590353.00
  }, {
    "date" : "2025-07-23",
    "price" : 4039.20,
    "dma50" : 2445.06,
    "dma100" : 1867.85,
    "dma200" : 1871.65,
    "volume" : 1271349.00
  }, {
    "date" : "2025-07-24",
    "price" : 3983.90,
    "dma50" : 2505.40,
    "dma100" : 1896.64,
    "dma200" : 1892.67,
    "volume" : 642063.00
  }, {
    "date" : "2025-07-25",
    "price" : 3799.40,
    "dma50" : 2556.15,
    "dma100" : 1923.87,
    "dma200" : 1911.64,
    "volume" : 304797.00
  }, {
    "date" : "2025-07-28",
    "price" : 3609.50,
    "dma50" : 2597.46,
    "dma100" : 1949.41,
    "dma200" : 1928.54,
    "volume" : 188265.00
  }, {
    "date" : "2025-07-29",
    "price" : 3429.10,
    "dma50" : 2630.07,
    "dma100" : 1972.42,
    "dma200" : 1943.47,
    "volume" : 53056.00
  }, {
    "date" : "2025-07-30",
    "price" : 3361.00,
    "dma50" : 2658.73,
    "dma100" : 1994.55,
    "dma200" : 1957.57,
    "volume" : 371143.00
  }, {
    "date" : "2025-07-31",
    "price" : 3306.00,
    "dma50" : 2684.12,
    "dma100" : 2015.71,
    "dma200" : 1970.99,
    "volume" : 157397.00
  }, {
    "date" : "2025-08-01",
    "price" : 3471.30,
    "dma50" : 2714.99,
    "dma100" : 2038.16,
    "dma200" : 1985.92,
    "volume" : 104303.00
  }, {
    "date" : "2025-08-04",
    "price" : 3515.40,
    "dma50" : 2746.37,
    "dma100" : 2060.69,
    "dma200" : 2001.14,
    "volume" : 140503.00
  }, {
    "date" : "2025-08-05",
    "price" : 3579.40,
    "dma50" : 2779.04,
    "dma100" : 2084.77,
    "dma200" : 2016.84,
    "volume" : 84243.00
  }, {
    "date" : "2025-08-06",
    "price" : 3504.00,
    "dma50" : 2807.47,
    "dma100" : 2108.52,
    "dma200" : 2031.64,
    "volume" : 64803.00
  }, {
    "date" : "2025-08-07",
    "price" : 3669.80,
    "dma50" : 2841.29,
    "dma100" : 2133.95,
    "dma200" : 2047.94,
    "volume" : 91351.00
  }, {
    "date" : "2025-08-08",
    "price" : 3853.20,
    "dma50" : 2880.97,
    "dma100" : 2161.44,
    "dma200" : 2065.90,
    "volume" : 64952.00
  }, {
    "date" : "2025-08-11",
    "price" : 3860.80,
    "dma50" : 2919.40,
    "dma100" : 2189.01,
    "dma200" : 2083.76,
    "volume" : 154718.00
  }, {
    "date" : "2025-08-12",
    "price" : 3937.70,
    "dma50" : 2959.33,
    "dma100" : 2216.93,
    "dma200" : 2102.21,
    "volume" : 95758.00
  }, {
    "date" : "2025-08-13",
    "price" : 4122.60,
    "dma50" : 3004.95,
    "dma100" : 2245.74,
    "dma200" : 2122.31,
    "volume" : 202213.00
  }, {
    "date" : "2025-08-14",
    "price" : 4323.40,
    "dma50" : 3056.65,
    "dma100" : 2274.66,
    "dma200" : 2144.21,
    "volume" : 234714.00
  }, {
    "date" : "2025-08-18",
    "price" : 4107.30,
    "dma50" : 3097.85,
    "dma100" : 2299.21,
    "dma200" : 2163.75,
    "volume" : 122244.00
  }, {
    "date" : "2025-08-19",
    "price" : 4003.20,
    "dma50" : 3133.36,
    "dma100" : 2321.99,
    "dma200" : 2182.05,
    "volume" : 260644.00
  }, {
    "date" : "2025-08-20",
    "price" : 4203.30,
    "dma50" : 3175.32,
    "dma100" : 2347.93,
    "dma200" : 2202.16,
    "volume" : 122500.00
  }, {
    "date" : "2025-08-21",
    "price" : 4407.90,
    "dma50" : 3223.65,
    "dma100" : 2375.69,
    "dma200" : 2224.11,
    "volume" : 148758.00
  }, {
    "date" : "2025-08-22",
    "price" : 4538.50,
    "dma50" : 3275.22,
    "dma100" : 2405.51,
    "dma200" : 2247.14,
    "volume" : 319483.00
  }, {
    "date" : "2025-08-25",
    "price" : 4696.80,
    "dma50" : 3330.96,
    "dma100" : 2436.80,
    "dma200" : 2271.51,
    "volume" : 136608.00
  }, {
    "date" : "2025-08-26",
    "price" : 4467.40,
    "dma50" : 3375.53,
    "dma100" : 2464.65,
    "dma200" : 2293.36,
    "volume" : 139779.00
  }, {
    "date" : "2025-08-28",
    "price" : 4303.50,
    "dma50" : 3411.92,
    "dma100" : 2491.29,
    "dma200" : 2313.37,
    "volume" : 137098.00
  }, {
    "date" : "2025-08-29",
    "price" : 4197.40,
    "dma50" : 3442.72,
    "dma100" : 2516.97,
    "dma200" : 2332.11,
    "volume" : 90006.00
  }, {
    "date" : "2025-09-01",
    "price" : 4086.60,
    "dma50" : 3467.97,
    "dma100" : 2541.81,
    "dma200" : 2349.57,
    "volume" : 126456.00
  }, {
    "date" : "2025-09-02",
    "price" : 3937.20,
    "dma50" : 3486.38,
    "dma100" : 2565.50,
    "dma200" : 2365.37,
    "volume" : 171007.00
  }, {
    "date" : "2025-09-03",
    "price" : 3946.70,
    "dma50" : 3504.43,
    "dma100" : 2588.82,
    "dma200" : 2381.10,
    "volume" : 78241.00
  }, {
    "date" : "2025-09-04",
    "price" : 3804.40,
    "dma50" : 3516.19,
    "dma100" : 2609.98,
    "dma200" : 2395.26,
    "volume" : 94584.00
  }, {
    "date" : "2025-09-05",
    "price" : 3765.10,
    "dma50" : 3525.95,
    "dma100" : 2630.95,
    "dma200" : 2408.89,
    "volume" : 122602.00
  }, {
    "date" : "2025-09-08",
    "price" : 3689.70,
    "dma50" : 3532.37,
    "dma100" : 2650.61,
    "dma200" : 2421.64,
    "volume" : 138448.00
  }, {
    "date" : "2025-09-09",
    "price" : 3679.60,
    "dma50" : 3538.15,
    "dma100" : 2670.42,
    "dma200" : 2434.16,
    "volume" : 149380.00
  }, {
    "date" : "2025-09-10",
    "price" : 3721.60,
    "dma50" : 3545.34,
    "dma100" : 2690.56,
    "dma200" : 2446.97,
    "volume" : 95361.00
  }, {
    "date" : "2025-09-11",
    "price" : 3663.90,
    "dma50" : 3549.99,
    "dma100" : 2708.42,
    "dma200" : 2459.07,
    "volume" : 76632.00
  }, {
    "date" : "2025-09-12",
    "price" : 3736.50,
    "dma50" : 3557.30,
    "dma100" : 2727.97,
    "dma200" : 2471.79,
    "volume" : 64366.00
  }, {
    "date" : "2025-09-15",
    "price" : 3728.60,
    "dma50" : 3564.02,
    "dma100" : 2747.74,
    "dma200" : 2484.29,
    "volume" : 57399.00
  }, {
    "date" : "2025-09-16",
    "price" : 3802.60,
    "dma50" : 3573.38,
    "dma100" : 2767.95,
    "dma200" : 2497.41,
    "volume" : 81959.00
  }, {
    "date" : "2025-09-17",
    "price" : 3770.30,
    "dma50" : 3581.10,
    "dma100" : 2787.92,
    "dma200" : 2510.07,
    "volume" : 39598.00
  }, {
    "date" : "2025-09-18",
    "price" : 3656.20,
    "dma50" : 3584.05,
    "dma100" : 2808.52,
    "dma200" : 2521.48,
    "volume" : 51262.00
  }, {
    "date" : "2025-09-19",
    "price" : 3742.80,
    "dma50" : 3590.27,
    "dma100" : 2830.44,
    "dma200" : 2533.63,
    "volume" : 65251.00
  }, {
    "date" : "2025-09-22",
    "price" : 3555.70,
    "dma50" : 3588.92,
    "dma100" : 2850.76,
    "dma200" : 2543.80,
    "volume" : 58259.00
  }, {
    "date" : "2025-09-23",
    "price" : 3413.90,
    "dma50" : 3582.05,
    "dma100" : 2869.40,
    "dma200" : 2552.46,
    "volume" : 85303.00
  }, {
    "date" : "2025-09-24",
    "price" : 3358.10,
    "dma50" : 3573.27,
    "dma100" : 2887.38,
    "dma200" : 2560.47,
    "volume" : 49741.00
  }, {
    "date" : "2025-09-25",
    "price" : 3282.30,
    "dma50" : 3561.86,
    "dma100" : 2904.70,
    "dma200" : 2567.66,
    "volume" : 36637.00
  }, {
    "date" : "2025-09-26",
    "price" : 3186.20,
    "dma50" : 3547.13,
    "dma100" : 2920.95,
    "dma200" : 2573.81,
    "volume" : 57520.00
  }, {
    "date" : "2025-09-29",
    "price" : 3168.80,
    "dma50" : 3532.29,
    "dma100" : 2937.24,
    "dma200" : 2579.73,
    "volume" : 80744.00
  }, {
    "date" : "2025-09-30",
    "price" : 3109.50,
    "dma50" : 3515.71,
    "dma100" : 2953.02,
    "dma200" : 2585.00,
    "volume" : 28349.00
  }, {
    "date" : "2025-10-01",
    "price" : 3137.80,
    "dma50" : 3500.89,
    "dma100" : 2968.73,
    "dma200" : 2590.50,
    "volume" : 42012.00
  }, {
    "date" : "2025-10-03",
    "price" : 3240.80,
    "dma50" : 3490.69,
    "dma100" : 2985.47,
    "dma200" : 2596.97,
    "volume" : 75143.00
  }, {
    "date" : "2025-10-06",
    "price" : 3176.10,
    "dma50" : 3478.35,
    "dma100" : 3001.52,
    "dma200" : 2602.74,
    "volume" : 93114.00
  }, {
    "date" : "2025-10-07",
    "price" : 3084.40,
    "dma50" : 3462.91,
    "dma100" : 3015.56,
    "dma200" : 2607.53,
    "volume" : 40325.00
  }, {
    "date" : "2025-10-08",
    "price" : 3093.00,
    "dma50" : 3448.40,
    "dma100" : 3029.05,
    "dma200" : 2612.36,
    "volume" : 37620.00
  }, {
    "date" : "2025-10-09",
    "price" : 3053.40,
    "dma50" : 3432.91,
    "dma100" : 3042.49,
    "dma200" : 2616.75,
    "volume" : 29160.00
  }, {
    "date" : "2025-10-10",
    "price" : 3206.00,
    "dma50" : 3424.01,
    "dma100" : 3057.75,
    "dma200" : 2622.61,
    "volume" : 30959.00
  }, {
    "date" : "2025-10-13",
    "price" : 3099.60,
    "dma50" : 3411.29,
    "dma100" : 3071.48,
    "dma200" : 2627.36,
    "volume" : 85851.00
  }, {
    "date" : "2025-10-14",
    "price" : 3115.20,
    "dma50" : 3399.68,
    "dma100" : 3085.56,
    "dma200" : 2632.21,
    "volume" : 55994.00
  }, {
    "date" : "2025-10-15",
    "price" : 3098.10,
    "dma50" : 3387.85,
    "dma100" : 3099.10,
    "dma200" : 2636.85,
    "volume" : 32485.00
  }, {
    "date" : "2025-10-16",
    "price" : 3041.20,
    "dma50" : 3374.26,
    "dma100" : 3112.50,
    "dma200" : 2640.87,
    "volume" : 33818.00
  }, {
    "date" : "2025-10-17",
    "price" : 2954.40,
    "dma50" : 3357.79,
    "dma100" : 3124.54,
    "dma200" : 2643.99,
    "volume" : 56644.00
  }, {
    "date" : "2025-10-20",
    "price" : 2806.70,
    "dma50" : 3336.18,
    "dma100" : 3134.39,
    "dma200" : 2645.61,
    "volume" : 105723.00
  }, {
    "date" : "2025-10-21",
    "price" : 2921.10,
    "dma50" : 3319.90,
    "dma100" : 3145.24,
    "dma200" : 2648.35,
    "volume" : 54337.00
  }, {
    "date" : "2025-10-23",
    "price" : 2823.00,
    "dma50" : 3300.42,
    "dma100" : 3154.59,
    "dma200" : 2650.09,
    "volume" : 63391.00
  }, {
    "date" : "2025-10-24",
    "price" : 2878.00,
    "dma50" : 3283.85,
    "dma100" : 3164.37,
    "dma200" : 2652.36,
    "volume" : 53849.00
  }, {
    "date" : "2025-10-27",
    "price" : 3021.90,
    "dma50" : 3273.58,
    "dma100" : 3175.46,
    "dma200" : 2656.03,
    "volume" : 77576.00
  }, {
    "date" : "2025-10-28",
    "price" : 3172.90,
    "dma50" : 3269.63,
    "dma100" : 3188.32,
    "dma200" : 2661.18,
    "volume" : 98227.00
  }, {
    "date" : "2025-10-29",
    "price" : 3021.70,
    "dma50" : 3259.91,
    "dma100" : 3199.47,
    "dma200" : 2664.76,
    "volume" : 436036.00
  }, {
    "date" : "2025-10-30",
    "price" : 3031.20,
    "dma50" : 3250.94,
    "dma100" : 3210.76,
    "dma200" : 2668.41,
    "volume" : 65692.00
  }, {
    "date" : "2025-10-31",
    "price" : 3035.60,
    "dma50" : 3242.49,
    "dma100" : 3222.28,
    "dma200" : 2672.06,
    "volume" : 64017.00
  }, {
    "date" : "2025-11-03",
    "price" : 3187.30,
    "dma50" : 3240.33,
    "dma100" : 3235.25,
    "dma200" : 2677.19,
    "volume" : 68981.00
  }, {
    "date" : "2025-11-04",
    "price" : 3259.30,
    "dma50" : 3241.07,
    "dma100" : 3248.98,
    "dma200" : 2682.98,
    "volume" : 196386.00
  }, {
    "date" : "2025-11-06",
    "price" : 3135.10,
    "dma50" : 3236.92,
    "dma100" : 3261.56,
    "dma200" : 2687.48,
    "volume" : 52789.00
  }, {
    "date" : "2025-11-07",
    "price" : 3142.20,
    "dma50" : 3233.20,
    "dma100" : 3273.62,
    "dma200" : 2692.01,
    "volume" : 46232.00
  }, {
    "date" : "2025-11-10",
    "price" : 3081.30,
    "dma50" : 3227.25,
    "dma100" : 3285.50,
    "dma200" : 2695.88,
    "volume" : 20784.00
  }, {
    "date" : "2025-11-11",
    "price" : 2961.60,
    "dma50" : 3216.83,
    "dma100" : 3296.33,
    "dma200" : 2698.52,
    "volume" : 40306.00
  }, {
    "date" : "2025-11-12",
    "price" : 3016.80,
    "dma50" : 3208.98,
    "dma100" : 3307.77,
    "dma200" : 2701.69,
    "volume" : 54325.00
  }, {
    "date" : "2025-11-13",
    "price" : 2911.40,
    "dma50" : 3197.31,
    "dma100" : 3318.72,
    "dma200" : 2703.78,
    "volume" : 39491.00
  }, {
    "date" : "2025-11-14",
    "price" : 2858.20,
    "dma50" : 3184.02,
    "dma100" : 3329.07,
    "dma200" : 2705.31,
    "volume" : 59149.00
  }, {
    "date" : "2025-11-17",
    "price" : 2860.00,
    "dma50" : 3171.31,
    "dma100" : 3339.66,
    "dma200" : 2706.85,
    "volume" : 27005.00
  }, {
    "date" : "2025-11-18",
    "price" : 2872.90,
    "dma50" : 3159.61,
    "dma100" : 3350.81,
    "dma200" : 2708.50,
    "volume" : 23404.00
  }, {
    "date" : "2025-11-19",
    "price" : 2853.60,
    "dma50" : 3147.61,
    "dma100" : 3360.60,
    "dma200" : 2709.95,
    "volume" : 24705.00
  }, {
    "date" : "2025-11-20",
    "price" : 2864.70,
    "dma50" : 3136.51,
    "dma100" : 3370.52,
    "dma200" : 2711.49,
    "volume" : 17776.00
  }, {
    "date" : "2025-11-21",
    "price" : 2765.30,
    "dma50" : 3121.95,
    "dma100" : 3377.83,
    "dma200" : 2712.02,
    "volume" : 34162.00
  }, {
    "date" : "2025-11-24",
    "price" : 2812.00,
    "dma50" : 3109.80,
    "dma100" : 3384.85,
    "dma200" : 2713.02,
    "volume" : 31044.00
  }, {
    "date" : "2025-11-25",
    "price" : 2830.50,
    "dma50" : 3098.85,
    "dma100" : 3390.78,
    "dma200" : 2714.19,
    "volume" : 14252.00
  }, {
    "date" : "2025-11-26",
    "price" : 2906.50,
    "dma50" : 3091.30,
    "dma100" : 3396.50,
    "dma200" : 2716.10,
    "volume" : 31147.00
  }, {
    "date" : "2025-11-27",
    "price" : 3030.70,
    "dma50" : 3088.93,
    "dma100" : 3402.10,
    "dma200" : 2719.23,
    "volume" : 68715.00
  }, {
    "date" : "2025-11-28",
    "price" : 3051.60,
    "dma50" : 3087.46,
    "dma100" : 3405.39,
    "dma200" : 2722.54,
    "volume" : 40602.00
  }, {
    "date" : "2025-12-01",
    "price" : 3204.10,
    "dma50" : 3092.04,
    "dma100" : 3410.47,
    "dma200" : 2727.33,
    "volume" : 29693.00
  }, {
    "date" : "2025-12-02",
    "price" : 3364.30,
    "dma50" : 3102.71,
    "dma100" : 3415.62,
    "dma200" : 2733.67,
    "volume" : 36050.00
  }, {
    "date" : "2025-12-03",
    "price" : 3532.50,
    "dma50" : 3119.57,
    "dma100" : 3420.37,
    "dma200" : 2741.62,
    "volume" : 288070.00
  }, {
    "date" : "2025-12-04",
    "price" : 3520.00,
    "dma50" : 3135.27,
    "dma100" : 3424.74,
    "dma200" : 2749.36,
    "volume" : 125268.00
  }, {
    "date" : "2025-12-05",
    "price" : 3370.80,
    "dma50" : 3144.51,
    "dma100" : 3428.34,
    "dma200" : 2755.55,
    "volume" : 58800.00
  }, {
    "date" : "2025-12-08",
    "price" : 3466.40,
    "dma50" : 3157.13,
    "dma100" : 3430.75,
    "dma200" : 2762.62,
    "volume" : 111084.00
  }, {
    "date" : "2025-12-09",
    "price" : 3639.70,
    "dma50" : 3176.06,
    "dma100" : 3435.21,
    "dma200" : 2771.35,
    "volume" : 75561.00
  }, {
    "date" : "2025-12-10",
    "price" : 3776.70,
    "dma50" : 3199.61,
    "dma100" : 3440.66,
    "dma200" : 2781.35,
    "volume" : 146949.00
  }, {
    "date" : "2025-12-11",
    "price" : 3835.00,
    "dma50" : 3224.53,
    "dma100" : 3445.64,
    "dma200" : 2791.83,
    "volume" : 92805.00
  }, {
    "date" : "2025-12-12",
    "price" : 3765.00,
    "dma50" : 3245.72,
    "dma100" : 3450.20,
    "dma200" : 2801.52,
    "volume" : 56716.00
  }, {
    "date" : "2025-12-15",
    "price" : 3779.70,
    "dma50" : 3266.66,
    "dma100" : 3454.50,
    "dma200" : 2811.25,
    "volume" : 34312.00
  }, {
    "date" : "2025-12-16",
    "price" : 3671.10,
    "dma50" : 3282.52,
    "dma100" : 3454.36,
    "dma200" : 2819.81,
    "volume" : 34488.00
  }, {
    "date" : "2025-12-17",
    "price" : 3602.90,
    "dma50" : 3295.09,
    "dma100" : 3449.99,
    "dma200" : 2827.60,
    "volume" : 25940.00
  }, {
    "date" : "2025-12-18",
    "price" : 3604.50,
    "dma50" : 3307.22,
    "dma100" : 3446.20,
    "dma200" : 2835.33,
    "volume" : 38671.00
  }, {
    "date" : "2025-12-19",
    "price" : 3681.70,
    "dma50" : 3321.91,
    "dma100" : 3445.02,
    "dma200" : 2843.75,
    "volume" : 107836.00
  }, {
    "date" : "2025-12-22",
    "price" : 3863.40,
    "dma50" : 3343.14,
    "dma100" : 3447.56,
    "dma200" : 2853.90,
    "volume" : 94595.00
  }, {
    "date" : "2025-12-23",
    "price" : 3795.80,
    "dma50" : 3360.89,
    "dma100" : 3451.23,
    "dma200" : 2863.27,
    "volume" : 57308.00
  }, {
    "date" : "2025-12-24",
    "price" : 3710.40,
    "dma50" : 3374.60,
    "dma100" : 3454.72,
    "dma200" : 2871.70,
    "volume" : 32825.00
  }, {
    "date" : "2025-12-26",
    "price" : 3629.10,
    "dma50" : 3384.58,
    "dma100" : 3457.95,
    "dma200" : 2879.23,
    "volume" : 38688.00
  }, {
    "date" : "2025-12-29",
    "price" : 3810.50,
    "dma50" : 3401.28,
    "dma100" : 3461.35,
    "dma200" : 2888.50,
    "volume" : 76751.00
  }, {
    "date" : "2025-12-30",
    "price" : 3962.70,
    "dma50" : 3423.30,
    "dma100" : 3465.82,
    "dma200" : 2899.19,
    "volume" : 148473.00
  }, {
    "date" : "2025-12-31",
    "price" : 3975.80,
    "dma50" : 3444.97,
    "dma100" : 3469.78,
    "dma200" : 2909.90,
    "volume" : 80018.00
  }, {
    "date" : "2026-01-01",
    "price" : 4091.80,
    "dma50" : 3470.33,
    "dma100" : 3475.66,
    "dma200" : 2921.66,
    "volume" : 275039.00
  }, {
    "date" : "2026-01-02",
    "price" : 4086.00,
    "dma50" : 3494.48,
    "dma100" : 3479.82,
    "dma200" : 2933.25,
    "volume" : 102011.00
  }, {
    "date" : "2026-01-05",
    "price" : 4116.00,
    "dma50" : 3518.85,
    "dma100" : 3482.45,
    "dma200" : 2945.01,
    "volume" : 68809.00
  }, {
    "date" : "2026-01-06",
    "price" : 4220.50,
    "dma50" : 3546.36,
    "dma100" : 3486.05,
    "dma200" : 2957.71,
    "volume" : 115848.00
  }, {
    "date" : "2026-01-07",
    "price" : 4431.50,
    "dma50" : 3581.08,
    "dma100" : 3490.99,
    "dma200" : 2972.37,
    "volume" : 149166.00
  }, {
    "date" : "2026-01-08",
    "price" : 4470.10,
    "dma50" : 3615.94,
    "dma100" : 3494.46,
    "dma200" : 2987.27,
    "volume" : 167211.00
  }, {
    "date" : "2026-01-09",
    "price" : 4248.20,
    "dma50" : 3640.73,
    "dma100" : 3493.71,
    "dma200" : 2999.82,
    "volume" : 167406.00
  }, {
    "date" : "2026-01-12",
    "price" : 4243.40,
    "dma50" : 3664.37,
    "dma100" : 3495.07,
    "dma200" : 3012.19,
    "volume" : 151643.00
  }, {
    "date" : "2026-01-13",
    "price" : 4246.50,
    "dma50" : 3687.20,
    "dma100" : 3497.50,
    "dma200" : 3024.48,
    "volume" : 64816.00
  }, {
    "date" : "2026-01-14",
    "price" : 4454.60,
    "dma50" : 3717.29,
    "dma100" : 3500.02,
    "dma200" : 3038.71,
    "volume" : 94176.00
  }, {
    "date" : "2026-01-16",
    "price" : 4405.50,
    "dma50" : 3744.28,
    "dma100" : 3499.99,
    "dma200" : 3052.31,
    "volume" : 150965.00
  }, {
    "date" : "2026-01-19",
    "price" : 4185.30,
    "dma50" : 3761.57,
    "dma100" : 3496.46,
    "dma200" : 3063.58,
    "volume" : 93462.00
  }, {
    "date" : "2026-01-20",
    "price" : 3976.10,
    "dma50" : 3769.99,
    "dma100" : 3489.25,
    "dma200" : 3072.66,
    "volume" : 93470.00
  }, {
    "date" : "2026-01-21",
    "price" : 3777.30,
    "dma50" : 3770.27,
    "dma100" : 3482.35,
    "dma200" : 3079.67,
    "volume" : 78089.00
  }, {
    "date" : "2026-01-22",
    "price" : 3622.60,
    "dma50" : 3764.48,
    "dma100" : 3475.54,
    "dma200" : 3085.07,
    "volume" : 122272.00
  }, {
    "date" : "2026-01-23",
    "price" : 3676.30,
    "dma50" : 3761.02,
    "dma100" : 3470.33,
    "dma200" : 3090.96,
    "volume" : 103467.00
  }, {
    "date" : "2026-01-27",
    "price" : 3492.50,
    "dma50" : 3750.49,
    "dma100" : 3464.39,
    "dma200" : 3094.95,
    "volume" : 75620.00
  }, {
    "date" : "2026-01-28",
    "price" : 3667.10,
    "dma50" : 3747.22,
    "dma100" : 3461.69,
    "dma200" : 3100.64,
    "volume" : 151283.00
  }, {
    "date" : "2026-01-29",
    "price" : 3591.40,
    "dma50" : 3741.11,
    "dma100" : 3458.14,
    "dma200" : 3105.53,
    "volume" : 69627.00
  }, {
    "date" : "2026-01-30",
    "price" : 3459.70,
    "dma50" : 3730.08,
    "dma100" : 3454.69,
    "dma200" : 3109.05,
    "volume" : 35326.00
  }, {
    "date" : "2026-02-01",
    "price" : 3504.10,
    "dma50" : 3721.22,
    "dma100" : 3452.08,
    "dma200" : 3112.98,
    "volume" : 48771.00
  }, {
    "date" : "2026-02-02",
    "price" : 3594.50,
    "dma50" : 3716.25,
    "dma100" : 3451.13,
    "dma200" : 3117.77,
    "volume" : 50269.00
  }, {
    "date" : "2026-02-03",
    "price" : 3638.80,
    "dma50" : 3713.21,
    "dma100" : 3450.72,
    "dma200" : 3122.96,
    "volume" : 34388.00
  }, {
    "date" : "2026-02-04",
    "price" : 3820.60,
    "dma50" : 3717.42,
    "dma100" : 3451.71,
    "dma200" : 3129.90,
    "volume" : 112150.00
  }, {
    "date" : "2026-02-05",
    "price" : 3790.20,
    "dma50" : 3720.27,
    "dma100" : 3452.97,
    "dma200" : 3136.47,
    "volume" : 86823.00
  }, {
    "date" : "2026-02-06",
    "price" : 3731.10,
    "dma50" : 3720.70,
    "dma100" : 3452.92,
    "dma200" : 3142.39,
    "volume" : 36166.00
  } ],
  "latestTechnicalAttributes" : {
    "date" : "2026-02-06",
    "price" : 3731.10,
    "dma50" : 3720.70,
    "dma100" : 3452.92,
    "dma200" : 3142.39,
    "volume" : 36166.00
  },
  "quarterlyResults" : [ {
    "date" : "2005-03-31",
    "sales" : 178.13,
    "salesGrowthYoY" : null,
    "grossProfitMargin" : 16.42,
    "grossProfit" : 29.25,
    "operatingProfitMargin" : 6.68,
    "operatingProfit" : 11.90,
    "netProfitMargin" : 3.51,
    "netProfit" : 6.25
  }, {
    "date" : "2005-06-30",
    "sales" : 147.70,
    "salesGrowthYoY" : null,
    "grossProfitMargin" : 18.08,
    "grossProfit" : 26.70,
    "operatingProfitMargin" : 8.19,
    "operatingProfit" : 12.10,
    "netProfitMargin" : 4.54,
    "netProfit" : 6.71
  }, {
    "date" : "2005-09-30",
    "sales" : 148.50,
    "salesGrowthYoY" : null,
    "grossProfitMargin" : 16.77,
    "grossProfit" : 24.90,
    "operatingProfitMargin" : 7.07,
    "operatingProfit" : 10.50,
    "netProfitMargin" : 3.70,
    "netProfit" : 5.49
  }, {
    "date" : "2005-12-31",
    "sales" : 159.10,
    "salesGrowthYoY" : null,
    "grossProfitMargin" : 15.34,
    "grossProfit" : 24.41,
    "operatingProfitMargin" : 4.90,
    "operatingProfit" : 7.80,
    "netProfitMargin" : 2.14,
    "netProfit" : 3.40
  }, {
    "date" : "2006-03-31",
    "sales" : 157.80,
    "salesGrowthYoY" : -11.41,
    "grossProfitMargin" : 14.73,
    "grossProfit" : 23.24,
    "operatingProfitMargin" : 3.10,
    "operatingProfit" : 4.89,
    "netProfitMargin" : 0.75,
    "netProfit" : 1.18
  }, {
    "date" : "2006-06-30",
    "sales" : 120.30,
    "salesGrowthYoY" : -18.55,
    "grossProfitMargin" : 14.46,
    "grossProfit" : 17.40,
    "operatingProfitMargin" : 2.58,
    "operatingProfit" : 3.10,
    "netProfitMargin" : 0.15,
    "netProfit" : 0.18
  }, {
    "date" : "2006-09-30",
    "sales" : 167.90,
    "salesGrowthYoY" : 13.06,
    "grossProfitMargin" : 15.90,
    "grossProfit" : 26.70,
    "operatingProfitMargin" : 5.84,
    "operatingProfit" : 9.81,
    "netProfitMargin" : 2.93,
    "netProfit" : 4.92
  }, {
    "date" : "2006-12-31",
    "sales" : 151.40,
    "salesGrowthYoY" : -4.84,
    "grossProfitMargin" : 17.77,
    "grossProfit" : 26.90,
    "operatingProfitMargin" : 7.07,
    "operatingProfit" : 10.70,
    "netProfitMargin" : 3.30,
    "netProfit" : 5.00
  }, {
    "date" : "2007-03-31",
    "sales" : 165.88,
    "salesGrowthYoY" : 5.12,
    "grossProfitMargin" : 18.13,
    "grossProfit" : 30.07,
    "operatingProfitMargin" : 7.14,
    "operatingProfit" : 11.84,
    "netProfitMargin" : 3.61,
    "netProfit" : 5.99
  }, {
    "date" : "2007-06-30",
    "sales" : 153.00,
    "salesGrowthYoY" : 27.18,
    "grossProfitMargin" : 18.50,
    "grossProfit" : 28.30,
    "operatingProfitMargin" : 8.24,
    "operatingProfit" : 12.61,
    "netProfitMargin" : 3.92,
    "netProfit" : 6.00
  }, {
    "date" : "2007-09-30",
    "sales" : 175.40,
    "salesGrowthYoY" : 4.47,
    "grossProfitMargin" : 16.02,
    "grossProfit" : 28.10,
    "operatingProfitMargin" : 6.16,
    "operatingProfit" : 10.80,
    "netProfitMargin" : 3.53,
    "netProfit" : 6.19
  }, {
    "date" : "2007-12-31",
    "sales" : 164.60,
    "salesGrowthYoY" : 8.72,
    "grossProfitMargin" : 17.01,
    "grossProfit" : 28.00,
    "operatingProfitMargin" : 7.05,
    "operatingProfit" : 11.60,
    "netProfitMargin" : 3.83,
    "netProfit" : 6.30
  }, {
    "date" : "2008-03-31",
    "sales" : 174.92,
    "salesGrowthYoY" : 5.45,
    "grossProfitMargin" : 18.80,
    "grossProfit" : 32.88,
    "operatingProfitMargin" : 8.71,
    "operatingProfit" : 15.24,
    "netProfitMargin" : 3.83,
    "netProfit" : 6.70
  }, {
    "date" : "2008-06-30",
    "sales" : 162.70,
    "salesGrowthYoY" : 6.34,
    "grossProfitMargin" : 18.01,
    "grossProfit" : 29.30,
    "operatingProfitMargin" : 7.87,
    "operatingProfit" : 12.80,
    "netProfitMargin" : 3.75,
    "netProfit" : 6.10
  }, {
    "date" : "2008-09-30",
    "sales" : 205.40,
    "salesGrowthYoY" : 17.10,
    "grossProfitMargin" : 17.04,
    "grossProfit" : 35.00,
    "operatingProfitMargin" : 7.06,
    "operatingProfit" : 14.50,
    "netProfitMargin" : 2.97,
    "netProfit" : 6.10
  }, {
    "date" : "2008-12-31",
    "sales" : 42.90,
    "salesGrowthYoY" : -73.94,
    "grossProfitMargin" : 22.38,
    "grossProfit" : 9.60,
    "operatingProfitMargin" : -18.18,
    "operatingProfit" : -7.80,
    "netProfitMargin" : -24.48,
    "netProfit" : -10.50
  }, {
    "date" : "2009-03-31",
    "sales" : 134.15,
    "salesGrowthYoY" : -23.31,
    "grossProfitMargin" : 17.58,
    "grossProfit" : 23.58,
    "operatingProfitMargin" : 5.05,
    "operatingProfit" : 6.77,
    "netProfitMargin" : 2.30,
    "netProfit" : 3.09
  }, {
    "date" : "2009-06-30",
    "sales" : 157.00,
    "salesGrowthYoY" : -3.50,
    "grossProfitMargin" : 19.94,
    "grossProfit" : 31.31,
    "operatingProfitMargin" : 6.88,
    "operatingProfit" : 10.80,
    "netProfitMargin" : 1.34,
    "netProfit" : 2.10
  }, {
    "date" : "2009-09-30",
    "sales" : 155.30,
    "salesGrowthYoY" : -24.39,
    "grossProfitMargin" : 21.57,
    "grossProfit" : 33.50,
    "operatingProfitMargin" : 8.44,
    "operatingProfit" : 13.11,
    "netProfitMargin" : 2.96,
    "netProfit" : 4.60
  }, {
    "date" : "2009-12-31",
    "sales" : 188.50,
    "salesGrowthYoY" : 339.39,
    "grossProfitMargin" : 20.85,
    "grossProfit" : 39.30,
    "operatingProfitMargin" : 8.06,
    "operatingProfit" : 15.19,
    "netProfitMargin" : 3.13,
    "netProfit" : 5.90
  }, {
    "date" : "2010-03-31",
    "sales" : 221.43,
    "salesGrowthYoY" : 65.06,
    "grossProfitMargin" : 21.28,
    "grossProfit" : 47.12,
    "operatingProfitMargin" : 8.50,
    "operatingProfit" : 18.82,
    "netProfitMargin" : 4.00,
    "netProfit" : 8.86
  }, {
    "date" : "2010-06-30",
    "sales" : 197.30,
    "salesGrowthYoY" : 25.67,
    "grossProfitMargin" : 21.44,
    "grossProfit" : 42.30,
    "operatingProfitMargin" : 5.78,
    "operatingProfit" : 11.40,
    "netProfitMargin" : 2.58,
    "netProfit" : 5.09
  }, {
    "date" : "2010-09-30",
    "sales" : 200.03,
    "salesGrowthYoY" : 28.80,
    "grossProfitMargin" : 24.96,
    "grossProfit" : 49.93,
    "operatingProfitMargin" : 8.28,
    "operatingProfit" : 16.56,
    "netProfitMargin" : 4.63,
    "netProfit" : 9.26
  }, {
    "date" : "2010-12-31",
    "sales" : 227.22,
    "salesGrowthYoY" : 20.54,
    "grossProfitMargin" : 22.84,
    "grossProfit" : 51.90,
    "operatingProfitMargin" : 8.17,
    "operatingProfit" : 18.56,
    "netProfitMargin" : 4.26,
    "netProfit" : 9.68
  }, {
    "date" : "2011-03-31",
    "sales" : 285.55,
    "salesGrowthYoY" : 28.96,
    "grossProfitMargin" : 20.71,
    "grossProfit" : 59.14,
    "operatingProfitMargin" : 7.44,
    "operatingProfit" : 21.24,
    "netProfitMargin" : 4.36,
    "netProfit" : 12.45
  }, {
    "date" : "2011-06-30",
    "sales" : 238.97,
    "salesGrowthYoY" : 21.12,
    "grossProfitMargin" : 23.02,
    "grossProfit" : 55.01,
    "operatingProfitMargin" : 7.50,
    "operatingProfit" : 17.92,
    "netProfitMargin" : 4.15,
    "netProfit" : 9.92
  }, {
    "date" : "2011-09-30",
    "sales" : 248.36,
    "salesGrowthYoY" : 24.16,
    "grossProfitMargin" : 24.58,
    "grossProfit" : 61.05,
    "operatingProfitMargin" : 8.44,
    "operatingProfit" : 20.96,
    "netProfitMargin" : 4.78,
    "netProfit" : 11.87
  }, {
    "date" : "2011-12-31",
    "sales" : 247.48,
    "salesGrowthYoY" : 8.92,
    "grossProfitMargin" : 24.15,
    "grossProfit" : 59.77,
    "operatingProfitMargin" : 8.29,
    "operatingProfit" : 20.52,
    "netProfitMargin" : 4.78,
    "netProfit" : 11.83
  }, {
    "date" : "2012-03-31",
    "sales" : 301.02,
    "salesGrowthYoY" : 5.42,
    "grossProfitMargin" : 22.56,
    "grossProfit" : 67.91,
    "operatingProfitMargin" : 6.72,
    "operatingProfit" : 20.23,
    "netProfitMargin" : 3.85,
    "netProfit" : 11.59
  }, {
    "date" : "2012-06-30",
    "sales" : 262.77,
    "salesGrowthYoY" : 9.96,
    "grossProfitMargin" : 23.63,
    "grossProfit" : 62.09,
    "operatingProfitMargin" : 7.98,
    "operatingProfit" : 20.97,
    "netProfitMargin" : 4.66,
    "netProfit" : 12.25
  }, {
    "date" : "2012-09-30",
    "sales" : 262.91,
    "salesGrowthYoY" : 5.86,
    "grossProfitMargin" : 24.51,
    "grossProfit" : 64.44,
    "operatingProfitMargin" : 8.65,
    "operatingProfit" : 22.74,
    "netProfitMargin" : 4.92,
    "netProfit" : 12.94
  }, {
    "date" : "2012-12-31",
    "sales" : 197.23,
    "salesGrowthYoY" : -20.30,
    "grossProfitMargin" : 24.98,
    "grossProfit" : 49.27,
    "operatingProfitMargin" : 4.57,
    "operatingProfit" : 9.01,
    "netProfitMargin" : 0.92,
    "netProfit" : 1.81
  }, {
    "date" : "2013-03-31",
    "sales" : 279.19,
    "salesGrowthYoY" : -7.25,
    "grossProfitMargin" : 23.00,
    "grossProfit" : 64.21,
    "operatingProfitMargin" : 6.30,
    "operatingProfit" : 17.59,
    "netProfitMargin" : 3.38,
    "netProfit" : 9.44
  }, {
    "date" : "2013-06-30",
    "sales" : 284.18,
    "salesGrowthYoY" : 8.15,
    "grossProfitMargin" : 22.08,
    "grossProfit" : 62.75,
    "operatingProfitMargin" : 6.37,
    "operatingProfit" : 18.10,
    "netProfitMargin" : 3.59,
    "netProfit" : 10.20
  }, {
    "date" : "2013-09-30",
    "sales" : 202.92,
    "salesGrowthYoY" : -22.82,
    "grossProfitMargin" : 25.98,
    "grossProfit" : 52.72,
    "operatingProfitMargin" : 3.25,
    "operatingProfit" : 6.59,
    "netProfitMargin" : 1.91,
    "netProfit" : 3.88
  }, {
    "date" : "2013-12-31",
    "sales" : 169.83,
    "salesGrowthYoY" : -13.89,
    "grossProfitMargin" : 23.46,
    "grossProfit" : 39.84,
    "operatingProfitMargin" : -1.55,
    "operatingProfit" : -2.63,
    "netProfitMargin" : -2.60,
    "netProfit" : -4.42
  }, {
    "date" : "2014-03-31",
    "sales" : 224.34,
    "salesGrowthYoY" : -19.65,
    "grossProfitMargin" : 26.01,
    "grossProfit" : 58.35,
    "operatingProfitMargin" : 4.29,
    "operatingProfit" : 9.62,
    "netProfitMargin" : 3.45,
    "netProfit" : 7.74
  }, {
    "date" : "2014-06-30",
    "sales" : 338.56,
    "salesGrowthYoY" : 19.14,
    "grossProfitMargin" : 25.93,
    "grossProfit" : 87.79,
    "operatingProfitMargin" : 10.44,
    "operatingProfit" : 35.35,
    "netProfitMargin" : 6.92,
    "netProfit" : 23.43
  }, {
    "date" : "2014-09-30",
    "sales" : 233.57,
    "salesGrowthYoY" : 15.10,
    "grossProfitMargin" : 27.63,
    "grossProfit" : 64.54,
    "operatingProfitMargin" : 3.28,
    "operatingProfit" : 7.66,
    "netProfitMargin" : 1.50,
    "netProfit" : 3.50
  }, {
    "date" : "2014-12-31",
    "sales" : 211.88,
    "salesGrowthYoY" : 24.76,
    "grossProfitMargin" : 26.35,
    "grossProfit" : 55.83,
    "operatingProfitMargin" : 0.89,
    "operatingProfit" : 1.89,
    "netProfitMargin" : -1.29,
    "netProfit" : -2.73
  }, {
    "date" : "2015-03-31",
    "sales" : 321.54,
    "salesGrowthYoY" : 43.33,
    "grossProfitMargin" : 26.99,
    "grossProfit" : 86.78,
    "operatingProfitMargin" : 6.43,
    "operatingProfit" : 20.68,
    "netProfitMargin" : 3.96,
    "netProfit" : 12.73
  }, {
    "date" : "2015-06-30",
    "sales" : 383.16,
    "salesGrowthYoY" : 13.17,
    "grossProfitMargin" : 26.27,
    "grossProfit" : 100.66,
    "operatingProfitMargin" : 11.12,
    "operatingProfit" : 42.61,
    "netProfitMargin" : 7.58,
    "netProfit" : 29.04
  }, {
    "date" : "2015-09-30",
    "sales" : 268.90,
    "salesGrowthYoY" : 15.13,
    "grossProfitMargin" : 25.52,
    "grossProfit" : 68.62,
    "operatingProfitMargin" : 4.66,
    "operatingProfit" : 12.53,
    "netProfitMargin" : 2.37,
    "netProfit" : 6.37
  }, {
    "date" : "2015-12-31",
    "sales" : 194.17,
    "salesGrowthYoY" : -8.36,
    "grossProfitMargin" : 30.65,
    "grossProfit" : 59.51,
    "operatingProfitMargin" : 1.32,
    "operatingProfit" : 2.56,
    "netProfitMargin" : -0.48,
    "netProfit" : -0.93
  }, {
    "date" : "2016-03-31",
    "sales" : 319.27,
    "salesGrowthYoY" : -0.71,
    "grossProfitMargin" : 27.81,
    "grossProfit" : 88.79,
    "operatingProfitMargin" : 8.86,
    "operatingProfit" : 28.29,
    "netProfitMargin" : 5.22,
    "netProfit" : 16.67
  }, {
    "date" : "2016-06-30",
    "sales" : 462.37,
    "salesGrowthYoY" : 20.67,
    "grossProfitMargin" : 26.41,
    "grossProfit" : 122.11,
    "operatingProfitMargin" : 13.45,
    "operatingProfit" : 62.19,
    "netProfitMargin" : 8.84,
    "netProfit" : 40.87
  }, {
    "date" : "2016-09-30",
    "sales" : 301.37,
    "salesGrowthYoY" : 12.08,
    "grossProfitMargin" : 26.11,
    "grossProfit" : 78.69,
    "operatingProfitMargin" : 6.41,
    "operatingProfit" : 19.32,
    "netProfitMargin" : 3.22,
    "netProfit" : 9.70
  }, {
    "date" : "2016-12-31",
    "sales" : 226.59,
    "salesGrowthYoY" : 16.70,
    "grossProfitMargin" : 30.03,
    "grossProfit" : 68.04,
    "operatingProfitMargin" : 4.58,
    "operatingProfit" : 10.38,
    "netProfitMargin" : 1.31,
    "netProfit" : 2.97
  }, {
    "date" : "2017-03-31",
    "sales" : 365.84,
    "salesGrowthYoY" : 14.59,
    "grossProfitMargin" : 23.58,
    "grossProfit" : 86.27,
    "operatingProfitMargin" : 4.96,
    "operatingProfit" : 18.15,
    "netProfitMargin" : 2.60,
    "netProfit" : 9.51
  }, {
    "date" : "2017-06-30",
    "sales" : 318.45,
    "salesGrowthYoY" : -31.13,
    "grossProfitMargin" : 26.71,
    "grossProfit" : 85.06,
    "operatingProfitMargin" : 5.73,
    "operatingProfit" : 18.25,
    "netProfitMargin" : 2.12,
    "netProfit" : 6.75
  }, {
    "date" : "2017-09-30",
    "sales" : 227.07,
    "salesGrowthYoY" : -24.65,
    "grossProfitMargin" : 26.01,
    "grossProfit" : 59.06,
    "operatingProfitMargin" : 1.99,
    "operatingProfit" : 4.52,
    "netProfitMargin" : -1.48,
    "netProfit" : -3.36
  }, {
    "date" : "2017-12-31",
    "sales" : 221.45,
    "salesGrowthYoY" : -2.27,
    "grossProfitMargin" : 25.97,
    "grossProfit" : 57.51,
    "operatingProfitMargin" : -0.83,
    "operatingProfit" : -1.84,
    "netProfitMargin" : -4.41,
    "netProfit" : -9.77
  }, {
    "date" : "2018-03-31",
    "sales" : 368.08,
    "salesGrowthYoY" : 0.61,
    "grossProfitMargin" : 25.27,
    "grossProfit" : 93.01,
    "operatingProfitMargin" : 6.60,
    "operatingProfit" : 24.29,
    "netProfitMargin" : 4.04,
    "netProfit" : 14.87
  }, {
    "date" : "2018-06-30",
    "sales" : 452.63,
    "salesGrowthYoY" : 42.14,
    "grossProfitMargin" : 24.15,
    "grossProfit" : 109.31,
    "operatingProfitMargin" : 8.74,
    "operatingProfit" : 39.56,
    "netProfitMargin" : 4.44,
    "netProfit" : 20.10
  }, {
    "date" : "2018-09-30",
    "sales" : 295.41,
    "salesGrowthYoY" : 30.10,
    "grossProfitMargin" : 22.60,
    "grossProfit" : 66.76,
    "operatingProfitMargin" : 0.49,
    "operatingProfit" : 1.45,
    "netProfitMargin" : -2.62,
    "netProfit" : -7.74
  }, {
    "date" : "2018-12-31",
    "sales" : 231.58,
    "salesGrowthYoY" : 4.57,
    "grossProfitMargin" : 23.97,
    "grossProfit" : 55.51,
    "operatingProfitMargin" : -3.24,
    "operatingProfit" : -7.50,
    "netProfitMargin" : -6.39,
    "netProfit" : -14.80
  }, {
    "date" : "2019-03-31",
    "sales" : 429.60,
    "salesGrowthYoY" : 16.71,
    "grossProfitMargin" : 27.06,
    "grossProfit" : 116.25,
    "operatingProfitMargin" : 9.51,
    "operatingProfit" : 40.85,
    "netProfitMargin" : 5.12,
    "netProfit" : 22.00
  }, {
    "date" : "2019-06-30",
    "sales" : 471.43,
    "salesGrowthYoY" : 4.15,
    "grossProfitMargin" : 22.51,
    "grossProfit" : 106.12,
    "operatingProfitMargin" : 7.74,
    "operatingProfit" : 36.49,
    "netProfitMargin" : 3.53,
    "netProfit" : 16.64
  }, {
    "date" : "2019-09-30",
    "sales" : 234.04,
    "salesGrowthYoY" : -20.77,
    "grossProfitMargin" : 18.80,
    "grossProfit" : 44.00,
    "operatingProfitMargin" : -6.29,
    "operatingProfit" : -14.72,
    "netProfitMargin" : -7.61,
    "netProfit" : -17.81
  }, {
    "date" : "2019-12-31",
    "sales" : 176.52,
    "salesGrowthYoY" : -23.78,
    "grossProfitMargin" : 20.28,
    "grossProfit" : 35.80,
    "operatingProfitMargin" : -10.47,
    "operatingProfit" : -18.48,
    "netProfitMargin" : -10.13,
    "netProfit" : -17.88
  }, {
    "date" : "2020-03-31",
    "sales" : 272.17,
    "salesGrowthYoY" : -36.65,
    "grossProfitMargin" : 23.53,
    "grossProfit" : 64.04,
    "operatingProfitMargin" : 3.17,
    "operatingProfit" : 8.63,
    "netProfitMargin" : -0.74,
    "netProfit" : -2.01
  }, {
    "date" : "2020-06-30",
    "sales" : 28.74,
    "salesGrowthYoY" : -93.90,
    "grossProfitMargin" : 22.20,
    "grossProfit" : 6.38,
    "operatingProfitMargin" : -124.15,
    "operatingProfit" : -35.68,
    "netProfitMargin" : -181.84,
    "netProfit" : -52.26
  }, {
    "date" : "2020-09-30",
    "sales" : 120.45,
    "salesGrowthYoY" : -48.53,
    "grossProfitMargin" : 22.88,
    "grossProfit" : 27.56,
    "operatingProfitMargin" : -15.26,
    "operatingProfit" : -18.38,
    "netProfitMargin" : -28.83,
    "netProfit" : -34.73
  }, {
    "date" : "2020-12-31",
    "sales" : 183.85,
    "salesGrowthYoY" : 4.15,
    "grossProfitMargin" : 21.23,
    "grossProfit" : 39.03,
    "operatingProfitMargin" : -5.01,
    "operatingProfit" : -9.21,
    "netProfitMargin" : -14.35,
    "netProfit" : -26.38
  }, {
    "date" : "2021-03-31",
    "sales" : 258.15,
    "salesGrowthYoY" : -5.15,
    "grossProfitMargin" : 18.42,
    "grossProfit" : 47.55,
    "operatingProfitMargin" : -2.08,
    "operatingProfit" : -5.37,
    "netProfitMargin" : -7.79,
    "netProfit" : -20.11
  }, {
    "date" : "2021-06-30",
    "sales" : 99.97,
    "salesGrowthYoY" : 247.84,
    "grossProfitMargin" : 27.01,
    "grossProfit" : 27.00,
    "operatingProfitMargin" : -17.29,
    "operatingProfit" : -17.28,
    "netProfitMargin" : -33.45,
    "netProfit" : -33.44
  }, {
    "date" : "2021-09-30",
    "sales" : 232.70,
    "salesGrowthYoY" : 93.19,
    "grossProfitMargin" : 14.50,
    "grossProfit" : 33.74,
    "operatingProfitMargin" : -6.90,
    "operatingProfit" : -16.06,
    "netProfitMargin" : -12.51,
    "netProfit" : -29.11
  }, {
    "date" : "2021-12-31",
    "sales" : 249.52,
    "salesGrowthYoY" : 35.72,
    "grossProfitMargin" : 19.23,
    "grossProfit" : 47.98,
    "operatingProfitMargin" : -3.97,
    "operatingProfit" : -9.91,
    "netProfitMargin" : -10.34,
    "netProfit" : -25.80
  }, {
    "date" : "2022-03-31",
    "sales" : 342.35,
    "salesGrowthYoY" : 32.62,
    "grossProfitMargin" : 17.05,
    "grossProfit" : 58.37,
    "operatingProfitMargin" : 0.70,
    "operatingProfit" : 2.40,
    "netProfitMargin" : -3.34,
    "netProfit" : -11.43
  }, {
    "date" : "2022-06-30",
    "sales" : 500.19,
    "salesGrowthYoY" : 400.34,
    "grossProfitMargin" : 17.00,
    "grossProfit" : 85.03,
    "operatingProfitMargin" : 3.38,
    "operatingProfit" : 16.91,
    "netProfitMargin" : 0.47,
    "netProfit" : 2.35
  }, {
    "date" : "2022-09-30",
    "sales" : 410.43,
    "salesGrowthYoY" : 76.38,
    "grossProfitMargin" : 18.79,
    "grossProfit" : 77.12,
    "operatingProfitMargin" : 1.36,
    "operatingProfit" : 5.58,
    "netProfitMargin" : -2.23,
    "netProfit" : -9.15
  }, {
    "date" : "2022-12-31",
    "sales" : 327.75,
    "salesGrowthYoY" : 31.35,
    "grossProfitMargin" : 24.02,
    "grossProfit" : 78.73,
    "operatingProfitMargin" : 4.85,
    "operatingProfit" : 15.90,
    "netProfitMargin" : -0.04,
    "netProfit" : -0.13
  }, {
    "date" : "2023-03-31",
    "sales" : 583.22,
    "salesGrowthYoY" : 70.36,
    "grossProfitMargin" : 20.50,
    "grossProfit" : 119.56,
    "operatingProfitMargin" : 7.42,
    "operatingProfit" : 43.27,
    "netProfitMargin" : 4.59,
    "netProfit" : 26.77
  }, {
    "date" : "2023-06-30",
    "sales" : 631.61,
    "salesGrowthYoY" : 26.27,
    "grossProfitMargin" : 19.49,
    "grossProfit" : 123.10,
    "operatingProfitMargin" : 7.40,
    "operatingProfit" : 46.74,
    "netProfitMargin" : 5.03,
    "netProfit" : 31.77
  }, {
    "date" : "2023-09-30",
    "sales" : 498.59,
    "salesGrowthYoY" : 21.48,
    "grossProfitMargin" : 22.93,
    "grossProfit" : 114.33,
    "operatingProfitMargin" : 7.86,
    "operatingProfit" : 39.19,
    "netProfitMargin" : 4.23,
    "netProfit" : 21.09
  }, {
    "date" : "2023-12-31",
    "sales" : 386.13,
    "salesGrowthYoY" : 17.81,
    "grossProfitMargin" : 25.10,
    "grossProfit" : 96.92,
    "operatingProfitMargin" : 5.65,
    "operatingProfit" : 21.82,
    "netProfitMargin" : 0.69,
    "netProfit" : 2.66
  }, {
    "date" : "2024-03-31",
    "sales" : 679.60,
    "salesGrowthYoY" : 16.53,
    "grossProfitMargin" : 24.17,
    "grossProfit" : 164.26,
    "operatingProfitMargin" : 10.48,
    "operatingProfit" : 71.22,
    "netProfitMargin" : 7.70,
    "netProfit" : 52.33
  }, {
    "date" : "2024-06-30",
    "sales" : 746.01,
    "salesGrowthYoY" : 18.11,
    "grossProfitMargin" : 22.55,
    "grossProfit" : 168.23,
    "operatingProfitMargin" : 10.84,
    "operatingProfit" : 80.87,
    "netProfitMargin" : 6.22,
    "netProfit" : 46.40
  }, {
    "date" : "2024-09-30",
    "sales" : 549.71,
    "salesGrowthYoY" : 10.25,
    "grossProfitMargin" : 22.83,
    "grossProfit" : 125.50,
    "operatingProfitMargin" : 8.15,
    "operatingProfit" : 44.80,
    "netProfitMargin" : 3.97,
    "netProfit" : 21.82
  }, {
    "date" : "2024-12-31",
    "sales" : 331.80,
    "salesGrowthYoY" : -14.07,
    "grossProfitMargin" : 28.06,
    "grossProfit" : 93.10,
    "operatingProfitMargin" : 5.52,
    "operatingProfit" : 18.32,
    "netProfitMargin" : 0.16,
    "netProfit" : 0.53
  }, {
    "date" : "2025-03-31",
    "sales" : 770.82,
    "salesGrowthYoY" : 13.42,
    "grossProfitMargin" : 24.57,
    "grossProfit" : 189.39,
    "operatingProfitMargin" : 11.66,
    "operatingProfit" : 89.88,
    "netProfitMargin" : 6.87,
    "netProfit" : 52.96
  }, {
    "date" : "2025-06-30",
    "sales" : 845.89,
    "salesGrowthYoY" : 13.39,
    "grossProfitMargin" : 24.03,
    "grossProfit" : 203.27,
    "operatingProfitMargin" : 12.41,
    "operatingProfit" : 104.97,
    "netProfitMargin" : 7.92,
    "netProfit" : 66.99
  }, {
    "date" : "2025-09-30",
    "sales" : 555.11,
    "salesGrowthYoY" : 0.98,
    "grossProfitMargin" : 24.34,
    "grossProfit" : 135.11,
    "operatingProfitMargin" : 7.55,
    "operatingProfit" : 41.91,
    "netProfitMargin" : 3.79,
    "netProfit" : 21.04
  }, {
    "date" : "2025-12-31",
    "sales" : 539.27,
    "salesGrowthYoY" : 62.53,
    "grossProfitMargin" : 25.83,
    "grossProfit" : 139.29,
    "operatingProfitMargin" : 7.62,
    "operatingProfit" : 41.09,
    "netProfitMargin" : 3.25,
    "netProfit" : 17.53
  } ],
  "latestQuarterlyResult" : {
    "date" : "2025-12-31",
    "sales" : 539.27,
    "salesGrowthYoY" : 62.53,
    "grossProfitMargin" : 25.83,
    "grossProfit" : 139.29,
    "operatingProfitMargin" : 7.62,
    "operatingProfit" : 41.09,
    "netProfitMargin" : 3.25,
    "netProfit" : 17.53
  },
  "companyScore" : {
    "priceHigherThanDma50" : 5.00,
    "priceHigherThanDma100" : 5.00,
    "priceHigherThanDma200" : 5.00,
    "dma50HigherThanDma100" : 5.00,
    "dma50HigherThanDma200" : 5.00,
    "dma100HigherThanDma200" : 5.00,
    "pricePercentageAboveDma50" : 4.99,
    "pricePercentageAboveDma100" : 4.60,
    "pricePercentageAboveDma200" : 4.06,
    "weeklyVolumeHigherThanYearlyVolume" : 0.00,
    "salesGrowthPercentile" : 18.25,
    "operatingProfitMarginPercentile" : 19.15,
    "netProfitMarginPercentile" : 9.71,
    "totalTechnicalScore" : 43.65,
    "totalFundamentalScore" : 47.11,
    "totalScore" : 90.76
  }
}