{
  "metadata" : {
    "screenerCompanyId" : "3107",
    "companyCode" : "SMSPHARMA",
    "companyName" : "SMS Pharma.",
    "screenerCompanyLink" : "https://www.screener.in/company/SMSPHARMA/",
    "screenerTechnicalHistoryLink" : "https://www.screener.in/api/company/3107/chart/?q=Price-DMA50-DMA200-Volume&days=365",
    "screenerQuarterlyResultsLink" : "https://www.screener.in/api/company/3107/chart/?q=GPM-OPM-NPM-Quarter+Sales&days=10000",
    "attributes" : {
      "companyCode" : "SMSPHARMA",
      "companyName" : "SMS Pharma.",
      "marketCap" : 2915.00,
      "peRatio" : 35.90,
      "description" : "SMS Pharmaceuticals Ltd is a diversified and integrated pharmaceutical company with interests in Active Pharmaceutical Ingredients (API) and Intermediates.[1]"
    },
    "companyScore" : {
      "priceHigherThanDma50" : 5.00,
      "priceHigherThanDma100" : 5.00,
      "priceHigherThanDma200" : 5.00,
      "dma50HigherThanDma100" : 5.00,
      "dma50HigherThanDma200" : 5.00,
      "dma100HigherThanDma200" : 5.00,
      "pricePercentageAboveDma50" : 4.77,
      "pricePercentageAboveDma100" : 4.30,
      "pricePercentageAboveDma200" : 4.14,
      "weeklyVolumeHigherThanYearlyVolume" : 0.00,
      "salesGrowthPercentile" : 14.93,
      "operatingProfitMarginPercentile" : 17.52,
      "netProfitMarginPercentile" : 9.19,
      "totalTechnicalScore" : 43.21,
      "totalFundamentalScore" : 41.63,
      "totalScore" : 84.84
    }
  },
  "attributes" : {
    "companyCode" : "SMSPHARMA",
    "companyName" : "SMS Pharma.",
    "marketCap" : 2915.00,
    "peRatio" : 35.90,
    "description" : "SMS Pharmaceuticals Ltd is a diversified and integrated pharmaceutical company with interests in Active Pharmaceutical Ingredients (API) and Intermediates.[1]"
  },
  "technicalHistory" : [ {
    "date" : "2024-12-23",
    "price" : 232.55,
    "dma50" : 271.74,
    "dma100" : null,
    "dma200" : 254.99,
    "volume" : 110204.00
  }, {
    "date" : "2024-12-24",
    "price" : 235.90,
    "dma50" : 270.33,
    "dma100" : null,
    "dma200" : 254.80,
    "volume" : 92564.00
  }, {
    "date" : "2024-12-26",
    "price" : 230.80,
    "dma50" : 268.78,
    "dma100" : null,
    "dma200" : 254.56,
    "volume" : 100946.00
  }, {
    "date" : "2024-12-27",
    "price" : 234.55,
    "dma50" : 267.44,
    "dma100" : null,
    "dma200" : 254.36,
    "volume" : 84377.00
  }, {
    "date" : "2024-12-30",
    "price" : 227.70,
    "dma50" : 265.88,
    "dma100" : null,
    "dma200" : 254.10,
    "volume" : 113637.00
  }, {
    "date" : "2024-12-31",
    "price" : 238.85,
    "dma50" : 264.82,
    "dma100" : null,
    "dma200" : 253.95,
    "volume" : 409723.00
  }, {
    "date" : "2025-01-01",
    "price" : 256.68,
    "dma50" : 264.50,
    "dma100" : null,
    "dma200" : 253.97,
    "volume" : 399259.00
  }, {
    "date" : "2025-01-02",
    "price" : 252.87,
    "dma50" : 264.04,
    "dma100" : null,
    "dma200" : 253.96,
    "volume" : 173517.00
  }, {
    "date" : "2025-01-03",
    "price" : 255.86,
    "dma50" : 263.72,
    "dma100" : null,
    "dma200" : 253.98,
    "volume" : 160373.00
  }, {
    "date" : "2025-01-06",
    "price" : 240.15,
    "dma50" : 262.80,
    "dma100" : null,
    "dma200" : 253.84,
    "volume" : 232516.00
  }, {
    "date" : "2025-01-07",
    "price" : 246.62,
    "dma50" : 262.16,
    "dma100" : null,
    "dma200" : 253.77,
    "volume" : 103150.00
  }, {
    "date" : "2025-01-08",
    "price" : 241.30,
    "dma50" : 261.35,
    "dma100" : null,
    "dma200" : 253.65,
    "volume" : 79847.00
  }, {
    "date" : "2025-01-09",
    "price" : 233.33,
    "dma50" : 260.25,
    "dma100" : null,
    "dma200" : 253.45,
    "volume" : 90996.00
  }, {
    "date" : "2025-01-10",
    "price" : 227.03,
    "dma50" : 258.94,
    "dma100" : null,
    "dma200" : 253.18,
    "volume" : 118180.00
  }, {
    "date" : "2025-01-13",
    "price" : 215.14,
    "dma50" : 257.23,
    "dma100" : null,
    "dma200" : 252.80,
    "volume" : 138449.00
  }, {
    "date" : "2025-01-14",
    "price" : 221.06,
    "dma50" : 255.81,
    "dma100" : null,
    "dma200" : 252.49,
    "volume" : 88282.00
  }, {
    "date" : "2025-01-15",
    "price" : 222.99,
    "dma50" : 254.52,
    "dma100" : null,
    "dma200" : 252.19,
    "volume" : 119025.00
  }, {
    "date" : "2025-01-16",
    "price" : 223.65,
    "dma50" : 253.31,
    "dma100" : null,
    "dma200" : 251.91,
    "volume" : 71996.00
  }, {
    "date" : "2025-01-17",
    "price" : 221.37,
    "dma50" : 252.06,
    "dma100" : null,
    "dma200" : 251.61,
    "volume" : 46066.00
  }, {
    "date" : "2025-01-20",
    "price" : 222.34,
    "dma50" : 250.89,
    "dma100" : null,
    "dma200" : 251.32,
    "volume" : 127345.00
  }, {
    "date" : "2025-01-21",
    "price" : 217.95,
    "dma50" : 249.60,
    "dma100" : null,
    "dma200" : 250.98,
    "volume" : 76579.00
  }, {
    "date" : "2025-01-22",
    "price" : 210.48,
    "dma50" : 248.07,
    "dma100" : null,
    "dma200" : 250.58,
    "volume" : 94964.00
  }, {
    "date" : "2025-01-23",
    "price" : 211.23,
    "dma50" : 246.62,
    "dma100" : null,
    "dma200" : 250.19,
    "volume" : 149219.00
  }, {
    "date" : "2025-01-24",
    "price" : 204.59,
    "dma50" : 244.97,
    "dma100" : null,
    "dma200" : 249.74,
    "volume" : 70301.00
  }, {
    "date" : "2025-01-27",
    "price" : 196.51,
    "dma50" : 243.07,
    "dma100" : null,
    "dma200" : 249.21,
    "volume" : 194034.00
  }, {
    "date" : "2025-01-28",
    "price" : 189.41,
    "dma50" : 240.97,
    "dma100" : null,
    "dma200" : 248.61,
    "volume" : 124971.00
  }, {
    "date" : "2025-01-29",
    "price" : 200.05,
    "dma50" : 239.36,
    "dma100" : null,
    "dma200" : 248.13,
    "volume" : 76796.00
  }, {
    "date" : "2025-01-30",
    "price" : 200.02,
    "dma50" : 237.82,
    "dma100" : null,
    "dma200" : 247.65,
    "volume" : 98045.00
  }, {
    "date" : "2025-01-31",
    "price" : 201.83,
    "dma50" : 236.41,
    "dma100" : null,
    "dma200" : 247.19,
    "volume" : 80724.00
  }, {
    "date" : "2025-02-01",
    "price" : 207.24,
    "dma50" : 235.27,
    "dma100" : null,
    "dma200" : 246.80,
    "volume" : 50942.00
  }, {
    "date" : "2025-02-03",
    "price" : 199.68,
    "dma50" : 233.87,
    "dma100" : null,
    "dma200" : 246.33,
    "volume" : 57026.00
  }, {
    "date" : "2025-02-04",
    "price" : 205.55,
    "dma50" : 232.76,
    "dma100" : null,
    "dma200" : 245.92,
    "volume" : 42199.00
  }, {
    "date" : "2025-02-05",
    "price" : 212.06,
    "dma50" : 231.95,
    "dma100" : null,
    "dma200" : 245.58,
    "volume" : 88854.00
  }, {
    "date" : "2025-02-06",
    "price" : 216.16,
    "dma50" : 231.33,
    "dma100" : null,
    "dma200" : 245.29,
    "volume" : 152183.00
  }, {
    "date" : "2025-02-07",
    "price" : 217.48,
    "dma50" : 230.79,
    "dma100" : null,
    "dma200" : 245.01,
    "volume" : 104209.00
  }, {
    "date" : "2025-02-10",
    "price" : 210.98,
    "dma50" : 230.01,
    "dma100" : null,
    "dma200" : 244.68,
    "volume" : 74732.00
  }, {
    "date" : "2025-02-11",
    "price" : 200.02,
    "dma50" : 228.83,
    "dma100" : null,
    "dma200" : 244.23,
    "volume" : 110811.00
  }, {
    "date" : "2025-02-12",
    "price" : 211.55,
    "dma50" : 228.16,
    "dma100" : null,
    "dma200" : 243.91,
    "volume" : 367389.00
  }, {
    "date" : "2025-02-13",
    "price" : 204.93,
    "dma50" : 227.24,
    "dma100" : null,
    "dma200" : 243.52,
    "volume" : 193458.00
  }, {
    "date" : "2025-02-14",
    "price" : 198.54,
    "dma50" : 226.12,
    "dma100" : null,
    "dma200" : 243.07,
    "volume" : 115283.00
  }, {
    "date" : "2025-02-17",
    "price" : 193.81,
    "dma50" : 224.85,
    "dma100" : null,
    "dma200" : 242.58,
    "volume" : 117494.00
  }, {
    "date" : "2025-02-18",
    "price" : 185.64,
    "dma50" : 223.31,
    "dma100" : null,
    "dma200" : 242.01,
    "volume" : 113457.00
  }, {
    "date" : "2025-02-19",
    "price" : 190.97,
    "dma50" : 222.05,
    "dma100" : null,
    "dma200" : 241.51,
    "volume" : 96785.00
  }, {
    "date" : "2025-02-20",
    "price" : 203.58,
    "dma50" : 221.32,
    "dma100" : null,
    "dma200" : 241.13,
    "volume" : 134227.00
  }, {
    "date" : "2025-02-21",
    "price" : 214.48,
    "dma50" : 221.05,
    "dma100" : null,
    "dma200" : 240.86,
    "volume" : 317568.00
  }, {
    "date" : "2025-02-24",
    "price" : 210.79,
    "dma50" : 220.65,
    "dma100" : null,
    "dma200" : 240.56,
    "volume" : 154115.00
  }, {
    "date" : "2025-02-25",
    "price" : 205.86,
    "dma50" : 220.07,
    "dma100" : null,
    "dma200" : 240.22,
    "volume" : 106678.00
  }, {
    "date" : "2025-02-27",
    "price" : 198.23,
    "dma50" : 219.21,
    "dma100" : null,
    "dma200" : 239.80,
    "volume" : 104889.00
  }, {
    "date" : "2025-02-28",
    "price" : 191.88,
    "dma50" : 218.14,
    "dma100" : null,
    "dma200" : 239.32,
    "volume" : 66287.00
  }, {
    "date" : "2025-03-03",
    "price" : 183.25,
    "dma50" : 216.77,
    "dma100" : null,
    "dma200" : 238.77,
    "volume" : 137177.00
  }, {
    "date" : "2025-03-04",
    "price" : 190.80,
    "dma50" : 215.76,
    "dma100" : null,
    "dma200" : 238.29,
    "volume" : 98282.00
  }, {
    "date" : "2025-03-05",
    "price" : 191.84,
    "dma50" : 214.82,
    "dma100" : null,
    "dma200" : 237.83,
    "volume" : 115369.00
  }, {
    "date" : "2025-03-06",
    "price" : 196.83,
    "dma50" : 214.11,
    "dma100" : null,
    "dma200" : 237.42,
    "volume" : 257704.00
  }, {
    "date" : "2025-03-07",
    "price" : 198.91,
    "dma50" : 213.52,
    "dma100" : null,
    "dma200" : 237.04,
    "volume" : 68399.00
  }, {
    "date" : "2025-03-10",
    "price" : 193.25,
    "dma50" : 212.72,
    "dma100" : null,
    "dma200" : 236.60,
    "volume" : 108020.00
  }, {
    "date" : "2025-03-11",
    "price" : 192.72,
    "dma50" : 211.94,
    "dma100" : null,
    "dma200" : 236.16,
    "volume" : 52319.00
  }, {
    "date" : "2025-03-12",
    "price" : 189.98,
    "dma50" : 211.08,
    "dma100" : null,
    "dma200" : 235.70,
    "volume" : 46771.00
  }, {
    "date" : "2025-03-13",
    "price" : 190.86,
    "dma50" : 210.28,
    "dma100" : null,
    "dma200" : 235.26,
    "volume" : 54679.00
  }, {
    "date" : "2025-03-17",
    "price" : 189.21,
    "dma50" : 209.46,
    "dma100" : null,
    "dma200" : 234.80,
    "volume" : 44434.00
  }, {
    "date" : "2025-03-18",
    "price" : 190.92,
    "dma50" : 208.73,
    "dma100" : null,
    "dma200" : 234.36,
    "volume" : 95645.00
  }, {
    "date" : "2025-03-19",
    "price" : 210.25,
    "dma50" : 208.79,
    "dma100" : null,
    "dma200" : 234.12,
    "volume" : 289684.00
  }, {
    "date" : "2025-03-20",
    "price" : 213.11,
    "dma50" : 208.96,
    "dma100" : null,
    "dma200" : 233.91,
    "volume" : 301095.00
  }, {
    "date" : "2025-03-21",
    "price" : 218.03,
    "dma50" : 209.31,
    "dma100" : null,
    "dma200" : 233.76,
    "volume" : 119631.00
  }, {
    "date" : "2025-03-24",
    "price" : 228.12,
    "dma50" : 210.05,
    "dma100" : null,
    "dma200" : 233.70,
    "volume" : 319285.00
  }, {
    "date" : "2025-03-25",
    "price" : 219.26,
    "dma50" : 210.41,
    "dma100" : null,
    "dma200" : 233.56,
    "volume" : 247223.00
  }, {
    "date" : "2025-03-26",
    "price" : 210.66,
    "dma50" : 210.42,
    "dma100" : null,
    "dma200" : 233.33,
    "volume" : 154820.00
  }, {
    "date" : "2025-03-27",
    "price" : 209.67,
    "dma50" : 210.39,
    "dma100" : null,
    "dma200" : 233.09,
    "volume" : 275483.00
  }, {
    "date" : "2025-03-28",
    "price" : 212.78,
    "dma50" : 210.49,
    "dma100" : null,
    "dma200" : 232.89,
    "volume" : 180792.00
  }, {
    "date" : "2025-04-01",
    "price" : 219.27,
    "dma50" : 210.83,
    "dma100" : null,
    "dma200" : 232.76,
    "volume" : 121398.00
  }, {
    "date" : "2025-04-02",
    "price" : 216.38,
    "dma50" : 211.05,
    "dma100" : null,
    "dma200" : 232.59,
    "volume" : 59181.00
  }, {
    "date" : "2025-04-03",
    "price" : 228.01,
    "dma50" : 211.71,
    "dma100" : null,
    "dma200" : 232.55,
    "volume" : 215734.00
  }, {
    "date" : "2025-04-04",
    "price" : 209.77,
    "dma50" : 211.64,
    "dma100" : null,
    "dma200" : 232.32,
    "volume" : 226031.00
  }, {
    "date" : "2025-04-07",
    "price" : 197.67,
    "dma50" : 211.09,
    "dma100" : null,
    "dma200" : 231.98,
    "volume" : 232560.00
  }, {
    "date" : "2025-04-08",
    "price" : 207.78,
    "dma50" : 210.96,
    "dma100" : null,
    "dma200" : 231.73,
    "volume" : 94961.00
  }, {
    "date" : "2025-04-09",
    "price" : 199.51,
    "dma50" : 210.51,
    "dma100" : null,
    "dma200" : 231.41,
    "volume" : 70656.00
  }, {
    "date" : "2025-04-11",
    "price" : 203.05,
    "dma50" : 210.22,
    "dma100" : null,
    "dma200" : 231.13,
    "volume" : 99623.00
  }, {
    "date" : "2025-04-15",
    "price" : 211.92,
    "dma50" : 210.29,
    "dma100" : null,
    "dma200" : 230.94,
    "volume" : 74228.00
  }, {
    "date" : "2025-04-16",
    "price" : 213.04,
    "dma50" : 210.39,
    "dma100" : null,
    "dma200" : 230.76,
    "volume" : 76258.00
  }, {
    "date" : "2025-04-17",
    "price" : 217.06,
    "dma50" : 210.65,
    "dma100" : null,
    "dma200" : 230.63,
    "volume" : 99372.00
  }, {
    "date" : "2025-04-21",
    "price" : 217.03,
    "dma50" : 210.90,
    "dma100" : null,
    "dma200" : 230.49,
    "volume" : 127308.00
  }, {
    "date" : "2025-04-22",
    "price" : 215.10,
    "dma50" : 211.07,
    "dma100" : null,
    "dma200" : 230.34,
    "volume" : 83685.00
  }, {
    "date" : "2025-04-23",
    "price" : 240.69,
    "dma50" : 212.23,
    "dma100" : null,
    "dma200" : 230.44,
    "volume" : 960396.00
  }, {
    "date" : "2025-04-24",
    "price" : 242.07,
    "dma50" : 213.40,
    "dma100" : null,
    "dma200" : 230.56,
    "volume" : 389177.00
  }, {
    "date" : "2025-04-25",
    "price" : 240.35,
    "dma50" : 214.46,
    "dma100" : null,
    "dma200" : 230.65,
    "volume" : 522989.00
  }, {
    "date" : "2025-04-28",
    "price" : 240.51,
    "dma50" : 215.48,
    "dma100" : null,
    "dma200" : 230.75,
    "volume" : 142110.00
  }, {
    "date" : "2025-04-29",
    "price" : 240.24,
    "dma50" : 216.45,
    "dma100" : null,
    "dma200" : 230.85,
    "volume" : 86798.00
  }, {
    "date" : "2025-04-30",
    "price" : 235.69,
    "dma50" : 217.21,
    "dma100" : null,
    "dma200" : 230.89,
    "volume" : 91080.00
  }, {
    "date" : "2025-05-02",
    "price" : 239.35,
    "dma50" : 218.07,
    "dma100" : null,
    "dma200" : 230.98,
    "volume" : 282717.00
  }, {
    "date" : "2025-05-05",
    "price" : 245.57,
    "dma50" : 219.15,
    "dma100" : null,
    "dma200" : 231.12,
    "volume" : 150848.00
  }, {
    "date" : "2025-05-06",
    "price" : 240.78,
    "dma50" : 220.00,
    "dma100" : null,
    "dma200" : 231.22,
    "volume" : 265154.00
  }, {
    "date" : "2025-05-07",
    "price" : 239.54,
    "dma50" : 220.77,
    "dma100" : null,
    "dma200" : 231.30,
    "volume" : 175187.00
  }, {
    "date" : "2025-05-08",
    "price" : 241.77,
    "dma50" : 221.59,
    "dma100" : null,
    "dma200" : 231.41,
    "volume" : 177988.00
  }, {
    "date" : "2025-05-09",
    "price" : 238.06,
    "dma50" : 222.24,
    "dma100" : null,
    "dma200" : 231.47,
    "volume" : 194046.00
  }, {
    "date" : "2025-05-12",
    "price" : 245.15,
    "dma50" : 223.13,
    "dma100" : null,
    "dma200" : 231.61,
    "volume" : 130601.00
  }, {
    "date" : "2025-05-13",
    "price" : 254.05,
    "dma50" : 224.35,
    "dma100" : null,
    "dma200" : 231.83,
    "volume" : 245442.00
  }, {
    "date" : "2025-05-14",
    "price" : 256.97,
    "dma50" : 225.63,
    "dma100" : null,
    "dma200" : 232.08,
    "volume" : 213223.00
  }, {
    "date" : "2025-05-15",
    "price" : 259.23,
    "dma50" : 226.94,
    "dma100" : null,
    "dma200" : 232.35,
    "volume" : 147122.00
  }, {
    "date" : "2025-05-16",
    "price" : 259.32,
    "dma50" : 228.21,
    "dma100" : null,
    "dma200" : 232.62,
    "volume" : 169404.00
  }, {
    "date" : "2025-05-19",
    "price" : 266.40,
    "dma50" : 229.71,
    "dma100" : null,
    "dma200" : 232.96,
    "volume" : 219780.00
  }, {
    "date" : "2025-05-20",
    "price" : 262.55,
    "dma50" : 231.00,
    "dma100" : null,
    "dma200" : 233.25,
    "volume" : 157294.00
  }, {
    "date" : "2025-05-21",
    "price" : 262.53,
    "dma50" : 232.24,
    "dma100" : 218.97,
    "dma200" : 233.54,
    "volume" : 68898.00
  }, {
    "date" : "2025-05-22",
    "price" : 261.92,
    "dma50" : 233.40,
    "dma100" : 219.23,
    "dma200" : 233.83,
    "volume" : 71328.00
  }, {
    "date" : "2025-05-23",
    "price" : 262.15,
    "dma50" : 234.53,
    "dma100" : 219.54,
    "dma200" : 234.11,
    "volume" : 83607.00
  }, {
    "date" : "2025-05-26",
    "price" : 261.80,
    "dma50" : 235.60,
    "dma100" : 219.81,
    "dma200" : 234.38,
    "volume" : 113180.00
  }, {
    "date" : "2025-05-27",
    "price" : 262.62,
    "dma50" : 236.66,
    "dma100" : 220.16,
    "dma200" : 234.66,
    "volume" : 78315.00
  }, {
    "date" : "2025-05-28",
    "price" : 269.04,
    "dma50" : 237.93,
    "dma100" : 220.46,
    "dma200" : 235.01,
    "volume" : 142818.00
  }, {
    "date" : "2025-05-29",
    "price" : 270.37,
    "dma50" : 239.20,
    "dma100" : 220.60,
    "dma200" : 235.36,
    "volume" : 143453.00
  }, {
    "date" : "2025-05-30",
    "price" : 264.74,
    "dma50" : 240.20,
    "dma100" : 220.72,
    "dma200" : 235.65,
    "volume" : 216390.00
  }, {
    "date" : "2025-06-02",
    "price" : 260.10,
    "dma50" : 240.98,
    "dma100" : 220.76,
    "dma200" : 235.89,
    "volume" : 326178.00
  }, {
    "date" : "2025-06-03",
    "price" : 259.65,
    "dma50" : 241.71,
    "dma100" : 220.96,
    "dma200" : 236.13,
    "volume" : 58169.00
  }, {
    "date" : "2025-06-04",
    "price" : 254.20,
    "dma50" : 242.20,
    "dma100" : 221.03,
    "dma200" : 236.31,
    "volume" : 163604.00
  }, {
    "date" : "2025-06-05",
    "price" : 249.45,
    "dma50" : 242.49,
    "dma100" : 221.11,
    "dma200" : 236.44,
    "volume" : 135190.00
  }, {
    "date" : "2025-06-06",
    "price" : 245.10,
    "dma50" : 242.59,
    "dma100" : 221.23,
    "dma200" : 236.53,
    "volume" : 94431.00
  }, {
    "date" : "2025-06-09",
    "price" : 250.10,
    "dma50" : 242.88,
    "dma100" : 221.46,
    "dma200" : 236.66,
    "volume" : 70778.00
  }, {
    "date" : "2025-06-10",
    "price" : 252.15,
    "dma50" : 243.25,
    "dma100" : 221.83,
    "dma200" : 236.82,
    "volume" : 87789.00
  }, {
    "date" : "2025-06-11",
    "price" : 257.35,
    "dma50" : 243.80,
    "dma100" : 222.19,
    "dma200" : 237.02,
    "volume" : 174774.00
  }, {
    "date" : "2025-06-12",
    "price" : 255.95,
    "dma50" : 244.28,
    "dma100" : 222.52,
    "dma200" : 237.21,
    "volume" : 125458.00
  }, {
    "date" : "2025-06-13",
    "price" : 247.55,
    "dma50" : 244.40,
    "dma100" : 222.76,
    "dma200" : 237.31,
    "volume" : 113166.00
  }, {
    "date" : "2025-06-16",
    "price" : 253.90,
    "dma50" : 244.78,
    "dma100" : 223.09,
    "dma200" : 237.48,
    "volume" : 165813.00
  }, {
    "date" : "2025-06-17",
    "price" : 252.05,
    "dma50" : 245.06,
    "dma100" : 223.39,
    "dma200" : 237.62,
    "volume" : 90360.00
  }, {
    "date" : "2025-06-18",
    "price" : 248.55,
    "dma50" : 245.20,
    "dma100" : 223.69,
    "dma200" : 237.73,
    "volume" : 80917.00
  }, {
    "date" : "2025-06-19",
    "price" : 227.10,
    "dma50" : 244.49,
    "dma100" : 223.86,
    "dma200" : 237.62,
    "volume" : 187652.00
  }, {
    "date" : "2025-06-20",
    "price" : 233.40,
    "dma50" : 244.05,
    "dma100" : 224.08,
    "dma200" : 237.58,
    "volume" : 102866.00
  }, {
    "date" : "2025-06-23",
    "price" : 231.70,
    "dma50" : 243.57,
    "dma100" : 224.35,
    "dma200" : 237.52,
    "volume" : 66945.00
  }, {
    "date" : "2025-06-24",
    "price" : 234.20,
    "dma50" : 243.20,
    "dma100" : 224.73,
    "dma200" : 237.49,
    "volume" : 54625.00
  }, {
    "date" : "2025-06-25",
    "price" : 239.10,
    "dma50" : 243.04,
    "dma100" : 225.22,
    "dma200" : 237.51,
    "volume" : 53128.00
  }, {
    "date" : "2025-06-26",
    "price" : 247.70,
    "dma50" : 243.22,
    "dma100" : 225.70,
    "dma200" : 237.61,
    "volume" : 582625.00
  }, {
    "date" : "2025-06-27",
    "price" : 249.15,
    "dma50" : 243.46,
    "dma100" : 226.19,
    "dma200" : 237.72,
    "volume" : 81493.00
  }, {
    "date" : "2025-06-30",
    "price" : 250.70,
    "dma50" : 243.74,
    "dma100" : 226.68,
    "dma200" : 237.85,
    "volume" : 73489.00
  }, {
    "date" : "2025-07-01",
    "price" : 248.25,
    "dma50" : 243.92,
    "dma100" : 227.09,
    "dma200" : 237.96,
    "volume" : 70885.00
  }, {
    "date" : "2025-07-02",
    "price" : 238.50,
    "dma50" : 243.71,
    "dma100" : 227.48,
    "dma200" : 237.96,
    "volume" : 264398.00
  }, {
    "date" : "2025-07-03",
    "price" : 241.20,
    "dma50" : 243.61,
    "dma100" : 227.84,
    "dma200" : 237.99,
    "volume" : 98774.00
  }, {
    "date" : "2025-07-04",
    "price" : 243.45,
    "dma50" : 243.60,
    "dma100" : 228.15,
    "dma200" : 238.05,
    "volume" : 77181.00
  }, {
    "date" : "2025-07-07",
    "price" : 242.45,
    "dma50" : 243.56,
    "dma100" : 228.41,
    "dma200" : 238.09,
    "volume" : 43634.00
  }, {
    "date" : "2025-07-08",
    "price" : 240.25,
    "dma50" : 243.43,
    "dma100" : 228.64,
    "dma200" : 238.11,
    "volume" : 71415.00
  }, {
    "date" : "2025-07-09",
    "price" : 237.45,
    "dma50" : 243.19,
    "dma100" : 228.90,
    "dma200" : 238.11,
    "volume" : 72052.00
  }, {
    "date" : "2025-07-10",
    "price" : 236.45,
    "dma50" : 242.93,
    "dma100" : 229.27,
    "dma200" : 238.09,
    "volume" : 44470.00
  }, {
    "date" : "2025-07-11",
    "price" : 237.15,
    "dma50" : 242.70,
    "dma100" : 229.53,
    "dma200" : 238.08,
    "volume" : 51671.00
  }, {
    "date" : "2025-07-14",
    "price" : 237.30,
    "dma50" : 242.49,
    "dma100" : 229.85,
    "dma200" : 238.07,
    "volume" : 32558.00
  }, {
    "date" : "2025-07-15",
    "price" : 244.40,
    "dma50" : 242.56,
    "dma100" : 230.31,
    "dma200" : 238.14,
    "volume" : 172353.00
  }, {
    "date" : "2025-07-16",
    "price" : 245.30,
    "dma50" : 242.67,
    "dma100" : 230.82,
    "dma200" : 238.21,
    "volume" : 144234.00
  }, {
    "date" : "2025-07-17",
    "price" : 247.90,
    "dma50" : 242.88,
    "dma100" : 231.44,
    "dma200" : 238.30,
    "volume" : 89909.00
  }, {
    "date" : "2025-07-18",
    "price" : 251.55,
    "dma50" : 243.22,
    "dma100" : 232.05,
    "dma200" : 238.43,
    "volume" : 265148.00
  }, {
    "date" : "2025-07-21",
    "price" : 248.40,
    "dma50" : 243.42,
    "dma100" : 232.50,
    "dma200" : 238.53,
    "volume" : 90373.00
  }, {
    "date" : "2025-07-22",
    "price" : 243.50,
    "dma50" : 243.42,
    "dma100" : 232.79,
    "dma200" : 238.58,
    "volume" : 57600.00
  }, {
    "date" : "2025-07-23",
    "price" : 242.20,
    "dma50" : 243.37,
    "dma100" : 233.10,
    "dma200" : 238.62,
    "volume" : 43491.00
  }, {
    "date" : "2025-07-24",
    "price" : 238.75,
    "dma50" : 243.19,
    "dma100" : 233.43,
    "dma200" : 238.62,
    "volume" : 79933.00
  }, {
    "date" : "2025-07-25",
    "price" : 237.15,
    "dma50" : 242.96,
    "dma100" : 233.82,
    "dma200" : 238.61,
    "volume" : 36241.00
  }, {
    "date" : "2025-07-28",
    "price" : 240.65,
    "dma50" : 242.87,
    "dma100" : 234.31,
    "dma200" : 238.63,
    "volume" : 87026.00
  }, {
    "date" : "2025-07-29",
    "price" : 237.00,
    "dma50" : 242.64,
    "dma100" : 234.85,
    "dma200" : 238.61,
    "volume" : 50392.00
  }, {
    "date" : "2025-07-30",
    "price" : 237.05,
    "dma50" : 242.42,
    "dma100" : 235.31,
    "dma200" : 238.59,
    "volume" : 33564.00
  }, {
    "date" : "2025-07-31",
    "price" : 234.30,
    "dma50" : 242.10,
    "dma100" : 235.73,
    "dma200" : 238.55,
    "volume" : 91841.00
  }, {
    "date" : "2025-08-01",
    "price" : 228.91,
    "dma50" : 241.58,
    "dma100" : 236.05,
    "dma200" : 238.46,
    "volume" : 44622.00
  }, {
    "date" : "2025-08-04",
    "price" : 227.37,
    "dma50" : 241.02,
    "dma100" : 236.34,
    "dma200" : 238.35,
    "volume" : 33904.00
  }, {
    "date" : "2025-08-05",
    "price" : 221.18,
    "dma50" : 240.25,
    "dma100" : 236.62,
    "dma200" : 238.18,
    "volume" : 105740.00
  }, {
    "date" : "2025-08-06",
    "price" : 214.71,
    "dma50" : 239.24,
    "dma100" : 236.84,
    "dma200" : 237.94,
    "volume" : 71665.00
  }, {
    "date" : "2025-08-07",
    "price" : 214.97,
    "dma50" : 238.29,
    "dma100" : 237.09,
    "dma200" : 237.71,
    "volume" : 105767.00
  }, {
    "date" : "2025-08-08",
    "price" : 224.31,
    "dma50" : 237.74,
    "dma100" : 237.42,
    "dma200" : 237.58,
    "volume" : 98255.00
  }, {
    "date" : "2025-08-11",
    "price" : 229.62,
    "dma50" : 237.43,
    "dma100" : 237.83,
    "dma200" : 237.50,
    "volume" : 161792.00
  }, {
    "date" : "2025-08-12",
    "price" : 229.97,
    "dma50" : 237.13,
    "dma100" : 238.22,
    "dma200" : 237.43,
    "volume" : 25101.00
  }, {
    "date" : "2025-08-13",
    "price" : 233.77,
    "dma50" : 237.00,
    "dma100" : 238.45,
    "dma200" : 237.39,
    "volume" : 114511.00
  }, {
    "date" : "2025-08-14",
    "price" : 234.72,
    "dma50" : 236.91,
    "dma100" : 238.67,
    "dma200" : 237.36,
    "volume" : 20550.00
  }, {
    "date" : "2025-08-18",
    "price" : 235.90,
    "dma50" : 236.87,
    "dma100" : 238.85,
    "dma200" : 237.35,
    "volume" : 33584.00
  }, {
    "date" : "2025-08-19",
    "price" : 238.74,
    "dma50" : 236.95,
    "dma100" : 238.95,
    "dma200" : 237.36,
    "volume" : 43860.00
  }, {
    "date" : "2025-08-20",
    "price" : 238.72,
    "dma50" : 237.02,
    "dma100" : 239.15,
    "dma200" : 237.38,
    "volume" : 58473.00
  }, {
    "date" : "2025-08-21",
    "price" : 240.84,
    "dma50" : 237.17,
    "dma100" : 239.45,
    "dma200" : 237.41,
    "volume" : 36760.00
  }, {
    "date" : "2025-08-22",
    "price" : 237.35,
    "dma50" : 237.17,
    "dma100" : 239.73,
    "dma200" : 237.41,
    "volume" : 25296.00
  }, {
    "date" : "2025-08-25",
    "price" : 234.41,
    "dma50" : 237.06,
    "dma100" : 239.94,
    "dma200" : 237.38,
    "volume" : 45348.00
  }, {
    "date" : "2025-08-26",
    "price" : 231.41,
    "dma50" : 236.84,
    "dma100" : 240.06,
    "dma200" : 237.32,
    "volume" : 31565.00
  }, {
    "date" : "2025-08-28",
    "price" : 225.77,
    "dma50" : 236.41,
    "dma100" : 240.16,
    "dma200" : 237.21,
    "volume" : 2025404.00
  }, {
    "date" : "2025-08-29",
    "price" : 236.85,
    "dma50" : 236.43,
    "dma100" : 240.25,
    "dma200" : 237.20,
    "volume" : 395688.00
  }, {
    "date" : "2025-09-01",
    "price" : 235.94,
    "dma50" : 236.41,
    "dma100" : 240.51,
    "dma200" : 237.19,
    "volume" : 123945.00
  }, {
    "date" : "2025-09-02",
    "price" : 234.65,
    "dma50" : 236.34,
    "dma100" : 240.88,
    "dma200" : 237.16,
    "volume" : 64532.00
  }, {
    "date" : "2025-09-03",
    "price" : 233.83,
    "dma50" : 236.24,
    "dma100" : 241.14,
    "dma200" : 237.13,
    "volume" : 46323.00
  }, {
    "date" : "2025-09-04",
    "price" : 233.17,
    "dma50" : 236.12,
    "dma100" : 241.48,
    "dma200" : 237.09,
    "volume" : 68258.00
  }, {
    "date" : "2025-09-05",
    "price" : 236.25,
    "dma50" : 236.12,
    "dma100" : 241.81,
    "dma200" : 237.08,
    "volume" : 60595.00
  }, {
    "date" : "2025-09-08",
    "price" : 244.28,
    "dma50" : 236.44,
    "dma100" : 242.13,
    "dma200" : 237.15,
    "volume" : 268818.00
  }, {
    "date" : "2025-09-09",
    "price" : 248.51,
    "dma50" : 236.92,
    "dma100" : 242.49,
    "dma200" : 237.27,
    "volume" : 145447.00
  }, {
    "date" : "2025-09-10",
    "price" : 268.03,
    "dma50" : 238.14,
    "dma100" : 243.00,
    "dma200" : 237.57,
    "volume" : 1249227.00
  }, {
    "date" : "2025-09-11",
    "price" : 300.57,
    "dma50" : 240.59,
    "dma100" : 243.83,
    "dma200" : 238.20,
    "volume" : 18930055.00
  }, {
    "date" : "2025-09-12",
    "price" : 291.27,
    "dma50" : 242.57,
    "dma100" : 244.59,
    "dma200" : 238.73,
    "volume" : 2823125.00
  }, {
    "date" : "2025-09-15",
    "price" : 291.96,
    "dma50" : 244.51,
    "dma100" : 245.11,
    "dma200" : 239.26,
    "volume" : 782495.00
  }, {
    "date" : "2025-09-16",
    "price" : 285.50,
    "dma50" : 246.12,
    "dma100" : 245.54,
    "dma200" : 239.72,
    "volume" : 323447.00
  }, {
    "date" : "2025-09-17",
    "price" : 284.74,
    "dma50" : 247.63,
    "dma100" : 245.98,
    "dma200" : 240.17,
    "volume" : 192554.00
  }, {
    "date" : "2025-09-18",
    "price" : 285.38,
    "dma50" : 249.11,
    "dma100" : 246.43,
    "dma200" : 240.62,
    "volume" : 2589509.00
  }, {
    "date" : "2025-09-19",
    "price" : 292.14,
    "dma50" : 250.80,
    "dma100" : 246.95,
    "dma200" : 241.13,
    "volume" : 624171.00
  }, {
    "date" : "2025-09-22",
    "price" : 283.40,
    "dma50" : 252.08,
    "dma100" : 247.43,
    "dma200" : 241.55,
    "volume" : 301980.00
  }, {
    "date" : "2025-09-23",
    "price" : 286.71,
    "dma50" : 253.44,
    "dma100" : 247.90,
    "dma200" : 242.00,
    "volume" : 220649.00
  }, {
    "date" : "2025-09-24",
    "price" : 279.47,
    "dma50" : 254.46,
    "dma100" : 248.24,
    "dma200" : 242.37,
    "volume" : 680462.00
  }, {
    "date" : "2025-09-25",
    "price" : 270.63,
    "dma50" : 255.09,
    "dma100" : 248.54,
    "dma200" : 242.65,
    "volume" : 219103.00
  }, {
    "date" : "2025-09-26",
    "price" : 251.68,
    "dma50" : 254.96,
    "dma100" : 248.66,
    "dma200" : 242.74,
    "volume" : 454036.00
  }, {
    "date" : "2025-09-29",
    "price" : 244.30,
    "dma50" : 254.54,
    "dma100" : 248.69,
    "dma200" : 242.76,
    "volume" : 344441.00
  }, {
    "date" : "2025-09-30",
    "price" : 245.66,
    "dma50" : 254.19,
    "dma100" : 248.76,
    "dma200" : 242.79,
    "volume" : 168502.00
  }, {
    "date" : "2025-10-01",
    "price" : 257.97,
    "dma50" : 254.34,
    "dma100" : 248.89,
    "dma200" : 242.94,
    "volume" : 240869.00
  }, {
    "date" : "2025-10-03",
    "price" : 268.84,
    "dma50" : 254.91,
    "dma100" : 249.04,
    "dma200" : 243.20,
    "volume" : 281840.00
  }, {
    "date" : "2025-10-06",
    "price" : 266.23,
    "dma50" : 255.35,
    "dma100" : 249.13,
    "dma200" : 243.42,
    "volume" : 163864.00
  }, {
    "date" : "2025-10-07",
    "price" : 266.07,
    "dma50" : 255.77,
    "dma100" : 249.20,
    "dma200" : 243.65,
    "volume" : 125598.00
  }, {
    "date" : "2025-10-08",
    "price" : 263.68,
    "dma50" : 256.08,
    "dma100" : 249.24,
    "dma200" : 243.85,
    "volume" : 69545.00
  }, {
    "date" : "2025-10-09",
    "price" : 271.67,
    "dma50" : 256.69,
    "dma100" : 249.30,
    "dma200" : 244.13,
    "volume" : 444528.00
  }, {
    "date" : "2025-10-10",
    "price" : 274.65,
    "dma50" : 257.40,
    "dma100" : 249.42,
    "dma200" : 244.43,
    "volume" : 103382.00
  }, {
    "date" : "2025-10-13",
    "price" : 280.16,
    "dma50" : 258.29,
    "dma100" : 249.59,
    "dma200" : 244.79,
    "volume" : 142550.00
  }, {
    "date" : "2025-10-14",
    "price" : 274.01,
    "dma50" : 258.91,
    "dma100" : 249.71,
    "dma200" : 245.08,
    "volume" : 108489.00
  }, {
    "date" : "2025-10-15",
    "price" : 275.78,
    "dma50" : 259.57,
    "dma100" : 249.85,
    "dma200" : 245.38,
    "volume" : 113040.00
  }, {
    "date" : "2025-10-16",
    "price" : 292.02,
    "dma50" : 260.84,
    "dma100" : 250.15,
    "dma200" : 245.85,
    "volume" : 965150.00
  }, {
    "date" : "2025-10-17",
    "price" : 293.03,
    "dma50" : 262.10,
    "dma100" : 250.46,
    "dma200" : 246.32,
    "volume" : 401395.00
  }, {
    "date" : "2025-10-20",
    "price" : 290.80,
    "dma50" : 263.23,
    "dma100" : 250.67,
    "dma200" : 246.76,
    "volume" : 224789.00
  }, {
    "date" : "2025-10-21",
    "price" : 289.10,
    "dma50" : 264.24,
    "dma100" : 250.86,
    "dma200" : 247.18,
    "volume" : 56895.00
  }, {
    "date" : "2025-10-23",
    "price" : 280.93,
    "dma50" : 264.90,
    "dma100" : 251.02,
    "dma200" : 247.52,
    "volume" : 174306.00
  }, {
    "date" : "2025-10-24",
    "price" : 297.69,
    "dma50" : 266.18,
    "dma100" : 251.40,
    "dma200" : 248.01,
    "volume" : 794069.00
  }, {
    "date" : "2025-10-27",
    "price" : 299.70,
    "dma50" : 267.50,
    "dma100" : 251.80,
    "dma200" : 248.53,
    "volume" : 672175.00
  }, {
    "date" : "2025-10-28",
    "price" : 299.69,
    "dma50" : 268.76,
    "dma100" : 252.25,
    "dma200" : 249.04,
    "volume" : 200473.00
  }, {
    "date" : "2025-10-29",
    "price" : 288.50,
    "dma50" : 269.53,
    "dma100" : 252.64,
    "dma200" : 249.43,
    "volume" : 224078.00
  }, {
    "date" : "2025-10-30",
    "price" : 287.95,
    "dma50" : 270.26,
    "dma100" : 253.07,
    "dma200" : 249.81,
    "volume" : 150007.00
  }, {
    "date" : "2025-10-31",
    "price" : 285.69,
    "dma50" : 270.86,
    "dma100" : 253.43,
    "dma200" : 250.17,
    "volume" : 93129.00
  }, {
    "date" : "2025-11-03",
    "price" : 281.70,
    "dma50" : 271.29,
    "dma100" : 253.72,
    "dma200" : 250.48,
    "volume" : 92956.00
  }, {
    "date" : "2025-11-04",
    "price" : 280.85,
    "dma50" : 271.66,
    "dma100" : 253.96,
    "dma200" : 250.79,
    "volume" : 71436.00
  }, {
    "date" : "2025-11-06",
    "price" : 284.65,
    "dma50" : 272.17,
    "dma100" : 254.25,
    "dma200" : 251.12,
    "volume" : 158532.00
  }, {
    "date" : "2025-11-07",
    "price" : 289.25,
    "dma50" : 272.84,
    "dma100" : 254.66,
    "dma200" : 251.50,
    "volume" : 165168.00
  }, {
    "date" : "2025-11-10",
    "price" : 292.90,
    "dma50" : 273.63,
    "dma100" : 255.05,
    "dma200" : 251.91,
    "volume" : 9134376.00
  }, {
    "date" : "2025-11-11",
    "price" : 291.25,
    "dma50" : 274.32,
    "dma100" : 255.45,
    "dma200" : 252.31,
    "volume" : 651253.00
  }, {
    "date" : "2025-11-12",
    "price" : 287.90,
    "dma50" : 274.85,
    "dma100" : 255.84,
    "dma200" : 252.66,
    "volume" : 620210.00
  }, {
    "date" : "2025-11-13",
    "price" : 290.40,
    "dma50" : 275.46,
    "dma100" : 256.47,
    "dma200" : 253.04,
    "volume" : 206283.00
  }, {
    "date" : "2025-11-14",
    "price" : 285.30,
    "dma50" : 275.85,
    "dma100" : 256.99,
    "dma200" : 253.36,
    "volume" : 124961.00
  }, {
    "date" : "2025-11-17",
    "price" : 290.20,
    "dma50" : 276.41,
    "dma100" : 257.58,
    "dma200" : 253.72,
    "volume" : 395263.00
  }, {
    "date" : "2025-11-18",
    "price" : 284.70,
    "dma50" : 276.74,
    "dma100" : 258.08,
    "dma200" : 254.03,
    "volume" : 161497.00
  }, {
    "date" : "2025-11-19",
    "price" : 282.95,
    "dma50" : 276.98,
    "dma100" : 258.52,
    "dma200" : 254.32,
    "volume" : 102179.00
  }, {
    "date" : "2025-11-20",
    "price" : 283.90,
    "dma50" : 277.25,
    "dma100" : 258.88,
    "dma200" : 254.61,
    "volume" : 102226.00
  }, {
    "date" : "2025-11-21",
    "price" : 281.90,
    "dma50" : 277.43,
    "dma100" : 259.21,
    "dma200" : 254.89,
    "volume" : 138986.00
  }, {
    "date" : "2025-11-24",
    "price" : 271.55,
    "dma50" : 277.20,
    "dma100" : 259.42,
    "dma200" : 255.05,
    "volume" : 162563.00
  }, {
    "date" : "2025-11-25",
    "price" : 273.55,
    "dma50" : 277.06,
    "dma100" : 259.67,
    "dma200" : 255.24,
    "volume" : 71077.00
  }, {
    "date" : "2025-11-26",
    "price" : 322.30,
    "dma50" : 278.83,
    "dma100" : 260.51,
    "dma200" : 255.90,
    "volume" : 12483734.00
  }, {
    "date" : "2025-11-27",
    "price" : 319.60,
    "dma50" : 280.43,
    "dma100" : 261.29,
    "dma200" : 256.54,
    "volume" : 5177270.00
  }, {
    "date" : "2025-11-28",
    "price" : 319.20,
    "dma50" : 281.95,
    "dma100" : 262.05,
    "dma200" : 257.16,
    "volume" : 1481469.00
  }, {
    "date" : "2025-12-01",
    "price" : 314.05,
    "dma50" : 283.21,
    "dma100" : 262.77,
    "dma200" : 257.73,
    "volume" : 734078.00
  }, {
    "date" : "2025-12-02",
    "price" : 311.50,
    "dma50" : 284.32,
    "dma100" : 263.48,
    "dma200" : 258.26,
    "volume" : 242644.00
  }, {
    "date" : "2025-12-03",
    "price" : 320.05,
    "dma50" : 285.72,
    "dma100" : 264.30,
    "dma200" : 258.88,
    "volume" : 1001937.00
  }, {
    "date" : "2025-12-04",
    "price" : 322.45,
    "dma50" : 287.16,
    "dma100" : 265.16,
    "dma200" : 259.51,
    "volume" : 825285.00
  }, {
    "date" : "2025-12-05",
    "price" : 317.00,
    "dma50" : 288.33,
    "dma100" : 265.96,
    "dma200" : 260.08,
    "volume" : 378160.00
  }, {
    "date" : "2025-12-08",
    "price" : 319.85,
    "dma50" : 289.57,
    "dma100" : 266.79,
    "dma200" : 260.68,
    "volume" : 608340.00
  }, {
    "date" : "2025-12-09",
    "price" : 326.60,
    "dma50" : 291.02,
    "dma100" : 267.61,
    "dma200" : 261.33,
    "volume" : 461753.00
  }, {
    "date" : "2025-12-10",
    "price" : 310.80,
    "dma50" : 291.80,
    "dma100" : 268.27,
    "dma200" : 261.82,
    "volume" : 1014330.00
  }, {
    "date" : "2025-12-11",
    "price" : 320.90,
    "dma50" : 292.94,
    "dma100" : 269.00,
    "dma200" : 262.41,
    "volume" : 531802.00
  }, {
    "date" : "2025-12-12",
    "price" : 320.70,
    "dma50" : 294.03,
    "dma100" : 269.69,
    "dma200" : 262.99,
    "volume" : 262249.00
  }, {
    "date" : "2025-12-15",
    "price" : 323.95,
    "dma50" : 295.20,
    "dma100" : 270.44,
    "dma200" : 263.60,
    "volume" : 481676.00
  }, {
    "date" : "2025-12-16",
    "price" : 316.15,
    "dma50" : 296.02,
    "dma100" : 271.17,
    "dma200" : 264.12,
    "volume" : 232277.00
  }, {
    "date" : "2025-12-17",
    "price" : 310.05,
    "dma50" : 296.57,
    "dma100" : 271.85,
    "dma200" : 264.58,
    "volume" : 294391.00
  }, {
    "date" : "2025-12-18",
    "price" : 303.75,
    "dma50" : 296.85,
    "dma100" : 272.50,
    "dma200" : 264.97,
    "volume" : 226923.00
  }, {
    "date" : "2025-12-19",
    "price" : 311.30,
    "dma50" : 297.42,
    "dma100" : 273.24,
    "dma200" : 265.43,
    "volume" : 253883.00
  } ],
  "latestTechnicalAttributes" : {
    "date" : "2025-12-19",
    "price" : 311.30,
    "dma50" : 297.42,
    "dma100" : 273.24,
    "dma200" : 265.43,
    "volume" : 253883.00
  },
  "quarterlyResults" : [ {
    "date" : "2007-03-31",
    "sales" : 42.40,
    "salesGrowthYoY" : null,
    "grossProfitMargin" : 45.66,
    "grossProfit" : 19.36,
    "operatingProfitMargin" : 29.48,
    "operatingProfit" : 12.50,
    "netProfitMargin" : 11.53,
    "netProfit" : 4.89
  }, {
    "date" : "2007-06-30",
    "sales" : 51.38,
    "salesGrowthYoY" : null,
    "grossProfitMargin" : 38.28,
    "grossProfit" : 19.67,
    "operatingProfitMargin" : 21.68,
    "operatingProfit" : 11.14,
    "netProfitMargin" : 14.32,
    "netProfit" : 7.36
  }, {
    "date" : "2007-09-30",
    "sales" : 55.25,
    "salesGrowthYoY" : null,
    "grossProfitMargin" : 36.65,
    "grossProfit" : 20.25,
    "operatingProfitMargin" : 19.17,
    "operatingProfit" : 10.59,
    "netProfitMargin" : 11.02,
    "netProfit" : 6.09
  }, {
    "date" : "2007-12-31",
    "sales" : 38.62,
    "salesGrowthYoY" : null,
    "grossProfitMargin" : 32.24,
    "grossProfit" : 12.45,
    "operatingProfitMargin" : 12.01,
    "operatingProfit" : 4.64,
    "netProfitMargin" : 5.70,
    "netProfit" : 2.20
  }, {
    "date" : "2008-03-31",
    "sales" : 57.04,
    "salesGrowthYoY" : 34.53,
    "grossProfitMargin" : 41.39,
    "grossProfit" : 23.61,
    "operatingProfitMargin" : 19.02,
    "operatingProfit" : 10.85,
    "netProfitMargin" : 17.79,
    "netProfit" : 10.15
  }, {
    "date" : "2008-06-30",
    "sales" : 56.33,
    "salesGrowthYoY" : 9.63,
    "grossProfitMargin" : 36.94,
    "grossProfit" : 20.81,
    "operatingProfitMargin" : 18.25,
    "operatingProfit" : 10.28,
    "netProfitMargin" : 11.11,
    "netProfit" : 6.26
  }, {
    "date" : "2008-09-30",
    "sales" : 79.41,
    "salesGrowthYoY" : 43.73,
    "grossProfitMargin" : 28.61,
    "grossProfit" : 22.72,
    "operatingProfitMargin" : 13.76,
    "operatingProfit" : 10.93,
    "netProfitMargin" : 6.50,
    "netProfit" : 5.16
  }, {
    "date" : "2008-12-31",
    "sales" : 61.50,
    "salesGrowthYoY" : 59.24,
    "grossProfitMargin" : 26.98,
    "grossProfit" : 16.59,
    "operatingProfitMargin" : 10.78,
    "operatingProfit" : 6.63,
    "netProfitMargin" : 3.24,
    "netProfit" : 1.99
  }, {
    "date" : "2009-03-31",
    "sales" : 47.57,
    "salesGrowthYoY" : -16.60,
    "grossProfitMargin" : 14.69,
    "grossProfit" : 6.99,
    "operatingProfitMargin" : -9.27,
    "operatingProfit" : -4.41,
    "netProfitMargin" : -18.27,
    "netProfit" : -8.69
  }, {
    "date" : "2009-06-30",
    "sales" : 52.53,
    "salesGrowthYoY" : -6.75,
    "grossProfitMargin" : 29.05,
    "grossProfit" : 15.26,
    "operatingProfitMargin" : 8.40,
    "operatingProfit" : 4.41,
    "netProfitMargin" : 2.32,
    "netProfit" : 1.22
  }, {
    "date" : "2009-09-30",
    "sales" : 47.43,
    "salesGrowthYoY" : -40.27,
    "grossProfitMargin" : 29.18,
    "grossProfit" : 13.84,
    "operatingProfitMargin" : 6.66,
    "operatingProfit" : 3.16,
    "netProfitMargin" : -5.23,
    "netProfit" : -2.48
  }, {
    "date" : "2009-12-31",
    "sales" : 60.87,
    "salesGrowthYoY" : -1.02,
    "grossProfitMargin" : 30.20,
    "grossProfit" : 18.38,
    "operatingProfitMargin" : 11.14,
    "operatingProfit" : 6.78,
    "netProfitMargin" : 2.58,
    "netProfit" : 1.57
  }, {
    "date" : "2010-03-31",
    "sales" : 58.82,
    "salesGrowthYoY" : 23.65,
    "grossProfitMargin" : 38.10,
    "grossProfit" : 22.41,
    "operatingProfitMargin" : 14.31,
    "operatingProfit" : 8.42,
    "netProfitMargin" : 3.40,
    "netProfit" : 2.00
  }, {
    "date" : "2010-06-30",
    "sales" : 46.84,
    "salesGrowthYoY" : -10.83,
    "grossProfitMargin" : 48.29,
    "grossProfit" : 22.62,
    "operatingProfitMargin" : 20.99,
    "operatingProfit" : 9.83,
    "netProfitMargin" : 3.93,
    "netProfit" : 1.84
  }, {
    "date" : "2010-09-30",
    "sales" : 51.26,
    "salesGrowthYoY" : 8.08,
    "grossProfitMargin" : 43.29,
    "grossProfit" : 22.19,
    "operatingProfitMargin" : 16.62,
    "operatingProfit" : 8.52,
    "netProfitMargin" : 4.12,
    "netProfit" : 2.11
  }, {
    "date" : "2010-12-31",
    "sales" : 56.54,
    "salesGrowthYoY" : -7.11,
    "grossProfitMargin" : 43.86,
    "grossProfit" : 24.80,
    "operatingProfitMargin" : 19.24,
    "operatingProfit" : 10.88,
    "netProfitMargin" : 5.61,
    "netProfit" : 3.17
  }, {
    "date" : "2011-03-31",
    "sales" : 71.04,
    "salesGrowthYoY" : 20.78,
    "grossProfitMargin" : 36.28,
    "grossProfit" : 25.77,
    "operatingProfitMargin" : 13.15,
    "operatingProfit" : 9.34,
    "netProfitMargin" : 1.72,
    "netProfit" : 1.22
  }, {
    "date" : "2011-06-30",
    "sales" : 50.19,
    "salesGrowthYoY" : 7.15,
    "grossProfitMargin" : 44.29,
    "grossProfit" : 22.23,
    "operatingProfitMargin" : 17.81,
    "operatingProfit" : 8.94,
    "netProfitMargin" : 2.13,
    "netProfit" : 1.07
  }, {
    "date" : "2011-09-30",
    "sales" : 51.81,
    "salesGrowthYoY" : 1.07,
    "grossProfitMargin" : 44.22,
    "grossProfit" : 22.91,
    "operatingProfitMargin" : 19.55,
    "operatingProfit" : 10.13,
    "netProfitMargin" : 3.36,
    "netProfit" : 1.74
  }, {
    "date" : "2011-12-31",
    "sales" : 47.82,
    "salesGrowthYoY" : -15.42,
    "grossProfitMargin" : 49.69,
    "grossProfit" : 23.76,
    "operatingProfitMargin" : 18.78,
    "operatingProfit" : 8.98,
    "netProfitMargin" : 2.43,
    "netProfit" : 1.16
  }, {
    "date" : "2012-03-31",
    "sales" : 62.64,
    "salesGrowthYoY" : -11.82,
    "grossProfitMargin" : 41.35,
    "grossProfit" : 25.90,
    "operatingProfitMargin" : 14.10,
    "operatingProfit" : 8.83,
    "netProfitMargin" : -5.64,
    "netProfit" : -3.53
  }, {
    "date" : "2012-06-30",
    "sales" : 54.67,
    "salesGrowthYoY" : 8.93,
    "grossProfitMargin" : 41.78,
    "grossProfit" : 22.84,
    "operatingProfitMargin" : 11.83,
    "operatingProfit" : 6.47,
    "netProfitMargin" : -5.67,
    "netProfit" : -3.10
  }, {
    "date" : "2012-09-30",
    "sales" : 59.14,
    "salesGrowthYoY" : 14.15,
    "grossProfitMargin" : 18.68,
    "grossProfit" : 11.05,
    "operatingProfitMargin" : -12.45,
    "operatingProfit" : -7.36,
    "netProfitMargin" : -22.84,
    "netProfit" : -13.51
  }, {
    "date" : "2012-12-31",
    "sales" : 70.72,
    "salesGrowthYoY" : 47.89,
    "grossProfitMargin" : 14.08,
    "grossProfit" : 9.96,
    "operatingProfitMargin" : -9.62,
    "operatingProfit" : -6.80,
    "netProfitMargin" : -24.48,
    "netProfit" : -17.31
  }, {
    "date" : "2013-03-31",
    "sales" : 57.80,
    "salesGrowthYoY" : -7.73,
    "grossProfitMargin" : -0.83,
    "grossProfit" : -0.48,
    "operatingProfitMargin" : -47.21,
    "operatingProfit" : -27.29,
    "netProfitMargin" : -73.39,
    "netProfit" : -42.42
  }, {
    "date" : "2013-06-30",
    "sales" : 89.99,
    "salesGrowthYoY" : 64.61,
    "grossProfitMargin" : 18.88,
    "grossProfit" : 16.99,
    "operatingProfitMargin" : 1.78,
    "operatingProfit" : 1.60,
    "netProfitMargin" : -4.52,
    "netProfit" : -4.07
  }, {
    "date" : "2013-09-30",
    "sales" : 128.94,
    "salesGrowthYoY" : 118.03,
    "grossProfitMargin" : 28.92,
    "grossProfit" : 37.29,
    "operatingProfitMargin" : 9.50,
    "operatingProfit" : 12.25,
    "netProfitMargin" : 3.96,
    "netProfit" : 5.11
  }, {
    "date" : "2013-12-31",
    "sales" : 137.54,
    "salesGrowthYoY" : 94.49,
    "grossProfitMargin" : 31.13,
    "grossProfit" : 42.82,
    "operatingProfitMargin" : 14.64,
    "operatingProfit" : 20.14,
    "netProfitMargin" : 6.11,
    "netProfit" : 8.40
  }, {
    "date" : "2014-03-31",
    "sales" : 162.77,
    "salesGrowthYoY" : 181.61,
    "grossProfitMargin" : 33.54,
    "grossProfit" : 54.59,
    "operatingProfitMargin" : 14.06,
    "operatingProfit" : 22.89,
    "netProfitMargin" : 6.73,
    "netProfit" : 10.95
  }, {
    "date" : "2014-06-30",
    "sales" : 138.14,
    "salesGrowthYoY" : 53.51,
    "grossProfitMargin" : 29.76,
    "grossProfit" : 41.11,
    "operatingProfitMargin" : 13.00,
    "operatingProfit" : 17.96,
    "netProfitMargin" : 5.92,
    "netProfit" : 8.18
  }, {
    "date" : "2014-09-30",
    "sales" : 135.01,
    "salesGrowthYoY" : 4.71,
    "grossProfitMargin" : 31.78,
    "grossProfit" : 42.91,
    "operatingProfitMargin" : 11.59,
    "operatingProfit" : 15.65,
    "netProfitMargin" : 3.81,
    "netProfit" : 5.14
  }, {
    "date" : "2014-12-31",
    "sales" : 148.06,
    "salesGrowthYoY" : 7.65,
    "grossProfitMargin" : 36.03,
    "grossProfit" : 53.35,
    "operatingProfitMargin" : 16.89,
    "operatingProfit" : 25.01,
    "netProfitMargin" : 7.81,
    "netProfit" : 11.56
  }, {
    "date" : "2015-03-31",
    "sales" : 158.07,
    "salesGrowthYoY" : -2.89,
    "grossProfitMargin" : 35.70,
    "grossProfit" : 56.43,
    "operatingProfitMargin" : 17.49,
    "operatingProfit" : 27.65,
    "netProfitMargin" : 6.54,
    "netProfit" : 10.34
  }, {
    "date" : "2015-06-30",
    "sales" : 123.95,
    "salesGrowthYoY" : -10.27,
    "grossProfitMargin" : 36.53,
    "grossProfit" : 45.28,
    "operatingProfitMargin" : 14.22,
    "operatingProfit" : 17.63,
    "netProfitMargin" : 5.81,
    "netProfit" : 7.20
  }, {
    "date" : "2015-09-30",
    "sales" : 152.74,
    "salesGrowthYoY" : 13.13,
    "grossProfitMargin" : 34.52,
    "grossProfit" : 52.73,
    "operatingProfitMargin" : 14.77,
    "operatingProfit" : 22.56,
    "netProfitMargin" : 6.87,
    "netProfit" : 10.49
  }, {
    "date" : "2015-12-31",
    "sales" : 155.46,
    "salesGrowthYoY" : 5.00,
    "grossProfitMargin" : 35.48,
    "grossProfit" : 55.16,
    "operatingProfitMargin" : 16.16,
    "operatingProfit" : 25.12,
    "netProfitMargin" : 7.09,
    "netProfit" : 11.02
  }, {
    "date" : "2016-03-31",
    "sales" : 171.80,
    "salesGrowthYoY" : 8.69,
    "grossProfitMargin" : 35.49,
    "grossProfit" : 60.97,
    "operatingProfitMargin" : 14.17,
    "operatingProfit" : 24.34,
    "netProfitMargin" : 7.53,
    "netProfit" : 12.94
  }, {
    "date" : "2016-06-30",
    "sales" : 92.58,
    "salesGrowthYoY" : -25.31,
    "grossProfitMargin" : 34.94,
    "grossProfit" : 32.35,
    "operatingProfitMargin" : 16.43,
    "operatingProfit" : 15.21,
    "netProfitMargin" : 4.59,
    "netProfit" : 4.25
  }, {
    "date" : "2016-09-30",
    "sales" : 133.22,
    "salesGrowthYoY" : -12.78,
    "grossProfitMargin" : 30.66,
    "grossProfit" : 40.85,
    "operatingProfitMargin" : 17.32,
    "operatingProfit" : 23.07,
    "netProfitMargin" : 6.97,
    "netProfit" : 9.29
  }, {
    "date" : "2016-12-31",
    "sales" : 126.06,
    "salesGrowthYoY" : -18.91,
    "grossProfitMargin" : 32.98,
    "grossProfit" : 41.57,
    "operatingProfitMargin" : 16.58,
    "operatingProfit" : 20.90,
    "netProfitMargin" : 7.62,
    "netProfit" : 9.61
  }, {
    "date" : "2017-03-31",
    "sales" : 94.08,
    "salesGrowthYoY" : -45.24,
    "grossProfitMargin" : 37.55,
    "grossProfit" : 35.33,
    "operatingProfitMargin" : 17.02,
    "operatingProfit" : 16.01,
    "netProfitMargin" : 13.24,
    "netProfit" : 12.46
  }, {
    "date" : "2017-06-30",
    "sales" : 130.00,
    "salesGrowthYoY" : 40.42,
    "grossProfitMargin" : 29.11,
    "grossProfit" : 37.84,
    "operatingProfitMargin" : 15.62,
    "operatingProfit" : 20.31,
    "netProfitMargin" : 7.10,
    "netProfit" : 9.23
  }, {
    "date" : "2017-09-30",
    "sales" : 127.29,
    "salesGrowthYoY" : -4.45,
    "grossProfitMargin" : 32.16,
    "grossProfit" : 40.94,
    "operatingProfitMargin" : 16.23,
    "operatingProfit" : 20.66,
    "netProfitMargin" : 7.36,
    "netProfit" : 9.37
  }, {
    "date" : "2017-12-31",
    "sales" : 103.72,
    "salesGrowthYoY" : -17.72,
    "grossProfitMargin" : 42.55,
    "grossProfit" : 44.13,
    "operatingProfitMargin" : 24.24,
    "operatingProfit" : 25.14,
    "netProfitMargin" : 11.70,
    "netProfit" : 12.14
  }, {
    "date" : "2018-03-31",
    "sales" : 101.24,
    "salesGrowthYoY" : 7.61,
    "grossProfitMargin" : 48.84,
    "grossProfit" : 49.45,
    "operatingProfitMargin" : 26.48,
    "operatingProfit" : 26.81,
    "netProfitMargin" : 9.59,
    "netProfit" : 9.71
  }, {
    "date" : "2018-06-30",
    "sales" : 125.11,
    "salesGrowthYoY" : -3.76,
    "grossProfitMargin" : 35.75,
    "grossProfit" : 44.73,
    "operatingProfitMargin" : 18.95,
    "operatingProfit" : 23.71,
    "netProfitMargin" : 8.08,
    "netProfit" : 10.11
  }, {
    "date" : "2018-09-30",
    "sales" : 134.84,
    "salesGrowthYoY" : 5.93,
    "grossProfitMargin" : 35.46,
    "grossProfit" : 47.81,
    "operatingProfitMargin" : 18.78,
    "operatingProfit" : 25.32,
    "netProfitMargin" : 9.31,
    "netProfit" : 12.55
  }, {
    "date" : "2018-12-31",
    "sales" : 101.25,
    "salesGrowthYoY" : -2.38,
    "grossProfitMargin" : 43.07,
    "grossProfit" : 43.61,
    "operatingProfitMargin" : 25.28,
    "operatingProfit" : 25.60,
    "netProfitMargin" : 12.04,
    "netProfit" : 12.19
  }, {
    "date" : "2019-03-31",
    "sales" : 103.71,
    "salesGrowthYoY" : 2.44,
    "grossProfitMargin" : 34.76,
    "grossProfit" : 36.05,
    "operatingProfitMargin" : 15.08,
    "operatingProfit" : 15.64,
    "netProfitMargin" : 6.25,
    "netProfit" : 6.48
  }, {
    "date" : "2019-06-30",
    "sales" : 117.14,
    "salesGrowthYoY" : -6.37,
    "grossProfitMargin" : 37.68,
    "grossProfit" : 44.14,
    "operatingProfitMargin" : 19.98,
    "operatingProfit" : 23.40,
    "netProfitMargin" : 8.09,
    "netProfit" : 9.48
  }, {
    "date" : "2019-09-30",
    "sales" : 117.90,
    "salesGrowthYoY" : -12.56,
    "grossProfitMargin" : 37.44,
    "grossProfit" : 44.14,
    "operatingProfitMargin" : 18.85,
    "operatingProfit" : 22.22,
    "netProfitMargin" : 8.10,
    "netProfit" : 9.55
  }, {
    "date" : "2019-12-31",
    "sales" : 80.45,
    "salesGrowthYoY" : -20.54,
    "grossProfitMargin" : 49.47,
    "grossProfit" : 39.80,
    "operatingProfitMargin" : 24.87,
    "operatingProfit" : 20.01,
    "netProfitMargin" : 9.32,
    "netProfit" : 7.50
  }, {
    "date" : "2020-03-31",
    "sales" : 96.47,
    "salesGrowthYoY" : -6.98,
    "grossProfitMargin" : 38.89,
    "grossProfit" : 37.52,
    "operatingProfitMargin" : 14.94,
    "operatingProfit" : 14.41,
    "netProfitMargin" : 6.48,
    "netProfit" : 6.25
  }, {
    "date" : "2020-06-30",
    "sales" : 112.90,
    "salesGrowthYoY" : -3.62,
    "grossProfitMargin" : 36.40,
    "grossProfit" : 41.10,
    "operatingProfitMargin" : 18.99,
    "operatingProfit" : 21.44,
    "netProfitMargin" : 8.15,
    "netProfit" : 9.20
  }, {
    "date" : "2020-09-30",
    "sales" : 130.13,
    "salesGrowthYoY" : 10.37,
    "grossProfitMargin" : 35.98,
    "grossProfit" : 46.82,
    "operatingProfitMargin" : 18.19,
    "operatingProfit" : 23.67,
    "netProfitMargin" : 8.63,
    "netProfit" : 11.23
  }, {
    "date" : "2020-12-31",
    "sales" : 148.87,
    "salesGrowthYoY" : 85.05,
    "grossProfitMargin" : 39.85,
    "grossProfit" : 59.32,
    "operatingProfitMargin" : 23.15,
    "operatingProfit" : 34.46,
    "netProfitMargin" : 12.31,
    "netProfit" : 18.33
  }, {
    "date" : "2021-03-31",
    "sales" : 171.29,
    "salesGrowthYoY" : 77.56,
    "grossProfitMargin" : 44.32,
    "grossProfit" : 75.92,
    "operatingProfitMargin" : 23.99,
    "operatingProfit" : 41.09,
    "netProfitMargin" : 12.97,
    "netProfit" : 22.22
  }, {
    "date" : "2021-06-30",
    "sales" : 163.14,
    "salesGrowthYoY" : 44.50,
    "grossProfitMargin" : 47.36,
    "grossProfit" : 77.26,
    "operatingProfitMargin" : 27.33,
    "operatingProfit" : 44.59,
    "netProfitMargin" : 14.22,
    "netProfit" : 23.20
  }, {
    "date" : "2021-09-30",
    "sales" : 174.70,
    "salesGrowthYoY" : 34.25,
    "grossProfitMargin" : 45.74,
    "grossProfit" : 79.91,
    "operatingProfitMargin" : 26.93,
    "operatingProfit" : 47.05,
    "netProfitMargin" : 14.46,
    "netProfit" : 25.26
  }, {
    "date" : "2021-12-31",
    "sales" : 121.25,
    "salesGrowthYoY" : -18.55,
    "grossProfitMargin" : 49.55,
    "grossProfit" : 60.08,
    "operatingProfitMargin" : 22.50,
    "operatingProfit" : 27.28,
    "netProfitMargin" : 8.67,
    "netProfit" : 10.51
  }, {
    "date" : "2022-03-31",
    "sales" : 60.92,
    "salesGrowthYoY" : -64.43,
    "grossProfitMargin" : 45.11,
    "grossProfit" : 27.48,
    "operatingProfitMargin" : -7.04,
    "operatingProfit" : -4.29,
    "netProfitMargin" : 14.87,
    "netProfit" : 9.06
  }, {
    "date" : "2022-06-30",
    "sales" : 64.39,
    "salesGrowthYoY" : -60.53,
    "grossProfitMargin" : 44.68,
    "grossProfit" : 28.77,
    "operatingProfitMargin" : -0.65,
    "operatingProfit" : -0.42,
    "netProfitMargin" : -15.24,
    "netProfit" : -9.81
  }, {
    "date" : "2022-09-30",
    "sales" : 159.43,
    "salesGrowthYoY" : -8.74,
    "grossProfitMargin" : 27.31,
    "grossProfit" : 43.54,
    "operatingProfitMargin" : 8.54,
    "operatingProfit" : 13.62,
    "netProfitMargin" : 0.50,
    "netProfit" : 0.80
  }, {
    "date" : "2022-12-31",
    "sales" : 148.80,
    "salesGrowthYoY" : 22.72,
    "grossProfitMargin" : 34.39,
    "grossProfit" : 51.17,
    "operatingProfitMargin" : 12.28,
    "operatingProfit" : 18.27,
    "netProfitMargin" : 3.38,
    "netProfit" : 5.03
  }, {
    "date" : "2023-03-31",
    "sales" : 149.43,
    "salesGrowthYoY" : 145.29,
    "grossProfitMargin" : 42.13,
    "grossProfit" : 62.95,
    "operatingProfitMargin" : 15.56,
    "operatingProfit" : 23.25,
    "netProfitMargin" : 5.40,
    "netProfit" : 8.07
  }, {
    "date" : "2023-06-30",
    "sales" : 135.34,
    "salesGrowthYoY" : 110.19,
    "grossProfitMargin" : 45.30,
    "grossProfit" : 61.31,
    "operatingProfitMargin" : 19.70,
    "operatingProfit" : 26.66,
    "netProfitMargin" : 6.86,
    "netProfit" : 9.28
  }, {
    "date" : "2023-09-30",
    "sales" : 166.64,
    "salesGrowthYoY" : 4.52,
    "grossProfitMargin" : 41.30,
    "grossProfit" : 68.82,
    "operatingProfitMargin" : 16.69,
    "operatingProfit" : 27.81,
    "netProfitMargin" : 7.23,
    "netProfit" : 12.05
  }, {
    "date" : "2023-12-31",
    "sales" : 161.48,
    "salesGrowthYoY" : 8.52,
    "grossProfitMargin" : 43.41,
    "grossProfit" : 70.10,
    "operatingProfitMargin" : 17.88,
    "operatingProfit" : 28.87,
    "netProfitMargin" : 7.54,
    "netProfit" : 12.18
  }, {
    "date" : "2024-03-31",
    "sales" : 245.80,
    "salesGrowthYoY" : 64.49,
    "grossProfitMargin" : 34.57,
    "grossProfit" : 84.97,
    "operatingProfitMargin" : 13.62,
    "operatingProfit" : 33.48,
    "netProfitMargin" : 6.48,
    "netProfit" : 15.93
  }, {
    "date" : "2024-06-30",
    "sales" : 164.45,
    "salesGrowthYoY" : 21.51,
    "grossProfitMargin" : 46.48,
    "grossProfit" : 76.44,
    "operatingProfitMargin" : 20.35,
    "operatingProfit" : 33.47,
    "netProfitMargin" : 9.93,
    "netProfit" : 16.33
  }, {
    "date" : "2024-09-30",
    "sales" : 196.75,
    "salesGrowthYoY" : 18.07,
    "grossProfitMargin" : 41.40,
    "grossProfit" : 81.45,
    "operatingProfitMargin" : 16.20,
    "operatingProfit" : 31.87,
    "netProfitMargin" : 7.25,
    "netProfit" : 14.26
  }, {
    "date" : "2024-12-31",
    "sales" : 173.35,
    "salesGrowthYoY" : 7.35,
    "grossProfitMargin" : 50.74,
    "grossProfit" : 87.96,
    "operatingProfitMargin" : 19.21,
    "operatingProfit" : 33.30,
    "netProfitMargin" : 9.90,
    "netProfit" : 17.16
  }, {
    "date" : "2025-03-31",
    "sales" : 248.20,
    "salesGrowthYoY" : 0.98,
    "grossProfitMargin" : 40.62,
    "grossProfit" : 100.82,
    "operatingProfitMargin" : 16.66,
    "operatingProfit" : 41.35,
    "netProfitMargin" : 8.31,
    "netProfit" : 20.63
  }, {
    "date" : "2025-06-30",
    "sales" : 196.05,
    "salesGrowthYoY" : 19.22,
    "grossProfitMargin" : 43.08,
    "grossProfit" : 84.46,
    "operatingProfitMargin" : 19.82,
    "operatingProfit" : 38.86,
    "netProfitMargin" : 9.29,
    "netProfit" : 18.21
  }, {
    "date" : "2025-09-30",
    "sales" : 242.43,
    "salesGrowthYoY" : 23.22,
    "grossProfitMargin" : 42.32,
    "grossProfit" : 102.60,
    "operatingProfitMargin" : 19.96,
    "operatingProfit" : 48.39,
    "netProfitMargin" : 10.37,
    "netProfit" : 25.14
  } ],
  "latestQuarterlyResult" : {
    "date" : "2025-09-30",
    "sales" : 242.43,
    "salesGrowthYoY" : 23.22,
    "grossProfitMargin" : 42.32,
    "grossProfit" : 102.60,
    "operatingProfitMargin" : 19.96,
    "operatingProfit" : 48.39,
    "netProfitMargin" : 10.37,
    "netProfit" : 25.14
  },
  "companyScore" : {
    "priceHigherThanDma50" : 5.00,
    "priceHigherThanDma100" : 5.00,
    "priceHigherThanDma200" : 5.00,
    "dma50HigherThanDma100" : 5.00,
    "dma50HigherThanDma200" : 5.00,
    "dma100HigherThanDma200" : 5.00,
    "pricePercentageAboveDma50" : 4.77,
    "pricePercentageAboveDma100" : 4.30,
    "pricePercentageAboveDma200" : 4.14,
    "weeklyVolumeHigherThanYearlyVolume" : 0.00,
    "salesGrowthPercentile" : 14.93,
    "operatingProfitMarginPercentile" : 17.52,
    "netProfitMarginPercentile" : 9.19,
    "totalTechnicalScore" : 43.21,
    "totalFundamentalScore" : 41.63,
    "totalScore" : 84.84
  }
}