{
  "metadata" : {
    "screenerCompanyId" : "2916",
    "companyCode" : "SOTL",
    "companyName" : "Savita Oil Tech",
    "screenerCompanyLink" : "https://www.screener.in/company/SOTL/",
    "screenerTechnicalHistoryLink" : "https://www.screener.in/api/company/2916/chart/?q=Price-DMA50-DMA200-Volume&days=365",
    "screenerQuarterlyResultsLink" : "https://www.screener.in/api/company/2916/chart/?q=GPM-OPM-NPM-Quarter+Sales&days=10000",
    "attributes" : {
      "companyCode" : "SOTL",
      "companyName" : "Savita Oil Tech",
      "marketCap" : 2392.00,
      "peRatio" : 15.70,
      "description" : "Savita Oil Technologies Limited, established in 1961, is a specialty petroleum products company engaged in manufacturing Transformer Oils, White Oils etc. [1]"
    },
    "companyScore" : {
      "priceHigherThanDma50" : 0.00,
      "priceHigherThanDma100" : 0.00,
      "priceHigherThanDma200" : 0.00,
      "dma50HigherThanDma100" : 0.00,
      "dma50HigherThanDma200" : 0.00,
      "dma100HigherThanDma200" : 0.00,
      "pricePercentageAboveDma50" : 5.26,
      "pricePercentageAboveDma100" : 5.45,
      "pricePercentageAboveDma200" : 5.62,
      "weeklyVolumeHigherThanYearlyVolume" : 0.00,
      "salesGrowthPercentile" : 11.90,
      "operatingProfitMarginPercentile" : 5.88,
      "netProfitMarginPercentile" : 3.97,
      "totalTechnicalScore" : 16.34,
      "totalFundamentalScore" : 21.76,
      "totalScore" : 38.10
    }
  },
  "attributes" : {
    "companyCode" : "SOTL",
    "companyName" : "Savita Oil Tech",
    "marketCap" : 2392.00,
    "peRatio" : 15.70,
    "description" : "Savita Oil Technologies Limited, established in 1961, is a specialty petroleum products company engaged in manufacturing Transformer Oils, White Oils etc. [1]"
  },
  "technicalHistory" : [ {
    "date" : "2025-02-01",
    "price" : 464.00,
    "dma50" : 519.30,
    "dma100" : null,
    "dma200" : 518.01,
    "volume" : 23560.00
  }, {
    "date" : "2025-02-03",
    "price" : 458.45,
    "dma50" : 516.91,
    "dma100" : null,
    "dma200" : 517.42,
    "volume" : 29006.00
  }, {
    "date" : "2025-02-04",
    "price" : 467.80,
    "dma50" : 514.99,
    "dma100" : null,
    "dma200" : 516.93,
    "volume" : 22582.00
  }, {
    "date" : "2025-02-05",
    "price" : 469.85,
    "dma50" : 513.22,
    "dma100" : null,
    "dma200" : 516.46,
    "volume" : 19712.00
  }, {
    "date" : "2025-02-06",
    "price" : 472.85,
    "dma50" : 511.63,
    "dma100" : null,
    "dma200" : 516.03,
    "volume" : 13781.00
  }, {
    "date" : "2025-02-07",
    "price" : 482.00,
    "dma50" : 510.47,
    "dma100" : null,
    "dma200" : 515.69,
    "volume" : 32190.00
  }, {
    "date" : "2025-02-10",
    "price" : 467.25,
    "dma50" : 508.78,
    "dma100" : null,
    "dma200" : 515.20,
    "volume" : 116657.00
  }, {
    "date" : "2025-02-11",
    "price" : 446.80,
    "dma50" : 506.35,
    "dma100" : null,
    "dma200" : 514.52,
    "volume" : 31214.00
  }, {
    "date" : "2025-02-12",
    "price" : 450.10,
    "dma50" : 504.14,
    "dma100" : null,
    "dma200" : 513.88,
    "volume" : 47454.00
  }, {
    "date" : "2025-02-13",
    "price" : 423.05,
    "dma50" : 500.96,
    "dma100" : null,
    "dma200" : 512.98,
    "volume" : 299884.00
  }, {
    "date" : "2025-02-14",
    "price" : 411.75,
    "dma50" : 497.46,
    "dma100" : null,
    "dma200" : 511.97,
    "volume" : 58101.00
  }, {
    "date" : "2025-02-17",
    "price" : 406.40,
    "dma50" : 493.89,
    "dma100" : null,
    "dma200" : 510.92,
    "volume" : 60602.00
  }, {
    "date" : "2025-02-18",
    "price" : 388.20,
    "dma50" : 489.75,
    "dma100" : null,
    "dma200" : 509.70,
    "volume" : 80266.00
  }, {
    "date" : "2025-02-19",
    "price" : 415.75,
    "dma50" : 486.84,
    "dma100" : null,
    "dma200" : 508.77,
    "volume" : 64911.00
  }, {
    "date" : "2025-02-20",
    "price" : 406.50,
    "dma50" : 483.69,
    "dma100" : null,
    "dma200" : 507.75,
    "volume" : 90692.00
  }, {
    "date" : "2025-02-21",
    "price" : 406.35,
    "dma50" : 480.66,
    "dma100" : null,
    "dma200" : 506.74,
    "volume" : 36578.00
  }, {
    "date" : "2025-02-24",
    "price" : 393.90,
    "dma50" : 477.26,
    "dma100" : null,
    "dma200" : 505.62,
    "volume" : 108937.00
  }, {
    "date" : "2025-02-25",
    "price" : 390.30,
    "dma50" : 473.85,
    "dma100" : null,
    "dma200" : 504.47,
    "volume" : 26171.00
  }, {
    "date" : "2025-02-27",
    "price" : 389.35,
    "dma50" : 470.53,
    "dma100" : null,
    "dma200" : 503.32,
    "volume" : 66763.00
  }, {
    "date" : "2025-02-28",
    "price" : 380.50,
    "dma50" : 467.00,
    "dma100" : null,
    "dma200" : 502.10,
    "volume" : 49349.00
  }, {
    "date" : "2025-03-03",
    "price" : 366.45,
    "dma50" : 463.06,
    "dma100" : null,
    "dma200" : 500.75,
    "volume" : 86592.00
  }, {
    "date" : "2025-03-04",
    "price" : 369.90,
    "dma50" : 459.41,
    "dma100" : null,
    "dma200" : 499.45,
    "volume" : 70153.00
  }, {
    "date" : "2025-03-05",
    "price" : 380.35,
    "dma50" : 456.31,
    "dma100" : null,
    "dma200" : 498.26,
    "volume" : 87114.00
  }, {
    "date" : "2025-03-06",
    "price" : 402.35,
    "dma50" : 454.19,
    "dma100" : null,
    "dma200" : 497.31,
    "volume" : 90536.00
  }, {
    "date" : "2025-03-07",
    "price" : 417.10,
    "dma50" : 452.74,
    "dma100" : null,
    "dma200" : 496.51,
    "volume" : 108549.00
  }, {
    "date" : "2025-03-10",
    "price" : 406.55,
    "dma50" : 450.93,
    "dma100" : null,
    "dma200" : 495.62,
    "volume" : 55089.00
  }, {
    "date" : "2025-03-11",
    "price" : 381.50,
    "dma50" : 448.20,
    "dma100" : null,
    "dma200" : 494.48,
    "volume" : 115903.00
  }, {
    "date" : "2025-03-12",
    "price" : 382.35,
    "dma50" : 445.62,
    "dma100" : null,
    "dma200" : 493.37,
    "volume" : 47714.00
  }, {
    "date" : "2025-03-13",
    "price" : 364.30,
    "dma50" : 442.43,
    "dma100" : null,
    "dma200" : 492.08,
    "volume" : 148045.00
  }, {
    "date" : "2025-03-17",
    "price" : 374.05,
    "dma50" : 439.75,
    "dma100" : null,
    "dma200" : 490.91,
    "volume" : 93389.00
  }, {
    "date" : "2025-03-18",
    "price" : 385.10,
    "dma50" : 437.61,
    "dma100" : null,
    "dma200" : 489.85,
    "volume" : 97401.00
  }, {
    "date" : "2025-03-19",
    "price" : 396.15,
    "dma50" : 435.98,
    "dma100" : null,
    "dma200" : 488.92,
    "volume" : 76498.00
  }, {
    "date" : "2025-03-20",
    "price" : 392.50,
    "dma50" : 434.28,
    "dma100" : null,
    "dma200" : 487.96,
    "volume" : 73596.00
  }, {
    "date" : "2025-03-21",
    "price" : 398.00,
    "dma50" : 432.85,
    "dma100" : null,
    "dma200" : 487.07,
    "volume" : 53743.00
  }, {
    "date" : "2025-03-24",
    "price" : 398.00,
    "dma50" : 431.49,
    "dma100" : null,
    "dma200" : 486.18,
    "volume" : 95086.00
  }, {
    "date" : "2025-03-25",
    "price" : 397.65,
    "dma50" : 430.16,
    "dma100" : null,
    "dma200" : 485.30,
    "volume" : 71974.00
  }, {
    "date" : "2025-03-26",
    "price" : 382.60,
    "dma50" : 428.29,
    "dma100" : null,
    "dma200" : 484.28,
    "volume" : 56642.00
  }, {
    "date" : "2025-03-27",
    "price" : 378.70,
    "dma50" : 426.35,
    "dma100" : null,
    "dma200" : 483.23,
    "volume" : 120929.00
  }, {
    "date" : "2025-03-28",
    "price" : 368.70,
    "dma50" : 424.09,
    "dma100" : null,
    "dma200" : 482.09,
    "volume" : 95206.00
  }, {
    "date" : "2025-04-01",
    "price" : 378.15,
    "dma50" : 422.29,
    "dma100" : null,
    "dma200" : 481.05,
    "volume" : 27021.00
  }, {
    "date" : "2025-04-02",
    "price" : 388.60,
    "dma50" : 420.97,
    "dma100" : null,
    "dma200" : 480.13,
    "volume" : 46747.00
  }, {
    "date" : "2025-04-03",
    "price" : 385.05,
    "dma50" : 419.56,
    "dma100" : null,
    "dma200" : 479.19,
    "volume" : 28655.00
  }, {
    "date" : "2025-04-04",
    "price" : 367.30,
    "dma50" : 417.51,
    "dma100" : null,
    "dma200" : 478.07,
    "volume" : 55878.00
  }, {
    "date" : "2025-04-07",
    "price" : 360.50,
    "dma50" : 415.27,
    "dma100" : null,
    "dma200" : 476.90,
    "volume" : 62242.00
  }, {
    "date" : "2025-04-08",
    "price" : 362.80,
    "dma50" : 413.21,
    "dma100" : null,
    "dma200" : 475.77,
    "volume" : 24227.00
  }, {
    "date" : "2025-04-09",
    "price" : 356.75,
    "dma50" : 411.00,
    "dma100" : null,
    "dma200" : 474.59,
    "volume" : 21917.00
  }, {
    "date" : "2025-04-11",
    "price" : 367.20,
    "dma50" : 409.28,
    "dma100" : null,
    "dma200" : 473.52,
    "volume" : 31398.00
  }, {
    "date" : "2025-04-15",
    "price" : 377.60,
    "dma50" : 408.04,
    "dma100" : null,
    "dma200" : 472.56,
    "volume" : 28803.00
  }, {
    "date" : "2025-04-16",
    "price" : 382.10,
    "dma50" : 407.02,
    "dma100" : null,
    "dma200" : 471.66,
    "volume" : 36211.00
  }, {
    "date" : "2025-04-17",
    "price" : 386.75,
    "dma50" : 406.23,
    "dma100" : null,
    "dma200" : 470.82,
    "volume" : 34016.00
  }, {
    "date" : "2025-04-21",
    "price" : 390.25,
    "dma50" : 405.60,
    "dma100" : null,
    "dma200" : 470.02,
    "volume" : 42678.00
  }, {
    "date" : "2025-04-22",
    "price" : 393.15,
    "dma50" : 405.11,
    "dma100" : null,
    "dma200" : 469.25,
    "volume" : 38274.00
  }, {
    "date" : "2025-04-23",
    "price" : 392.15,
    "dma50" : 404.60,
    "dma100" : null,
    "dma200" : 468.48,
    "volume" : 39427.00
  }, {
    "date" : "2025-04-24",
    "price" : 391.45,
    "dma50" : 404.09,
    "dma100" : null,
    "dma200" : 467.72,
    "volume" : 30824.00
  }, {
    "date" : "2025-04-25",
    "price" : 378.40,
    "dma50" : 403.08,
    "dma100" : null,
    "dma200" : 466.83,
    "volume" : 37172.00
  }, {
    "date" : "2025-04-28",
    "price" : 379.35,
    "dma50" : 402.15,
    "dma100" : null,
    "dma200" : 465.96,
    "volume" : 26589.00
  }, {
    "date" : "2025-04-29",
    "price" : 378.55,
    "dma50" : 401.23,
    "dma100" : null,
    "dma200" : 465.09,
    "volume" : 26300.00
  }, {
    "date" : "2025-04-30",
    "price" : 372.00,
    "dma50" : 400.08,
    "dma100" : null,
    "dma200" : 464.16,
    "volume" : 20782.00
  }, {
    "date" : "2025-05-02",
    "price" : 369.60,
    "dma50" : 398.88,
    "dma100" : null,
    "dma200" : 463.22,
    "volume" : 21481.00
  }, {
    "date" : "2025-05-05",
    "price" : 374.15,
    "dma50" : 397.91,
    "dma100" : null,
    "dma200" : 462.33,
    "volume" : 14311.00
  }, {
    "date" : "2025-05-06",
    "price" : 361.35,
    "dma50" : 396.48,
    "dma100" : null,
    "dma200" : 461.33,
    "volume" : 27647.00
  }, {
    "date" : "2025-05-07",
    "price" : 361.85,
    "dma50" : 395.12,
    "dma100" : null,
    "dma200" : 460.34,
    "volume" : 26535.00
  }, {
    "date" : "2025-05-08",
    "price" : 359.15,
    "dma50" : 393.71,
    "dma100" : null,
    "dma200" : 459.33,
    "volume" : 19236.00
  }, {
    "date" : "2025-05-09",
    "price" : 354.70,
    "dma50" : 392.18,
    "dma100" : null,
    "dma200" : 458.29,
    "volume" : 28652.00
  }, {
    "date" : "2025-05-12",
    "price" : 372.15,
    "dma50" : 391.40,
    "dma100" : null,
    "dma200" : 457.43,
    "volume" : 17298.00
  }, {
    "date" : "2025-05-13",
    "price" : 387.20,
    "dma50" : 391.23,
    "dma100" : null,
    "dma200" : 456.74,
    "volume" : 44772.00
  }, {
    "date" : "2025-05-14",
    "price" : 390.00,
    "dma50" : 391.18,
    "dma100" : null,
    "dma200" : 456.07,
    "volume" : 32173.00
  }, {
    "date" : "2025-05-15",
    "price" : 394.05,
    "dma50" : 391.30,
    "dma100" : null,
    "dma200" : 455.45,
    "volume" : 34203.00
  }, {
    "date" : "2025-05-16",
    "price" : 406.80,
    "dma50" : 391.90,
    "dma100" : null,
    "dma200" : 454.97,
    "volume" : 61640.00
  }, {
    "date" : "2025-05-19",
    "price" : 406.50,
    "dma50" : 392.48,
    "dma100" : null,
    "dma200" : 454.49,
    "volume" : 73261.00
  }, {
    "date" : "2025-05-20",
    "price" : 405.55,
    "dma50" : 392.99,
    "dma100" : null,
    "dma200" : 454.00,
    "volume" : 92801.00
  }, {
    "date" : "2025-05-21",
    "price" : 401.35,
    "dma50" : 393.32,
    "dma100" : null,
    "dma200" : 453.48,
    "volume" : 30549.00
  }, {
    "date" : "2025-05-22",
    "price" : 390.80,
    "dma50" : 393.22,
    "dma100" : null,
    "dma200" : 452.85,
    "volume" : 46846.00
  }, {
    "date" : "2025-05-23",
    "price" : 398.00,
    "dma50" : 393.41,
    "dma100" : null,
    "dma200" : 452.31,
    "volume" : 43312.00
  }, {
    "date" : "2025-05-26",
    "price" : 399.90,
    "dma50" : 393.66,
    "dma100" : null,
    "dma200" : 451.79,
    "volume" : 32758.00
  }, {
    "date" : "2025-05-27",
    "price" : 405.65,
    "dma50" : 394.13,
    "dma100" : null,
    "dma200" : 451.33,
    "volume" : 35174.00
  }, {
    "date" : "2025-05-28",
    "price" : 406.45,
    "dma50" : 394.61,
    "dma100" : null,
    "dma200" : 450.88,
    "volume" : 20833.00
  }, {
    "date" : "2025-05-29",
    "price" : 404.80,
    "dma50" : 395.01,
    "dma100" : null,
    "dma200" : 450.42,
    "volume" : 22456.00
  }, {
    "date" : "2025-05-30",
    "price" : 407.00,
    "dma50" : 395.48,
    "dma100" : null,
    "dma200" : 449.99,
    "volume" : 26355.00
  }, {
    "date" : "2025-06-02",
    "price" : 421.60,
    "dma50" : 396.51,
    "dma100" : null,
    "dma200" : 449.71,
    "volume" : 337795.00
  }, {
    "date" : "2025-06-03",
    "price" : 422.95,
    "dma50" : 397.54,
    "dma100" : null,
    "dma200" : 449.44,
    "volume" : 51566.00
  }, {
    "date" : "2025-06-04",
    "price" : 425.45,
    "dma50" : 398.64,
    "dma100" : null,
    "dma200" : 449.20,
    "volume" : 48001.00
  }, {
    "date" : "2025-06-05",
    "price" : 423.05,
    "dma50" : 399.60,
    "dma100" : null,
    "dma200" : 448.94,
    "volume" : 45008.00
  }, {
    "date" : "2025-06-06",
    "price" : 424.30,
    "dma50" : 400.56,
    "dma100" : null,
    "dma200" : 448.70,
    "volume" : 29456.00
  }, {
    "date" : "2025-06-09",
    "price" : 424.40,
    "dma50" : 401.50,
    "dma100" : null,
    "dma200" : 448.46,
    "volume" : 42315.00
  }, {
    "date" : "2025-06-10",
    "price" : 434.20,
    "dma50" : 402.78,
    "dma100" : null,
    "dma200" : 448.31,
    "volume" : 66619.00
  }, {
    "date" : "2025-06-11",
    "price" : 436.10,
    "dma50" : 404.09,
    "dma100" : null,
    "dma200" : 448.19,
    "volume" : 62071.00
  }, {
    "date" : "2025-06-12",
    "price" : 419.70,
    "dma50" : 404.70,
    "dma100" : null,
    "dma200" : 447.91,
    "volume" : 52043.00
  }, {
    "date" : "2025-06-13",
    "price" : 421.15,
    "dma50" : 405.35,
    "dma100" : null,
    "dma200" : 447.64,
    "volume" : 34359.00
  }, {
    "date" : "2025-06-16",
    "price" : 418.70,
    "dma50" : 405.87,
    "dma100" : null,
    "dma200" : 447.35,
    "volume" : 22157.00
  }, {
    "date" : "2025-06-17",
    "price" : 416.10,
    "dma50" : 406.27,
    "dma100" : null,
    "dma200" : 447.04,
    "volume" : 23519.00
  }, {
    "date" : "2025-06-18",
    "price" : 416.90,
    "dma50" : 406.69,
    "dma100" : null,
    "dma200" : 446.74,
    "volume" : 15096.00
  }, {
    "date" : "2025-06-19",
    "price" : 404.50,
    "dma50" : 406.60,
    "dma100" : null,
    "dma200" : 446.32,
    "volume" : 26985.00
  }, {
    "date" : "2025-06-20",
    "price" : 414.40,
    "dma50" : 406.91,
    "dma100" : null,
    "dma200" : 446.01,
    "volume" : 28547.00
  }, {
    "date" : "2025-06-23",
    "price" : 410.20,
    "dma50" : 407.04,
    "dma100" : null,
    "dma200" : 445.65,
    "volume" : 28422.00
  }, {
    "date" : "2025-06-24",
    "price" : 411.55,
    "dma50" : 407.21,
    "dma100" : null,
    "dma200" : 445.31,
    "volume" : 16619.00
  }, {
    "date" : "2025-06-25",
    "price" : 421.10,
    "dma50" : 407.76,
    "dma100" : null,
    "dma200" : 445.07,
    "volume" : 33820.00
  }, {
    "date" : "2025-06-26",
    "price" : 417.40,
    "dma50" : 408.14,
    "dma100" : null,
    "dma200" : 444.79,
    "volume" : 22154.00
  }, {
    "date" : "2025-06-27",
    "price" : 422.60,
    "dma50" : 408.70,
    "dma100" : null,
    "dma200" : 444.57,
    "volume" : 31055.00
  }, {
    "date" : "2025-06-30",
    "price" : 416.60,
    "dma50" : 409.01,
    "dma100" : null,
    "dma200" : 444.29,
    "volume" : 21285.00
  }, {
    "date" : "2025-07-01",
    "price" : 417.35,
    "dma50" : 409.34,
    "dma100" : 400.55,
    "dma200" : 444.03,
    "volume" : 19688.00
  }, {
    "date" : "2025-07-02",
    "price" : 426.30,
    "dma50" : 410.01,
    "dma100" : 400.23,
    "dma200" : 443.85,
    "volume" : 18396.00
  }, {
    "date" : "2025-07-03",
    "price" : 444.40,
    "dma50" : 411.35,
    "dma100" : 399.99,
    "dma200" : 443.86,
    "volume" : 108548.00
  }, {
    "date" : "2025-07-04",
    "price" : 444.70,
    "dma50" : 412.66,
    "dma100" : 399.74,
    "dma200" : 443.86,
    "volume" : 77358.00
  }, {
    "date" : "2025-07-07",
    "price" : 434.30,
    "dma50" : 413.51,
    "dma100" : 399.36,
    "dma200" : 443.77,
    "volume" : 23325.00
  }, {
    "date" : "2025-07-08",
    "price" : 434.25,
    "dma50" : 414.32,
    "dma100" : 398.88,
    "dma200" : 443.67,
    "volume" : 20393.00
  }, {
    "date" : "2025-07-09",
    "price" : 435.50,
    "dma50" : 415.15,
    "dma100" : 398.56,
    "dma200" : 443.59,
    "volume" : 12883.00
  }, {
    "date" : "2025-07-10",
    "price" : 430.20,
    "dma50" : 415.74,
    "dma100" : 398.39,
    "dma200" : 443.46,
    "volume" : 12465.00
  }, {
    "date" : "2025-07-11",
    "price" : 427.25,
    "dma50" : 416.20,
    "dma100" : 398.17,
    "dma200" : 443.30,
    "volume" : 12648.00
  }, {
    "date" : "2025-07-14",
    "price" : 418.40,
    "dma50" : 416.28,
    "dma100" : 398.12,
    "dma200" : 443.05,
    "volume" : 27900.00
  }, {
    "date" : "2025-07-15",
    "price" : 433.50,
    "dma50" : 416.96,
    "dma100" : 398.34,
    "dma200" : 442.96,
    "volume" : 30697.00
  }, {
    "date" : "2025-07-16",
    "price" : 426.35,
    "dma50" : 417.33,
    "dma100" : 398.54,
    "dma200" : 442.79,
    "volume" : 28339.00
  }, {
    "date" : "2025-07-17",
    "price" : 420.15,
    "dma50" : 417.44,
    "dma100" : 398.86,
    "dma200" : 442.57,
    "volume" : 50716.00
  }, {
    "date" : "2025-07-18",
    "price" : 418.80,
    "dma50" : 417.49,
    "dma100" : 398.89,
    "dma200" : 442.33,
    "volume" : 37984.00
  }, {
    "date" : "2025-07-21",
    "price" : 402.05,
    "dma50" : 416.88,
    "dma100" : 398.84,
    "dma200" : 441.93,
    "volume" : 110074.00
  }, {
    "date" : "2025-07-22",
    "price" : 407.05,
    "dma50" : 416.50,
    "dma100" : 398.85,
    "dma200" : 441.58,
    "volume" : 32530.00
  }, {
    "date" : "2025-07-23",
    "price" : 409.25,
    "dma50" : 416.21,
    "dma100" : 399.00,
    "dma200" : 441.26,
    "volume" : 26851.00
  }, {
    "date" : "2025-07-24",
    "price" : 404.90,
    "dma50" : 415.77,
    "dma100" : 399.15,
    "dma200" : 440.90,
    "volume" : 32189.00
  }, {
    "date" : "2025-07-25",
    "price" : 404.00,
    "dma50" : 415.31,
    "dma100" : 399.30,
    "dma200" : 440.53,
    "volume" : 23523.00
  }, {
    "date" : "2025-07-28",
    "price" : 398.05,
    "dma50" : 414.63,
    "dma100" : 399.47,
    "dma200" : 440.11,
    "volume" : 24170.00
  }, {
    "date" : "2025-07-29",
    "price" : 406.25,
    "dma50" : 414.30,
    "dma100" : 399.87,
    "dma200" : 439.77,
    "volume" : 21927.00
  }, {
    "date" : "2025-07-30",
    "price" : 406.35,
    "dma50" : 413.99,
    "dma100" : 400.23,
    "dma200" : 439.44,
    "volume" : 22130.00
  }, {
    "date" : "2025-07-31",
    "price" : 401.05,
    "dma50" : 413.48,
    "dma100" : 400.44,
    "dma200" : 439.06,
    "volume" : 14005.00
  }, {
    "date" : "2025-08-01",
    "price" : 400.90,
    "dma50" : 412.99,
    "dma100" : 400.43,
    "dma200" : 438.68,
    "volume" : 24354.00
  }, {
    "date" : "2025-08-04",
    "price" : 404.50,
    "dma50" : 412.66,
    "dma100" : 400.30,
    "dma200" : 438.34,
    "volume" : 32887.00
  }, {
    "date" : "2025-08-05",
    "price" : 406.50,
    "dma50" : 412.42,
    "dma100" : 400.30,
    "dma200" : 438.02,
    "volume" : 23820.00
  }, {
    "date" : "2025-08-06",
    "price" : 398.95,
    "dma50" : 411.89,
    "dma100" : 400.47,
    "dma200" : 437.63,
    "volume" : 31931.00
  }, {
    "date" : "2025-08-07",
    "price" : 427.85,
    "dma50" : 412.51,
    "dma100" : 400.93,
    "dma200" : 437.53,
    "volume" : 472276.00
  }, {
    "date" : "2025-08-08",
    "price" : 414.15,
    "dma50" : 412.58,
    "dma100" : 401.43,
    "dma200" : 437.30,
    "volume" : 261177.00
  }, {
    "date" : "2025-08-11",
    "price" : 407.70,
    "dma50" : 412.39,
    "dma100" : 401.76,
    "dma200" : 437.01,
    "volume" : 31591.00
  }, {
    "date" : "2025-08-12",
    "price" : 408.20,
    "dma50" : 412.22,
    "dma100" : 402.00,
    "dma200" : 436.72,
    "volume" : 19585.00
  }, {
    "date" : "2025-08-13",
    "price" : 410.90,
    "dma50" : 412.17,
    "dma100" : 402.14,
    "dma200" : 436.46,
    "volume" : 29738.00
  }, {
    "date" : "2025-08-14",
    "price" : 408.80,
    "dma50" : 412.04,
    "dma100" : 402.31,
    "dma200" : 436.19,
    "volume" : 11398.00
  }, {
    "date" : "2025-08-18",
    "price" : 407.95,
    "dma50" : 411.88,
    "dma100" : 402.40,
    "dma200" : 435.91,
    "volume" : 20425.00
  }, {
    "date" : "2025-08-19",
    "price" : 408.50,
    "dma50" : 411.75,
    "dma100" : 402.51,
    "dma200" : 435.63,
    "volume" : 38808.00
  }, {
    "date" : "2025-08-20",
    "price" : 404.25,
    "dma50" : 411.45,
    "dma100" : 402.58,
    "dma200" : 435.32,
    "volume" : 65180.00
  }, {
    "date" : "2025-08-21",
    "price" : 408.90,
    "dma50" : 411.35,
    "dma100" : 402.84,
    "dma200" : 435.06,
    "volume" : 29001.00
  }, {
    "date" : "2025-08-22",
    "price" : 407.25,
    "dma50" : 411.19,
    "dma100" : 403.12,
    "dma200" : 434.78,
    "volume" : 18703.00
  }, {
    "date" : "2025-08-25",
    "price" : 406.60,
    "dma50" : 411.01,
    "dma100" : 403.50,
    "dma200" : 434.50,
    "volume" : 17227.00
  }, {
    "date" : "2025-08-26",
    "price" : 402.30,
    "dma50" : 410.67,
    "dma100" : 403.75,
    "dma200" : 434.18,
    "volume" : 59098.00
  }, {
    "date" : "2025-08-28",
    "price" : 404.50,
    "dma50" : 410.43,
    "dma100" : 403.90,
    "dma200" : 433.89,
    "volume" : 41705.00
  }, {
    "date" : "2025-08-29",
    "price" : 408.90,
    "dma50" : 410.37,
    "dma100" : 404.14,
    "dma200" : 433.64,
    "volume" : 24466.00
  }, {
    "date" : "2025-09-01",
    "price" : 407.35,
    "dma50" : 410.25,
    "dma100" : 404.54,
    "dma200" : 433.38,
    "volume" : 18895.00
  }, {
    "date" : "2025-09-02",
    "price" : 413.55,
    "dma50" : 410.38,
    "dma100" : 405.07,
    "dma200" : 433.18,
    "volume" : 32055.00
  }, {
    "date" : "2025-09-03",
    "price" : 405.75,
    "dma50" : 410.20,
    "dma100" : 405.50,
    "dma200" : 432.91,
    "volume" : 45371.00
  }, {
    "date" : "2025-09-04",
    "price" : 409.35,
    "dma50" : 410.16,
    "dma100" : 406.03,
    "dma200" : 432.67,
    "volume" : 29368.00
  }, {
    "date" : "2025-09-05",
    "price" : 405.65,
    "dma50" : 409.99,
    "dma100" : 406.41,
    "dma200" : 432.40,
    "volume" : 21462.00
  }, {
    "date" : "2025-09-08",
    "price" : 405.70,
    "dma50" : 409.82,
    "dma100" : 406.69,
    "dma200" : 432.14,
    "volume" : 12431.00
  }, {
    "date" : "2025-09-09",
    "price" : 406.60,
    "dma50" : 409.69,
    "dma100" : 406.94,
    "dma200" : 431.88,
    "volume" : 14701.00
  }, {
    "date" : "2025-09-10",
    "price" : 407.70,
    "dma50" : 409.61,
    "dma100" : 407.15,
    "dma200" : 431.64,
    "volume" : 17077.00
  }, {
    "date" : "2025-09-11",
    "price" : 409.80,
    "dma50" : 409.62,
    "dma100" : 407.34,
    "dma200" : 431.42,
    "volume" : 19647.00
  }, {
    "date" : "2025-09-12",
    "price" : 406.85,
    "dma50" : 409.51,
    "dma100" : 407.48,
    "dma200" : 431.18,
    "volume" : 35150.00
  }, {
    "date" : "2025-09-15",
    "price" : 411.20,
    "dma50" : 409.58,
    "dma100" : 407.67,
    "dma200" : 430.98,
    "volume" : 27191.00
  }, {
    "date" : "2025-09-16",
    "price" : 406.45,
    "dma50" : 409.46,
    "dma100" : 407.82,
    "dma200" : 430.74,
    "volume" : 26959.00
  }, {
    "date" : "2025-09-17",
    "price" : 410.35,
    "dma50" : 409.49,
    "dma100" : 408.14,
    "dma200" : 430.53,
    "volume" : 20544.00
  }, {
    "date" : "2025-09-18",
    "price" : 411.15,
    "dma50" : 409.56,
    "dma100" : 408.46,
    "dma200" : 430.34,
    "volume" : 52018.00
  }, {
    "date" : "2025-09-19",
    "price" : 411.60,
    "dma50" : 409.64,
    "dma100" : 408.79,
    "dma200" : 430.15,
    "volume" : 14389.00
  }, {
    "date" : "2025-09-22",
    "price" : 405.55,
    "dma50" : 409.48,
    "dma100" : 409.13,
    "dma200" : 429.91,
    "volume" : 28163.00
  }, {
    "date" : "2025-09-23",
    "price" : 404.70,
    "dma50" : 409.29,
    "dma100" : 409.48,
    "dma200" : 429.66,
    "volume" : 13897.00
  }, {
    "date" : "2025-09-24",
    "price" : 403.65,
    "dma50" : 409.07,
    "dma100" : 409.77,
    "dma200" : 429.40,
    "volume" : 12614.00
  }, {
    "date" : "2025-09-25",
    "price" : 395.95,
    "dma50" : 408.55,
    "dma100" : 410.12,
    "dma200" : 429.07,
    "volume" : 30861.00
  }, {
    "date" : "2025-09-26",
    "price" : 394.20,
    "dma50" : 407.99,
    "dma100" : 410.44,
    "dma200" : 428.72,
    "volume" : 25712.00
  }, {
    "date" : "2025-09-29",
    "price" : 395.90,
    "dma50" : 407.52,
    "dma100" : 410.81,
    "dma200" : 428.39,
    "volume" : 14491.00
  }, {
    "date" : "2025-09-30",
    "price" : 407.75,
    "dma50" : 407.53,
    "dma100" : 411.34,
    "dma200" : 428.19,
    "volume" : 28819.00
  }, {
    "date" : "2025-10-01",
    "price" : 403.80,
    "dma50" : 407.38,
    "dma100" : 411.66,
    "dma200" : 427.95,
    "volume" : 12114.00
  }, {
    "date" : "2025-10-03",
    "price" : 402.55,
    "dma50" : 407.19,
    "dma100" : 411.81,
    "dma200" : 427.69,
    "volume" : 10844.00
  }, {
    "date" : "2025-10-06",
    "price" : 402.80,
    "dma50" : 407.02,
    "dma100" : 411.94,
    "dma200" : 427.45,
    "volume" : 11956.00
  }, {
    "date" : "2025-10-07",
    "price" : 399.35,
    "dma50" : 406.72,
    "dma100" : 411.99,
    "dma200" : 427.17,
    "volume" : 16614.00
  }, {
    "date" : "2025-10-08",
    "price" : 397.50,
    "dma50" : 406.36,
    "dma100" : 411.90,
    "dma200" : 426.87,
    "volume" : 18809.00
  }, {
    "date" : "2025-10-09",
    "price" : 401.75,
    "dma50" : 406.18,
    "dma100" : 411.85,
    "dma200" : 426.62,
    "volume" : 22268.00
  }, {
    "date" : "2025-10-10",
    "price" : 405.75,
    "dma50" : 406.16,
    "dma100" : 411.85,
    "dma200" : 426.41,
    "volume" : 24721.00
  }, {
    "date" : "2025-10-13",
    "price" : 406.05,
    "dma50" : 406.15,
    "dma100" : 411.90,
    "dma200" : 426.21,
    "volume" : 23911.00
  }, {
    "date" : "2025-10-14",
    "price" : 394.10,
    "dma50" : 405.68,
    "dma100" : 411.93,
    "dma200" : 425.89,
    "volume" : 30388.00
  }, {
    "date" : "2025-10-15",
    "price" : 404.30,
    "dma50" : 405.63,
    "dma100" : 411.99,
    "dma200" : 425.68,
    "volume" : 23732.00
  }, {
    "date" : "2025-10-16",
    "price" : 401.80,
    "dma50" : 405.48,
    "dma100" : 412.01,
    "dma200" : 425.44,
    "volume" : 21875.00
  }, {
    "date" : "2025-10-17",
    "price" : 399.75,
    "dma50" : 405.25,
    "dma100" : 411.95,
    "dma200" : 425.18,
    "volume" : 7289.00
  }, {
    "date" : "2025-10-20",
    "price" : 394.45,
    "dma50" : 404.83,
    "dma100" : 411.83,
    "dma200" : 424.88,
    "volume" : 16990.00
  }, {
    "date" : "2025-10-21",
    "price" : 400.00,
    "dma50" : 404.64,
    "dma100" : 411.79,
    "dma200" : 424.63,
    "volume" : 5207.00
  }, {
    "date" : "2025-10-23",
    "price" : 397.85,
    "dma50" : 404.37,
    "dma100" : 411.69,
    "dma200" : 424.36,
    "volume" : 16527.00
  }, {
    "date" : "2025-10-24",
    "price" : 393.60,
    "dma50" : 403.95,
    "dma100" : 411.41,
    "dma200" : 424.06,
    "volume" : 20612.00
  }, {
    "date" : "2025-10-27",
    "price" : 392.50,
    "dma50" : 403.50,
    "dma100" : 411.11,
    "dma200" : 423.74,
    "volume" : 18146.00
  }, {
    "date" : "2025-10-28",
    "price" : 399.75,
    "dma50" : 403.35,
    "dma100" : 410.85,
    "dma200" : 423.50,
    "volume" : 20979.00
  }, {
    "date" : "2025-10-29",
    "price" : 400.70,
    "dma50" : 403.25,
    "dma100" : 410.63,
    "dma200" : 423.28,
    "volume" : 15387.00
  }, {
    "date" : "2025-10-30",
    "price" : 399.60,
    "dma50" : 403.11,
    "dma100" : 410.38,
    "dma200" : 423.04,
    "volume" : 7235.00
  }, {
    "date" : "2025-10-31",
    "price" : 395.25,
    "dma50" : 402.80,
    "dma100" : 410.09,
    "dma200" : 422.77,
    "volume" : 12767.00
  }, {
    "date" : "2025-11-03",
    "price" : 391.75,
    "dma50" : 402.37,
    "dma100" : 409.67,
    "dma200" : 422.46,
    "volume" : 52762.00
  }, {
    "date" : "2025-11-04",
    "price" : 395.30,
    "dma50" : 402.09,
    "dma100" : 409.26,
    "dma200" : 422.19,
    "volume" : 20085.00
  }, {
    "date" : "2025-11-06",
    "price" : 392.00,
    "dma50" : 401.69,
    "dma100" : 408.98,
    "dma200" : 421.89,
    "volume" : 50577.00
  }, {
    "date" : "2025-11-07",
    "price" : 392.50,
    "dma50" : 401.33,
    "dma100" : 408.70,
    "dma200" : 421.59,
    "volume" : 15468.00
  }, {
    "date" : "2025-11-10",
    "price" : 386.10,
    "dma50" : 400.74,
    "dma100" : 408.37,
    "dma200" : 421.24,
    "volume" : 19747.00
  }, {
    "date" : "2025-11-11",
    "price" : 388.35,
    "dma50" : 400.25,
    "dma100" : 408.09,
    "dma200" : 420.91,
    "volume" : 15122.00
  }, {
    "date" : "2025-11-12",
    "price" : 391.10,
    "dma50" : 399.89,
    "dma100" : 407.83,
    "dma200" : 420.62,
    "volume" : 9433.00
  }, {
    "date" : "2025-11-13",
    "price" : 391.75,
    "dma50" : 399.57,
    "dma100" : 407.71,
    "dma200" : 420.33,
    "volume" : 15848.00
  }, {
    "date" : "2025-11-14",
    "price" : 390.55,
    "dma50" : 399.22,
    "dma100" : 407.47,
    "dma200" : 420.03,
    "volume" : 15495.00
  }, {
    "date" : "2025-11-17",
    "price" : 389.45,
    "dma50" : 398.83,
    "dma100" : 407.26,
    "dma200" : 419.73,
    "volume" : 12774.00
  }, {
    "date" : "2025-11-18",
    "price" : 385.00,
    "dma50" : 398.29,
    "dma100" : 406.99,
    "dma200" : 419.38,
    "volume" : 12576.00
  }, {
    "date" : "2025-11-19",
    "price" : 380.05,
    "dma50" : 397.58,
    "dma100" : 406.58,
    "dma200" : 418.99,
    "volume" : 14623.00
  }, {
    "date" : "2025-11-20",
    "price" : 371.05,
    "dma50" : 396.54,
    "dma100" : 406.12,
    "dma200" : 418.51,
    "volume" : 23907.00
  }, {
    "date" : "2025-11-21",
    "price" : 364.40,
    "dma50" : 395.28,
    "dma100" : 405.54,
    "dma200" : 417.98,
    "volume" : 36383.00
  }, {
    "date" : "2025-11-24",
    "price" : 356.35,
    "dma50" : 393.75,
    "dma100" : 404.94,
    "dma200" : 417.36,
    "volume" : 39338.00
  }, {
    "date" : "2025-11-25",
    "price" : 365.95,
    "dma50" : 392.66,
    "dma100" : 404.42,
    "dma200" : 416.85,
    "volume" : 35830.00
  }, {
    "date" : "2025-11-26",
    "price" : 368.00,
    "dma50" : 391.69,
    "dma100" : 403.84,
    "dma200" : 416.37,
    "volume" : 17591.00
  }, {
    "date" : "2025-11-27",
    "price" : 377.00,
    "dma50" : 391.12,
    "dma100" : 403.17,
    "dma200" : 415.97,
    "volume" : 31728.00
  }, {
    "date" : "2025-11-28",
    "price" : 379.70,
    "dma50" : 390.67,
    "dma100" : 402.52,
    "dma200" : 415.61,
    "volume" : 16780.00
  }, {
    "date" : "2025-12-01",
    "price" : 374.75,
    "dma50" : 390.04,
    "dma100" : 401.92,
    "dma200" : 415.21,
    "volume" : 7688.00
  }, {
    "date" : "2025-12-02",
    "price" : 368.00,
    "dma50" : 389.18,
    "dma100" : 401.26,
    "dma200" : 414.74,
    "volume" : 15858.00
  }, {
    "date" : "2025-12-03",
    "price" : 367.95,
    "dma50" : 388.35,
    "dma100" : 400.58,
    "dma200" : 414.27,
    "volume" : 16546.00
  }, {
    "date" : "2025-12-04",
    "price" : 370.55,
    "dma50" : 387.65,
    "dma100" : 399.99,
    "dma200" : 413.84,
    "volume" : 22465.00
  }, {
    "date" : "2025-12-05",
    "price" : 363.90,
    "dma50" : 386.72,
    "dma100" : 399.35,
    "dma200" : 413.34,
    "volume" : 14271.00
  }, {
    "date" : "2025-12-08",
    "price" : 352.75,
    "dma50" : 385.39,
    "dma100" : 398.70,
    "dma200" : 412.74,
    "volume" : 19406.00
  }, {
    "date" : "2025-12-09",
    "price" : 367.50,
    "dma50" : 384.68,
    "dma100" : 398.04,
    "dma200" : 412.29,
    "volume" : 21224.00
  }, {
    "date" : "2025-12-10",
    "price" : 366.95,
    "dma50" : 383.99,
    "dma100" : 397.44,
    "dma200" : 411.84,
    "volume" : 11143.00
  }, {
    "date" : "2025-12-11",
    "price" : 369.15,
    "dma50" : 383.41,
    "dma100" : 396.93,
    "dma200" : 411.41,
    "volume" : 9015.00
  }, {
    "date" : "2025-12-12",
    "price" : 372.75,
    "dma50" : 382.99,
    "dma100" : 396.47,
    "dma200" : 411.03,
    "volume" : 6418.00
  }, {
    "date" : "2025-12-15",
    "price" : 372.90,
    "dma50" : 382.59,
    "dma100" : 396.18,
    "dma200" : 410.65,
    "volume" : 8986.00
  }, {
    "date" : "2025-12-16",
    "price" : 365.90,
    "dma50" : 381.94,
    "dma100" : 395.77,
    "dma200" : 410.20,
    "volume" : 7553.00
  }, {
    "date" : "2025-12-17",
    "price" : 360.65,
    "dma50" : 381.10,
    "dma100" : 395.28,
    "dma200" : 409.71,
    "volume" : 18429.00
  }, {
    "date" : "2025-12-18",
    "price" : 363.85,
    "dma50" : 380.43,
    "dma100" : 394.87,
    "dma200" : 409.25,
    "volume" : 11346.00
  }, {
    "date" : "2025-12-19",
    "price" : 357.95,
    "dma50" : 379.55,
    "dma100" : 394.41,
    "dma200" : 408.74,
    "volume" : 68347.00
  }, {
    "date" : "2025-12-22",
    "price" : 369.70,
    "dma50" : 379.16,
    "dma100" : 394.13,
    "dma200" : 408.35,
    "volume" : 28500.00
  }, {
    "date" : "2025-12-23",
    "price" : 380.50,
    "dma50" : 379.21,
    "dma100" : 393.87,
    "dma200" : 408.08,
    "volume" : 32363.00
  }, {
    "date" : "2025-12-24",
    "price" : 390.40,
    "dma50" : 379.65,
    "dma100" : 393.71,
    "dma200" : 407.90,
    "volume" : 55830.00
  }, {
    "date" : "2025-12-26",
    "price" : 390.80,
    "dma50" : 380.09,
    "dma100" : 393.61,
    "dma200" : 407.73,
    "volume" : 18391.00
  }, {
    "date" : "2025-12-29",
    "price" : 381.05,
    "dma50" : 380.13,
    "dma100" : 393.41,
    "dma200" : 407.46,
    "volume" : 11990.00
  }, {
    "date" : "2025-12-30",
    "price" : 386.00,
    "dma50" : 380.36,
    "dma100" : 393.22,
    "dma200" : 407.25,
    "volume" : 23832.00
  }, {
    "date" : "2025-12-31",
    "price" : 383.90,
    "dma50" : 380.50,
    "dma100" : 393.00,
    "dma200" : 407.02,
    "volume" : 40640.00
  }, {
    "date" : "2026-01-01",
    "price" : 381.75,
    "dma50" : 380.54,
    "dma100" : 392.83,
    "dma200" : 406.77,
    "volume" : 16222.00
  }, {
    "date" : "2026-01-02",
    "price" : 382.05,
    "dma50" : 380.60,
    "dma100" : 392.37,
    "dma200" : 406.52,
    "volume" : 13598.00
  }, {
    "date" : "2026-01-05",
    "price" : 380.10,
    "dma50" : 380.58,
    "dma100" : 392.03,
    "dma200" : 406.26,
    "volume" : 314308.00
  }, {
    "date" : "2026-01-06",
    "price" : 379.30,
    "dma50" : 380.53,
    "dma100" : 391.74,
    "dma200" : 405.99,
    "volume" : 21799.00
  }, {
    "date" : "2026-01-07",
    "price" : 377.80,
    "dma50" : 380.43,
    "dma100" : 391.44,
    "dma200" : 405.71,
    "volume" : 14272.00
  }, {
    "date" : "2026-01-08",
    "price" : 368.50,
    "dma50" : 379.96,
    "dma100" : 391.02,
    "dma200" : 405.34,
    "volume" : 18638.00
  }, {
    "date" : "2026-01-09",
    "price" : 361.95,
    "dma50" : 379.25,
    "dma100" : 390.55,
    "dma200" : 404.91,
    "volume" : 27729.00
  }, {
    "date" : "2026-01-12",
    "price" : 357.20,
    "dma50" : 378.39,
    "dma100" : 390.04,
    "dma200" : 404.43,
    "volume" : 16447.00
  }, {
    "date" : "2026-01-13",
    "price" : 360.80,
    "dma50" : 377.70,
    "dma100" : 389.56,
    "dma200" : 404.00,
    "volume" : 8052.00
  }, {
    "date" : "2026-01-14",
    "price" : 358.55,
    "dma50" : 376.95,
    "dma100" : 389.11,
    "dma200" : 403.55,
    "volume" : 14907.00
  }, {
    "date" : "2026-01-16",
    "price" : 356.55,
    "dma50" : 376.15,
    "dma100" : 388.58,
    "dma200" : 403.08,
    "volume" : 31827.00
  }, {
    "date" : "2026-01-19",
    "price" : 351.45,
    "dma50" : 375.18,
    "dma100" : 388.02,
    "dma200" : 402.56,
    "volume" : 13099.00
  }, {
    "date" : "2026-01-20",
    "price" : 347.35,
    "dma50" : 374.09,
    "dma100" : 387.43,
    "dma200" : 402.02,
    "volume" : 14735.00
  }, {
    "date" : "2026-01-21",
    "price" : 352.05,
    "dma50" : 373.22,
    "dma100" : 386.93,
    "dma200" : 401.52,
    "volume" : 18818.00
  }, {
    "date" : "2026-01-22",
    "price" : 361.10,
    "dma50" : 372.75,
    "dma100" : 386.50,
    "dma200" : 401.12,
    "volume" : 27048.00
  }, {
    "date" : "2026-01-23",
    "price" : 347.70,
    "dma50" : 371.77,
    "dma100" : 385.88,
    "dma200" : 400.58,
    "volume" : 18801.00
  }, {
    "date" : "2026-01-27",
    "price" : 344.15,
    "dma50" : 370.68,
    "dma100" : 385.25,
    "dma200" : 400.02,
    "volume" : 21699.00
  }, {
    "date" : "2026-01-28",
    "price" : 352.85,
    "dma50" : 369.98,
    "dma100" : 384.64,
    "dma200" : 399.55,
    "volume" : 18157.00
  }, {
    "date" : "2026-01-29",
    "price" : 348.25,
    "dma50" : 369.13,
    "dma100" : 384.07,
    "dma200" : 399.04,
    "volume" : 15726.00
  }, {
    "date" : "2026-01-30",
    "price" : 348.85,
    "dma50" : 368.34,
    "dma100" : 383.46,
    "dma200" : 398.54,
    "volume" : 16210.00
  } ],
  "latestTechnicalAttributes" : {
    "date" : "2026-01-30",
    "price" : 348.85,
    "dma50" : 368.34,
    "dma100" : 383.46,
    "dma200" : 398.54,
    "volume" : 16210.00
  },
  "quarterlyResults" : [ {
    "date" : "2005-03-31",
    "sales" : 120.82,
    "salesGrowthYoY" : null,
    "grossProfitMargin" : 19.50,
    "grossProfit" : 23.56,
    "operatingProfitMargin" : 9.16,
    "operatingProfit" : 11.07,
    "netProfitMargin" : 7.34,
    "netProfit" : 8.87
  }, {
    "date" : "2005-06-30",
    "sales" : 123.04,
    "salesGrowthYoY" : null,
    "grossProfitMargin" : 20.50,
    "grossProfit" : 25.22,
    "operatingProfitMargin" : 8.40,
    "operatingProfit" : 10.34,
    "netProfitMargin" : 5.91,
    "netProfit" : 7.27
  }, {
    "date" : "2005-09-30",
    "sales" : 139.36,
    "salesGrowthYoY" : null,
    "grossProfitMargin" : 21.63,
    "grossProfit" : 30.14,
    "operatingProfitMargin" : 9.34,
    "operatingProfit" : 13.02,
    "netProfitMargin" : 5.86,
    "netProfit" : 8.17
  }, {
    "date" : "2005-12-31",
    "sales" : 166.19,
    "salesGrowthYoY" : null,
    "grossProfitMargin" : 19.83,
    "grossProfit" : 32.96,
    "operatingProfitMargin" : 9.00,
    "operatingProfit" : 14.96,
    "netProfitMargin" : 5.66,
    "netProfit" : 9.41
  }, {
    "date" : "2006-03-31",
    "sales" : 176.66,
    "salesGrowthYoY" : 46.22,
    "grossProfitMargin" : 18.48,
    "grossProfit" : 32.65,
    "operatingProfitMargin" : 7.74,
    "operatingProfit" : 13.67,
    "netProfitMargin" : 7.16,
    "netProfit" : 12.65
  }, {
    "date" : "2006-06-30",
    "sales" : 175.48,
    "salesGrowthYoY" : 42.62,
    "grossProfitMargin" : 17.48,
    "grossProfit" : 30.67,
    "operatingProfitMargin" : 6.88,
    "operatingProfit" : 12.07,
    "netProfitMargin" : 4.91,
    "netProfit" : 8.62
  }, {
    "date" : "2006-09-30",
    "sales" : 214.42,
    "salesGrowthYoY" : 53.86,
    "grossProfitMargin" : 17.86,
    "grossProfit" : 38.30,
    "operatingProfitMargin" : 8.48,
    "operatingProfit" : 18.18,
    "netProfitMargin" : 6.25,
    "netProfit" : 13.40
  }, {
    "date" : "2006-12-31",
    "sales" : 192.20,
    "salesGrowthYoY" : 15.65,
    "grossProfitMargin" : 16.69,
    "grossProfit" : 32.08,
    "operatingProfitMargin" : 6.83,
    "operatingProfit" : 13.13,
    "netProfitMargin" : 5.87,
    "netProfit" : 11.28
  }, {
    "date" : "2007-03-31",
    "sales" : 230.77,
    "salesGrowthYoY" : 30.63,
    "grossProfitMargin" : 15.82,
    "grossProfit" : 36.51,
    "operatingProfitMargin" : 5.59,
    "operatingProfit" : 12.90,
    "netProfitMargin" : 6.06,
    "netProfit" : 13.98
  }, {
    "date" : "2007-06-30",
    "sales" : 218.29,
    "salesGrowthYoY" : 24.40,
    "grossProfitMargin" : 21.01,
    "grossProfit" : 45.86,
    "operatingProfitMargin" : 10.75,
    "operatingProfit" : 23.47,
    "netProfitMargin" : 6.83,
    "netProfit" : 14.91
  }, {
    "date" : "2007-09-30",
    "sales" : 213.30,
    "salesGrowthYoY" : -0.52,
    "grossProfitMargin" : 18.06,
    "grossProfit" : 38.52,
    "operatingProfitMargin" : 8.11,
    "operatingProfit" : 17.30,
    "netProfitMargin" : 5.46,
    "netProfit" : 11.65
  }, {
    "date" : "2007-12-31",
    "sales" : 218.27,
    "salesGrowthYoY" : 13.56,
    "grossProfitMargin" : 20.00,
    "grossProfit" : 43.65,
    "operatingProfitMargin" : 5.97,
    "operatingProfit" : 13.03,
    "netProfitMargin" : 5.55,
    "netProfit" : 12.11
  }, {
    "date" : "2008-03-31",
    "sales" : 264.62,
    "salesGrowthYoY" : 14.67,
    "grossProfitMargin" : 22.92,
    "grossProfit" : 60.65,
    "operatingProfitMargin" : 12.12,
    "operatingProfit" : 32.07,
    "netProfitMargin" : 8.80,
    "netProfit" : 23.29
  }, {
    "date" : "2008-06-30",
    "sales" : 290.06,
    "salesGrowthYoY" : 32.88,
    "grossProfitMargin" : 20.50,
    "grossProfit" : 59.46,
    "operatingProfitMargin" : 9.86,
    "operatingProfit" : 28.60,
    "netProfitMargin" : 5.69,
    "netProfit" : 16.50
  }, {
    "date" : "2008-09-30",
    "sales" : 283.77,
    "salesGrowthYoY" : 33.04,
    "grossProfitMargin" : 15.67,
    "grossProfit" : 44.47,
    "operatingProfitMargin" : 6.94,
    "operatingProfit" : 19.69,
    "netProfitMargin" : 3.64,
    "netProfit" : 10.33
  }, {
    "date" : "2008-12-31",
    "sales" : 286.28,
    "salesGrowthYoY" : 31.16,
    "grossProfitMargin" : 8.57,
    "grossProfit" : 24.53,
    "operatingProfitMargin" : -1.07,
    "operatingProfit" : -3.06,
    "netProfitMargin" : -1.09,
    "netProfit" : -3.12
  }, {
    "date" : "2009-03-31",
    "sales" : 290.65,
    "salesGrowthYoY" : 9.84,
    "grossProfitMargin" : 11.08,
    "grossProfit" : 32.20,
    "operatingProfitMargin" : -1.87,
    "operatingProfit" : -5.44,
    "netProfitMargin" : -2.22,
    "netProfit" : -6.45
  }, {
    "date" : "2009-06-30",
    "sales" : 253.81,
    "salesGrowthYoY" : -12.50,
    "grossProfitMargin" : 28.43,
    "grossProfit" : 72.16,
    "operatingProfitMargin" : 13.09,
    "operatingProfit" : 33.22,
    "netProfitMargin" : 7.61,
    "netProfit" : 19.31
  }, {
    "date" : "2009-09-30",
    "sales" : 275.51,
    "salesGrowthYoY" : -2.91,
    "grossProfitMargin" : 27.32,
    "grossProfit" : 75.27,
    "operatingProfitMargin" : 13.49,
    "operatingProfit" : 37.17,
    "netProfitMargin" : 7.86,
    "netProfit" : 21.66
  }, {
    "date" : "2009-12-31",
    "sales" : 304.50,
    "salesGrowthYoY" : 6.36,
    "grossProfitMargin" : 24.51,
    "grossProfit" : 74.63,
    "operatingProfitMargin" : 11.78,
    "operatingProfit" : 35.87,
    "netProfitMargin" : 6.98,
    "netProfit" : 21.25
  }, {
    "date" : "2010-03-31",
    "sales" : 343.51,
    "salesGrowthYoY" : 18.19,
    "grossProfitMargin" : 24.44,
    "grossProfit" : 83.95,
    "operatingProfitMargin" : 10.88,
    "operatingProfit" : 37.37,
    "netProfitMargin" : 7.03,
    "netProfit" : 24.15
  }, {
    "date" : "2010-06-30",
    "sales" : 328.75,
    "salesGrowthYoY" : 29.53,
    "grossProfitMargin" : 23.84,
    "grossProfit" : 78.37,
    "operatingProfitMargin" : 10.14,
    "operatingProfit" : 33.34,
    "netProfitMargin" : 5.48,
    "netProfit" : 18.02
  }, {
    "date" : "2010-09-30",
    "sales" : 373.10,
    "salesGrowthYoY" : 35.42,
    "grossProfitMargin" : 26.53,
    "grossProfit" : 98.98,
    "operatingProfitMargin" : 12.97,
    "operatingProfit" : 48.39,
    "netProfitMargin" : 8.04,
    "netProfit" : 30.00
  }, {
    "date" : "2010-12-31",
    "sales" : 412.86,
    "salesGrowthYoY" : 35.59,
    "grossProfitMargin" : 23.75,
    "grossProfit" : 98.05,
    "operatingProfitMargin" : 11.38,
    "operatingProfit" : 46.98,
    "netProfitMargin" : 6.94,
    "netProfit" : 28.65
  }, {
    "date" : "2011-03-31",
    "sales" : 433.33,
    "salesGrowthYoY" : 26.15,
    "grossProfitMargin" : 24.18,
    "grossProfit" : 104.78,
    "operatingProfitMargin" : 12.39,
    "operatingProfit" : 53.69,
    "netProfitMargin" : 7.54,
    "netProfit" : 32.67
  }, {
    "date" : "2011-06-30",
    "sales" : 436.48,
    "salesGrowthYoY" : 32.77,
    "grossProfitMargin" : 24.10,
    "grossProfit" : 105.19,
    "operatingProfitMargin" : 11.68,
    "operatingProfit" : 50.98,
    "netProfitMargin" : 6.84,
    "netProfit" : 29.86
  }, {
    "date" : "2011-09-30",
    "sales" : 483.89,
    "salesGrowthYoY" : 29.69,
    "grossProfitMargin" : 23.83,
    "grossProfit" : 115.31,
    "operatingProfitMargin" : 8.09,
    "operatingProfit" : 39.15,
    "netProfitMargin" : 4.77,
    "netProfit" : 23.08
  }, {
    "date" : "2011-12-31",
    "sales" : 500.39,
    "salesGrowthYoY" : 21.20,
    "grossProfitMargin" : 18.39,
    "grossProfit" : 92.02,
    "operatingProfitMargin" : 0.77,
    "operatingProfit" : 3.85,
    "netProfitMargin" : -0.37,
    "netProfit" : -1.85
  }, {
    "date" : "2012-03-31",
    "sales" : 489.75,
    "salesGrowthYoY" : 13.02,
    "grossProfitMargin" : 14.32,
    "grossProfit" : 70.13,
    "operatingProfitMargin" : 3.59,
    "operatingProfit" : 17.58,
    "netProfitMargin" : 3.46,
    "netProfit" : 16.95
  }, {
    "date" : "2012-06-30",
    "sales" : 525.09,
    "salesGrowthYoY" : 20.30,
    "grossProfitMargin" : 19.82,
    "grossProfit" : 104.07,
    "operatingProfitMargin" : 3.93,
    "operatingProfit" : 20.64,
    "netProfitMargin" : 1.79,
    "netProfit" : 9.40
  }, {
    "date" : "2012-09-30",
    "sales" : 490.93,
    "salesGrowthYoY" : 1.45,
    "grossProfitMargin" : 16.83,
    "grossProfit" : 82.62,
    "operatingProfitMargin" : 5.93,
    "operatingProfit" : 29.11,
    "netProfitMargin" : 6.29,
    "netProfit" : 30.88
  }, {
    "date" : "2012-12-31",
    "sales" : 467.59,
    "salesGrowthYoY" : -6.55,
    "grossProfitMargin" : 18.83,
    "grossProfit" : 88.05,
    "operatingProfitMargin" : 3.92,
    "operatingProfit" : 18.33,
    "netProfitMargin" : 1.91,
    "netProfit" : 8.93
  }, {
    "date" : "2013-03-31",
    "sales" : 515.44,
    "salesGrowthYoY" : 5.25,
    "grossProfitMargin" : 17.42,
    "grossProfit" : 89.79,
    "operatingProfitMargin" : 5.88,
    "operatingProfit" : 30.31,
    "netProfitMargin" : 3.05,
    "netProfit" : 15.72
  }, {
    "date" : "2013-06-30",
    "sales" : 485.08,
    "salesGrowthYoY" : -7.62,
    "grossProfitMargin" : 21.12,
    "grossProfit" : 102.45,
    "operatingProfitMargin" : 3.53,
    "operatingProfit" : 17.12,
    "netProfitMargin" : 1.54,
    "netProfit" : 7.47
  }, {
    "date" : "2013-09-30",
    "sales" : 522.81,
    "salesGrowthYoY" : 6.49,
    "grossProfitMargin" : 22.77,
    "grossProfit" : 119.04,
    "operatingProfitMargin" : 6.07,
    "operatingProfit" : 31.73,
    "netProfitMargin" : 3.40,
    "netProfit" : 17.78
  }, {
    "date" : "2013-12-31",
    "sales" : 518.21,
    "salesGrowthYoY" : 10.83,
    "grossProfitMargin" : 16.61,
    "grossProfit" : 86.07,
    "operatingProfitMargin" : 4.37,
    "operatingProfit" : 22.65,
    "netProfitMargin" : 1.52,
    "netProfit" : 7.88
  }, {
    "date" : "2014-03-31",
    "sales" : 554.68,
    "salesGrowthYoY" : 7.61,
    "grossProfitMargin" : 14.34,
    "grossProfit" : 79.54,
    "operatingProfitMargin" : 4.28,
    "operatingProfit" : 23.74,
    "netProfitMargin" : 3.19,
    "netProfit" : 17.69
  }, {
    "date" : "2014-06-30",
    "sales" : 490.36,
    "salesGrowthYoY" : 1.09,
    "grossProfitMargin" : 15.19,
    "grossProfit" : 74.49,
    "operatingProfitMargin" : 4.91,
    "operatingProfit" : 24.08,
    "netProfitMargin" : 1.29,
    "netProfit" : 6.33
  }, {
    "date" : "2014-09-30",
    "sales" : 497.72,
    "salesGrowthYoY" : -4.80,
    "grossProfitMargin" : 16.41,
    "grossProfit" : 81.68,
    "operatingProfitMargin" : 5.07,
    "operatingProfit" : 25.23,
    "netProfitMargin" : 0.16,
    "netProfit" : 0.80
  }, {
    "date" : "2014-12-31",
    "sales" : 440.08,
    "salesGrowthYoY" : -15.08,
    "grossProfitMargin" : 11.85,
    "grossProfit" : 52.15,
    "operatingProfitMargin" : -0.06,
    "operatingProfit" : -0.26,
    "netProfitMargin" : -3.26,
    "netProfit" : -14.35
  }, {
    "date" : "2015-03-31",
    "sales" : 420.74,
    "salesGrowthYoY" : -24.15,
    "grossProfitMargin" : 14.78,
    "grossProfit" : 62.19,
    "operatingProfitMargin" : 3.02,
    "operatingProfit" : 12.71,
    "netProfitMargin" : 1.41,
    "netProfit" : 5.93
  }, {
    "date" : "2015-06-30",
    "sales" : 389.21,
    "salesGrowthYoY" : -20.63,
    "grossProfitMargin" : 23.85,
    "grossProfit" : 92.83,
    "operatingProfitMargin" : 7.82,
    "operatingProfit" : 30.44,
    "netProfitMargin" : 3.52,
    "netProfit" : 13.70
  }, {
    "date" : "2015-09-30",
    "sales" : 361.38,
    "salesGrowthYoY" : -27.39,
    "grossProfitMargin" : 24.01,
    "grossProfit" : 86.77,
    "operatingProfitMargin" : 7.63,
    "operatingProfit" : 27.57,
    "netProfitMargin" : 2.38,
    "netProfit" : 8.60
  }, {
    "date" : "2015-12-31",
    "sales" : 368.59,
    "salesGrowthYoY" : -16.24,
    "grossProfitMargin" : 19.49,
    "grossProfit" : 71.84,
    "operatingProfitMargin" : 4.34,
    "operatingProfit" : 16.00,
    "netProfitMargin" : 1.36,
    "netProfit" : 5.01
  }, {
    "date" : "2016-03-31",
    "sales" : 373.12,
    "salesGrowthYoY" : -11.32,
    "grossProfitMargin" : 20.62,
    "grossProfit" : 76.94,
    "operatingProfitMargin" : 4.29,
    "operatingProfit" : 16.01,
    "netProfitMargin" : 2.51,
    "netProfit" : 9.37
  }, {
    "date" : "2016-06-30",
    "sales" : 342.50,
    "salesGrowthYoY" : -12.00,
    "grossProfitMargin" : 30.61,
    "grossProfit" : 104.84,
    "operatingProfitMargin" : 11.14,
    "operatingProfit" : 38.15,
    "netProfitMargin" : 5.91,
    "netProfit" : 20.24
  }, {
    "date" : "2016-09-30",
    "sales" : 360.26,
    "salesGrowthYoY" : -0.31,
    "grossProfitMargin" : 27.41,
    "grossProfit" : 98.75,
    "operatingProfitMargin" : 10.88,
    "operatingProfit" : 39.20,
    "netProfitMargin" : 6.60,
    "netProfit" : 23.78
  }, {
    "date" : "2016-12-31",
    "sales" : 372.00,
    "salesGrowthYoY" : 0.93,
    "grossProfitMargin" : 24.42,
    "grossProfit" : 90.84,
    "operatingProfitMargin" : 8.14,
    "operatingProfit" : 30.28,
    "netProfitMargin" : 4.87,
    "netProfit" : 18.12
  }, {
    "date" : "2017-03-31",
    "sales" : 422.42,
    "salesGrowthYoY" : 13.21,
    "grossProfitMargin" : 25.90,
    "grossProfit" : 109.41,
    "operatingProfitMargin" : 9.82,
    "operatingProfit" : 41.48,
    "netProfitMargin" : 7.45,
    "netProfit" : 31.47
  }, {
    "date" : "2017-06-30",
    "sales" : 421.55,
    "salesGrowthYoY" : 23.08,
    "grossProfitMargin" : 24.60,
    "grossProfit" : 103.70,
    "operatingProfitMargin" : 9.32,
    "operatingProfit" : 39.29,
    "netProfitMargin" : 5.55,
    "netProfit" : 23.40
  }, {
    "date" : "2017-09-30",
    "sales" : 442.79,
    "salesGrowthYoY" : 22.91,
    "grossProfitMargin" : 24.22,
    "grossProfit" : 107.24,
    "operatingProfitMargin" : 9.53,
    "operatingProfit" : 42.20,
    "netProfitMargin" : 6.18,
    "netProfit" : 27.36
  }, {
    "date" : "2017-12-31",
    "sales" : 458.45,
    "salesGrowthYoY" : 23.24,
    "grossProfitMargin" : 27.49,
    "grossProfit" : 126.03,
    "operatingProfitMargin" : 11.40,
    "operatingProfit" : 52.26,
    "netProfitMargin" : 7.67,
    "netProfit" : 35.16
  }, {
    "date" : "2018-03-31",
    "sales" : 460.47,
    "salesGrowthYoY" : 9.01,
    "grossProfitMargin" : 26.49,
    "grossProfit" : 121.98,
    "operatingProfitMargin" : 10.30,
    "operatingProfit" : 47.43,
    "netProfitMargin" : 8.75,
    "netProfit" : 40.29
  }, {
    "date" : "2018-06-30",
    "sales" : 542.41,
    "salesGrowthYoY" : 28.67,
    "grossProfitMargin" : 23.23,
    "grossProfit" : 126.00,
    "operatingProfitMargin" : 7.11,
    "operatingProfit" : 38.57,
    "netProfitMargin" : 3.36,
    "netProfit" : 18.22
  }, {
    "date" : "2018-09-30",
    "sales" : 573.04,
    "salesGrowthYoY" : 29.42,
    "grossProfitMargin" : 22.82,
    "grossProfit" : 130.77,
    "operatingProfitMargin" : 6.02,
    "operatingProfit" : 34.50,
    "netProfitMargin" : 3.18,
    "netProfit" : 18.22
  }, {
    "date" : "2018-12-31",
    "sales" : 602.04,
    "salesGrowthYoY" : 31.32,
    "grossProfitMargin" : 22.09,
    "grossProfit" : 132.99,
    "operatingProfitMargin" : 8.75,
    "operatingProfit" : 52.68,
    "netProfitMargin" : 7.39,
    "netProfit" : 44.49
  }, {
    "date" : "2019-03-31",
    "sales" : 546.80,
    "salesGrowthYoY" : 18.75,
    "grossProfitMargin" : 23.05,
    "grossProfit" : 126.04,
    "operatingProfitMargin" : 9.38,
    "operatingProfit" : 51.29,
    "netProfitMargin" : 6.10,
    "netProfit" : 33.35
  }, {
    "date" : "2019-06-30",
    "sales" : 536.47,
    "salesGrowthYoY" : -1.10,
    "grossProfitMargin" : 24.53,
    "grossProfit" : 131.60,
    "operatingProfitMargin" : 8.50,
    "operatingProfit" : 45.60,
    "netProfitMargin" : 5.29,
    "netProfit" : 28.38
  }, {
    "date" : "2019-09-30",
    "sales" : 541.94,
    "salesGrowthYoY" : -5.43,
    "grossProfitMargin" : 22.63,
    "grossProfit" : 122.64,
    "operatingProfitMargin" : 7.70,
    "operatingProfit" : 41.73,
    "netProfitMargin" : 4.62,
    "netProfit" : 25.04
  }, {
    "date" : "2019-12-31",
    "sales" : 518.06,
    "salesGrowthYoY" : -13.95,
    "grossProfitMargin" : 21.71,
    "grossProfit" : 112.47,
    "operatingProfitMargin" : 7.58,
    "operatingProfit" : 39.27,
    "netProfitMargin" : 4.18,
    "netProfit" : 21.65
  }, {
    "date" : "2020-03-31",
    "sales" : 449.69,
    "salesGrowthYoY" : -17.76,
    "grossProfitMargin" : 23.08,
    "grossProfit" : 103.79,
    "operatingProfitMargin" : 5.94,
    "operatingProfit" : 26.71,
    "netProfitMargin" : 4.58,
    "netProfit" : 20.60
  }, {
    "date" : "2020-06-30",
    "sales" : 262.96,
    "salesGrowthYoY" : -50.98,
    "grossProfitMargin" : 25.16,
    "grossProfit" : 66.16,
    "operatingProfitMargin" : 5.11,
    "operatingProfit" : 13.44,
    "netProfitMargin" : 4.07,
    "netProfit" : 10.70
  }, {
    "date" : "2020-09-30",
    "sales" : 481.38,
    "salesGrowthYoY" : -11.17,
    "grossProfitMargin" : 24.75,
    "grossProfit" : 119.14,
    "operatingProfitMargin" : 10.19,
    "operatingProfit" : 49.05,
    "netProfitMargin" : 7.82,
    "netProfit" : 37.64
  }, {
    "date" : "2020-12-31",
    "sales" : 534.91,
    "salesGrowthYoY" : 3.25,
    "grossProfitMargin" : 33.50,
    "grossProfit" : 179.19,
    "operatingProfitMargin" : 19.59,
    "operatingProfit" : 104.79,
    "netProfitMargin" : 15.16,
    "netProfit" : 81.09
  }, {
    "date" : "2021-03-31",
    "sales" : 633.07,
    "salesGrowthYoY" : 40.78,
    "grossProfitMargin" : 32.09,
    "grossProfit" : 203.15,
    "operatingProfitMargin" : 20.70,
    "operatingProfit" : 131.05,
    "netProfitMargin" : 14.93,
    "netProfit" : 94.52
  }, {
    "date" : "2021-06-30",
    "sales" : 605.62,
    "salesGrowthYoY" : 130.31,
    "grossProfitMargin" : 28.93,
    "grossProfit" : 175.21,
    "operatingProfitMargin" : 17.75,
    "operatingProfit" : 107.50,
    "netProfitMargin" : 12.80,
    "netProfit" : 77.52
  }, {
    "date" : "2021-09-30",
    "sales" : 690.05,
    "salesGrowthYoY" : 43.35,
    "grossProfitMargin" : 20.01,
    "grossProfit" : 138.08,
    "operatingProfitMargin" : 11.15,
    "operatingProfit" : 76.94,
    "netProfitMargin" : 8.13,
    "netProfit" : 56.10
  }, {
    "date" : "2021-12-31",
    "sales" : 738.36,
    "salesGrowthYoY" : 38.03,
    "grossProfitMargin" : 19.74,
    "grossProfit" : 145.75,
    "operatingProfitMargin" : 9.74,
    "operatingProfit" : 71.92,
    "netProfitMargin" : 7.66,
    "netProfit" : 56.56
  }, {
    "date" : "2022-03-31",
    "sales" : 794.31,
    "salesGrowthYoY" : 25.47,
    "grossProfitMargin" : 22.20,
    "grossProfit" : 176.34,
    "operatingProfitMargin" : 11.16,
    "operatingProfit" : 88.64,
    "netProfitMargin" : 7.53,
    "netProfit" : 59.81
  }, {
    "date" : "2022-06-30",
    "sales" : 900.90,
    "salesGrowthYoY" : 48.76,
    "grossProfitMargin" : 28.65,
    "grossProfit" : 258.11,
    "operatingProfitMargin" : 14.63,
    "operatingProfit" : 131.80,
    "netProfitMargin" : 10.08,
    "netProfit" : 90.81
  }, {
    "date" : "2022-09-30",
    "sales" : 865.36,
    "salesGrowthYoY" : 25.41,
    "grossProfitMargin" : 21.42,
    "grossProfit" : 185.36,
    "operatingProfitMargin" : 11.31,
    "operatingProfit" : 97.87,
    "netProfitMargin" : 8.07,
    "netProfit" : 69.83
  }, {
    "date" : "2022-12-31",
    "sales" : 908.57,
    "salesGrowthYoY" : 23.05,
    "grossProfitMargin" : 13.89,
    "grossProfit" : 126.20,
    "operatingProfitMargin" : 4.58,
    "operatingProfit" : 41.61,
    "netProfitMargin" : 3.16,
    "netProfit" : 28.71
  }, {
    "date" : "2023-03-31",
    "sales" : 955.61,
    "salesGrowthYoY" : 20.31,
    "grossProfitMargin" : 14.26,
    "grossProfit" : 136.27,
    "operatingProfitMargin" : 4.93,
    "operatingProfit" : 47.11,
    "netProfitMargin" : 3.81,
    "netProfit" : 36.41
  }, {
    "date" : "2023-06-30",
    "sales" : 920.32,
    "salesGrowthYoY" : 2.16,
    "grossProfitMargin" : 17.92,
    "grossProfit" : 164.92,
    "operatingProfitMargin" : 7.50,
    "operatingProfit" : 69.02,
    "netProfitMargin" : 6.05,
    "netProfit" : 55.68
  }, {
    "date" : "2023-09-30",
    "sales" : 888.83,
    "salesGrowthYoY" : 2.71,
    "grossProfitMargin" : 17.49,
    "grossProfit" : 155.46,
    "operatingProfitMargin" : 6.78,
    "operatingProfit" : 60.26,
    "netProfitMargin" : 5.35,
    "netProfit" : 47.55
  }, {
    "date" : "2023-12-31",
    "sales" : 958.39,
    "salesGrowthYoY" : 5.48,
    "grossProfitMargin" : 20.29,
    "grossProfit" : 194.46,
    "operatingProfitMargin" : 8.93,
    "operatingProfit" : 85.58,
    "netProfitMargin" : 7.13,
    "netProfit" : 68.33
  }, {
    "date" : "2024-03-31",
    "sales" : 973.31,
    "salesGrowthYoY" : 1.85,
    "grossProfitMargin" : 13.68,
    "grossProfit" : 133.15,
    "operatingProfitMargin" : 3.29,
    "operatingProfit" : 32.02,
    "netProfitMargin" : 3.36,
    "netProfit" : 32.70
  }, {
    "date" : "2024-06-30",
    "sales" : 955.50,
    "salesGrowthYoY" : 3.82,
    "grossProfitMargin" : 16.87,
    "grossProfit" : 161.19,
    "operatingProfitMargin" : 4.94,
    "operatingProfit" : 47.20,
    "netProfitMargin" : 4.43,
    "netProfit" : 42.33
  }, {
    "date" : "2024-09-30",
    "sales" : 907.20,
    "salesGrowthYoY" : 2.07,
    "grossProfitMargin" : 16.51,
    "grossProfit" : 149.78,
    "operatingProfitMargin" : 3.79,
    "operatingProfit" : 34.38,
    "netProfitMargin" : 3.51,
    "netProfit" : 31.84
  }, {
    "date" : "2024-12-31",
    "sales" : 945.43,
    "salesGrowthYoY" : -1.35,
    "grossProfitMargin" : 15.18,
    "grossProfit" : 143.52,
    "operatingProfitMargin" : 2.32,
    "operatingProfit" : 21.93,
    "netProfitMargin" : 1.60,
    "netProfit" : 15.13
  }, {
    "date" : "2025-03-31",
    "sales" : 1005.60,
    "salesGrowthYoY" : 3.32,
    "grossProfitMargin" : 17.94,
    "grossProfit" : 180.40,
    "operatingProfitMargin" : 4.80,
    "operatingProfit" : 48.27,
    "netProfitMargin" : 3.43,
    "netProfit" : 34.49
  }, {
    "date" : "2025-06-30",
    "sales" : 989.12,
    "salesGrowthYoY" : 3.52,
    "grossProfitMargin" : 19.00,
    "grossProfit" : 187.93,
    "operatingProfitMargin" : 6.05,
    "operatingProfit" : 59.84,
    "netProfitMargin" : 5.96,
    "netProfit" : 58.95
  }, {
    "date" : "2025-09-30",
    "sales" : 1075.89,
    "salesGrowthYoY" : 18.59,
    "grossProfitMargin" : 17.31,
    "grossProfit" : 186.24,
    "operatingProfitMargin" : 4.77,
    "operatingProfit" : 51.32,
    "netProfitMargin" : 4.06,
    "netProfit" : 43.68
  } ],
  "latestQuarterlyResult" : {
    "date" : "2025-09-30",
    "sales" : 1075.89,
    "salesGrowthYoY" : 18.59,
    "grossProfitMargin" : 17.31,
    "grossProfit" : 186.24,
    "operatingProfitMargin" : 4.77,
    "operatingProfit" : 51.32,
    "netProfitMargin" : 4.06,
    "netProfit" : 43.68
  },
  "companyScore" : {
    "priceHigherThanDma50" : 0.00,
    "priceHigherThanDma100" : 0.00,
    "priceHigherThanDma200" : 0.00,
    "dma50HigherThanDma100" : 0.00,
    "dma50HigherThanDma200" : 0.00,
    "dma100HigherThanDma200" : 0.00,
    "pricePercentageAboveDma50" : 5.26,
    "pricePercentageAboveDma100" : 5.45,
    "pricePercentageAboveDma200" : 5.62,
    "weeklyVolumeHigherThanYearlyVolume" : 0.00,
    "salesGrowthPercentile" : 11.90,
    "operatingProfitMarginPercentile" : 5.88,
    "netProfitMarginPercentile" : 3.97,
    "totalTechnicalScore" : 16.34,
    "totalFundamentalScore" : 21.76,
    "totalScore" : 38.10
  }
}