{
  "metadata" : {
    "screenerCompanyId" : "3136",
    "companyCode" : "SPIC",
    "companyName" : "S P I C",
    "screenerCompanyLink" : "https://www.screener.in/company/SPIC",
    "screenerTechnicalHistoryLink" : "https://www.screener.in/api/company/3136/chart/?q=Price-DMA50-DMA200-Volume&days=365",
    "screenerQuarterlyResultsLink" : "https://www.screener.in/api/company/3136/chart/?q=GPM-OPM-NPM-Quarter+Sales&days=10000",
    "attributes" : {
      "companyCode" : "SPIC",
      "companyName" : "S P I C",
      "marketCap" : 1711.00,
      "peRatio" : 10.70,
      "description" : "Southern Petrochemicals Industries Corporation Ltd is engaged in manufacturing and selling Urea and Nitrogenous chemical fertilizer. [1]"
    },
    "companyScore" : {
      "priceHigherThanDma50" : 0.00,
      "priceHigherThanDma100" : 0.00,
      "priceHigherThanDma200" : 0.00,
      "dma50HigherThanDma100" : 0.00,
      "dma50HigherThanDma200" : 5.00,
      "dma100HigherThanDma200" : 5.00,
      "pricePercentageAboveDma50" : 5.39,
      "pricePercentageAboveDma100" : 5.57,
      "pricePercentageAboveDma200" : 5.31,
      "weeklyVolumeHigherThanYearlyVolume" : 0.00,
      "salesGrowthPercentile" : 11.14,
      "operatingProfitMarginPercentile" : 19.61,
      "netProfitMarginPercentile" : 9.67,
      "totalTechnicalScore" : 26.27,
      "totalFundamentalScore" : 40.43,
      "totalScore" : 66.69
    }
  },
  "attributes" : {
    "companyCode" : "SPIC",
    "companyName" : "S P I C",
    "marketCap" : 1711.00,
    "peRatio" : 10.70,
    "description" : "Southern Petrochemicals Industries Corporation Ltd is engaged in manufacturing and selling Urea and Nitrogenous chemical fertilizer. [1]"
  },
  "technicalHistory" : [ {
    "date" : "2024-12-02",
    "price" : 77.09,
    "dma50" : 78.87,
    "dma100" : null,
    "dma200" : 80.45,
    "volume" : 328840.00
  }, {
    "date" : "2024-12-03",
    "price" : 77.44,
    "dma50" : 78.81,
    "dma100" : null,
    "dma200" : 80.42,
    "volume" : 303973.00
  }, {
    "date" : "2024-12-04",
    "price" : 77.69,
    "dma50" : 78.77,
    "dma100" : null,
    "dma200" : 80.40,
    "volume" : 388730.00
  }, {
    "date" : "2024-12-05",
    "price" : 78.21,
    "dma50" : 78.74,
    "dma100" : null,
    "dma200" : 80.37,
    "volume" : 1026111.00
  }, {
    "date" : "2024-12-06",
    "price" : 77.92,
    "dma50" : 78.71,
    "dma100" : null,
    "dma200" : 80.35,
    "volume" : 528445.00
  }, {
    "date" : "2024-12-09",
    "price" : 77.09,
    "dma50" : 78.65,
    "dma100" : null,
    "dma200" : 80.32,
    "volume" : 412504.00
  }, {
    "date" : "2024-12-10",
    "price" : 78.01,
    "dma50" : 78.62,
    "dma100" : null,
    "dma200" : 80.29,
    "volume" : 703345.00
  }, {
    "date" : "2024-12-11",
    "price" : 77.81,
    "dma50" : 78.59,
    "dma100" : null,
    "dma200" : 80.27,
    "volume" : 590546.00
  }, {
    "date" : "2024-12-12",
    "price" : 76.59,
    "dma50" : 78.51,
    "dma100" : null,
    "dma200" : 80.23,
    "volume" : 359971.00
  }, {
    "date" : "2024-12-13",
    "price" : 75.43,
    "dma50" : 78.39,
    "dma100" : null,
    "dma200" : 80.19,
    "volume" : 370956.00
  }, {
    "date" : "2024-12-16",
    "price" : 77.43,
    "dma50" : 78.35,
    "dma100" : null,
    "dma200" : 80.16,
    "volume" : 662637.00
  }, {
    "date" : "2024-12-17",
    "price" : 79.25,
    "dma50" : 78.39,
    "dma100" : null,
    "dma200" : 80.15,
    "volume" : 2451808.00
  }, {
    "date" : "2024-12-18",
    "price" : 77.74,
    "dma50" : 78.36,
    "dma100" : null,
    "dma200" : 80.13,
    "volume" : 609313.00
  }, {
    "date" : "2024-12-19",
    "price" : 76.31,
    "dma50" : 78.28,
    "dma100" : null,
    "dma200" : 80.09,
    "volume" : 357850.00
  }, {
    "date" : "2024-12-20",
    "price" : 74.08,
    "dma50" : 78.12,
    "dma100" : null,
    "dma200" : 80.03,
    "volume" : 475922.00
  }, {
    "date" : "2024-12-23",
    "price" : 73.17,
    "dma50" : 77.92,
    "dma100" : null,
    "dma200" : 79.96,
    "volume" : 335938.00
  }, {
    "date" : "2024-12-24",
    "price" : 74.48,
    "dma50" : 77.79,
    "dma100" : null,
    "dma200" : 79.90,
    "volume" : 297957.00
  }, {
    "date" : "2024-12-26",
    "price" : 74.74,
    "dma50" : 77.67,
    "dma100" : null,
    "dma200" : 79.85,
    "volume" : 219067.00
  }, {
    "date" : "2024-12-27",
    "price" : 73.83,
    "dma50" : 77.52,
    "dma100" : null,
    "dma200" : 79.79,
    "volume" : 255663.00
  }, {
    "date" : "2024-12-30",
    "price" : 72.60,
    "dma50" : 77.33,
    "dma100" : null,
    "dma200" : 79.72,
    "volume" : 372652.00
  }, {
    "date" : "2024-12-31",
    "price" : 73.06,
    "dma50" : 77.16,
    "dma100" : null,
    "dma200" : 79.66,
    "volume" : 568880.00
  }, {
    "date" : "2025-01-01",
    "price" : 75.26,
    "dma50" : 77.08,
    "dma100" : null,
    "dma200" : 79.61,
    "volume" : 512164.00
  }, {
    "date" : "2025-01-02",
    "price" : 75.63,
    "dma50" : 77.03,
    "dma100" : null,
    "dma200" : 79.57,
    "volume" : 393952.00
  }, {
    "date" : "2025-01-03",
    "price" : 75.79,
    "dma50" : 76.98,
    "dma100" : null,
    "dma200" : 79.53,
    "volume" : 252790.00
  }, {
    "date" : "2025-01-06",
    "price" : 72.06,
    "dma50" : 76.79,
    "dma100" : null,
    "dma200" : 79.46,
    "volume" : 354587.00
  }, {
    "date" : "2025-01-07",
    "price" : 74.46,
    "dma50" : 76.69,
    "dma100" : null,
    "dma200" : 79.41,
    "volume" : 694336.00
  }, {
    "date" : "2025-01-08",
    "price" : 73.52,
    "dma50" : 76.57,
    "dma100" : null,
    "dma200" : 79.35,
    "volume" : 413081.00
  }, {
    "date" : "2025-01-09",
    "price" : 72.97,
    "dma50" : 76.43,
    "dma100" : null,
    "dma200" : 79.29,
    "volume" : 612968.00
  }, {
    "date" : "2025-01-10",
    "price" : 70.70,
    "dma50" : 76.20,
    "dma100" : null,
    "dma200" : 79.20,
    "volume" : 500728.00
  }, {
    "date" : "2025-01-13",
    "price" : 66.86,
    "dma50" : 75.84,
    "dma100" : null,
    "dma200" : 79.08,
    "volume" : 653591.00
  }, {
    "date" : "2025-01-14",
    "price" : 69.78,
    "dma50" : 75.60,
    "dma100" : null,
    "dma200" : 78.99,
    "volume" : 482559.00
  }, {
    "date" : "2025-01-15",
    "price" : 71.19,
    "dma50" : 75.43,
    "dma100" : null,
    "dma200" : 78.91,
    "volume" : 459989.00
  }, {
    "date" : "2025-01-16",
    "price" : 73.48,
    "dma50" : 75.35,
    "dma100" : null,
    "dma200" : 78.86,
    "volume" : 422990.00
  }, {
    "date" : "2025-01-17",
    "price" : 75.73,
    "dma50" : 75.37,
    "dma100" : null,
    "dma200" : 78.82,
    "volume" : 850793.00
  }, {
    "date" : "2025-01-20",
    "price" : 75.86,
    "dma50" : 75.39,
    "dma100" : null,
    "dma200" : 78.80,
    "volume" : 353239.00
  }, {
    "date" : "2025-01-21",
    "price" : 77.32,
    "dma50" : 75.46,
    "dma100" : null,
    "dma200" : 78.78,
    "volume" : 747622.00
  }, {
    "date" : "2025-01-22",
    "price" : 76.95,
    "dma50" : 75.52,
    "dma100" : null,
    "dma200" : 78.76,
    "volume" : 491114.00
  }, {
    "date" : "2025-01-23",
    "price" : 78.23,
    "dma50" : 75.63,
    "dma100" : null,
    "dma200" : 78.76,
    "volume" : 709965.00
  }, {
    "date" : "2025-01-24",
    "price" : 76.68,
    "dma50" : 75.67,
    "dma100" : null,
    "dma200" : 78.74,
    "volume" : 422408.00
  }, {
    "date" : "2025-01-27",
    "price" : 74.15,
    "dma50" : 75.61,
    "dma100" : null,
    "dma200" : 78.69,
    "volume" : 466932.00
  }, {
    "date" : "2025-01-28",
    "price" : 74.12,
    "dma50" : 75.55,
    "dma100" : null,
    "dma200" : 78.65,
    "volume" : 609352.00
  }, {
    "date" : "2025-01-29",
    "price" : 76.07,
    "dma50" : 75.57,
    "dma100" : null,
    "dma200" : 78.62,
    "volume" : 578723.00
  }, {
    "date" : "2025-01-30",
    "price" : 75.06,
    "dma50" : 75.55,
    "dma100" : null,
    "dma200" : 78.58,
    "volume" : 619205.00
  }, {
    "date" : "2025-01-31",
    "price" : 76.77,
    "dma50" : 75.60,
    "dma100" : null,
    "dma200" : 78.57,
    "volume" : 387101.00
  }, {
    "date" : "2025-02-01",
    "price" : 76.07,
    "dma50" : 75.62,
    "dma100" : null,
    "dma200" : 78.54,
    "volume" : 917993.00
  }, {
    "date" : "2025-02-03",
    "price" : 74.19,
    "dma50" : 75.56,
    "dma100" : null,
    "dma200" : 78.50,
    "volume" : 346016.00
  }, {
    "date" : "2025-02-04",
    "price" : 75.04,
    "dma50" : 75.54,
    "dma100" : null,
    "dma200" : 78.46,
    "volume" : 209099.00
  }, {
    "date" : "2025-02-05",
    "price" : 75.97,
    "dma50" : 75.56,
    "dma100" : null,
    "dma200" : 78.44,
    "volume" : 305486.00
  }, {
    "date" : "2025-02-06",
    "price" : 79.42,
    "dma50" : 75.71,
    "dma100" : null,
    "dma200" : 78.45,
    "volume" : 2414260.00
  }, {
    "date" : "2025-02-07",
    "price" : 82.21,
    "dma50" : 75.96,
    "dma100" : null,
    "dma200" : 78.49,
    "volume" : 1729407.00
  }, {
    "date" : "2025-02-10",
    "price" : 79.65,
    "dma50" : 76.11,
    "dma100" : null,
    "dma200" : 78.50,
    "volume" : 876069.00
  }, {
    "date" : "2025-02-11",
    "price" : 75.39,
    "dma50" : 76.08,
    "dma100" : null,
    "dma200" : 78.47,
    "volume" : 818620.00
  }, {
    "date" : "2025-02-12",
    "price" : 78.17,
    "dma50" : 76.16,
    "dma100" : null,
    "dma200" : 78.46,
    "volume" : 1120365.00
  }, {
    "date" : "2025-02-13",
    "price" : 78.55,
    "dma50" : 76.26,
    "dma100" : null,
    "dma200" : 78.46,
    "volume" : 982672.00
  }, {
    "date" : "2025-02-14",
    "price" : 76.88,
    "dma50" : 76.28,
    "dma100" : null,
    "dma200" : 78.45,
    "volume" : 607595.00
  }, {
    "date" : "2025-02-17",
    "price" : 79.08,
    "dma50" : 76.39,
    "dma100" : null,
    "dma200" : 78.46,
    "volume" : 811448.00
  }, {
    "date" : "2025-02-18",
    "price" : 76.94,
    "dma50" : 76.41,
    "dma100" : null,
    "dma200" : 78.44,
    "volume" : 600566.00
  }, {
    "date" : "2025-02-19",
    "price" : 80.51,
    "dma50" : 76.57,
    "dma100" : null,
    "dma200" : 78.46,
    "volume" : 910299.00
  }, {
    "date" : "2025-02-20",
    "price" : 81.55,
    "dma50" : 76.77,
    "dma100" : null,
    "dma200" : 78.49,
    "volume" : 464747.00
  }, {
    "date" : "2025-02-21",
    "price" : 80.15,
    "dma50" : 76.90,
    "dma100" : null,
    "dma200" : 78.51,
    "volume" : 901719.00
  }, {
    "date" : "2025-02-24",
    "price" : 79.10,
    "dma50" : 76.99,
    "dma100" : null,
    "dma200" : 78.51,
    "volume" : 794819.00
  }, {
    "date" : "2025-02-25",
    "price" : 79.44,
    "dma50" : 77.08,
    "dma100" : null,
    "dma200" : 78.52,
    "volume" : 333564.00
  }, {
    "date" : "2025-02-27",
    "price" : 78.11,
    "dma50" : 77.12,
    "dma100" : null,
    "dma200" : 78.52,
    "volume" : 450451.00
  }, {
    "date" : "2025-02-28",
    "price" : 75.00,
    "dma50" : 77.04,
    "dma100" : null,
    "dma200" : 78.48,
    "volume" : 629556.00
  }, {
    "date" : "2025-03-03",
    "price" : 75.46,
    "dma50" : 76.98,
    "dma100" : null,
    "dma200" : 78.45,
    "volume" : 777882.00
  }, {
    "date" : "2025-03-04",
    "price" : 78.55,
    "dma50" : 77.04,
    "dma100" : null,
    "dma200" : 78.45,
    "volume" : 843128.00
  }, {
    "date" : "2025-03-05",
    "price" : 80.36,
    "dma50" : 77.17,
    "dma100" : null,
    "dma200" : 78.47,
    "volume" : 384494.00
  }, {
    "date" : "2025-03-06",
    "price" : 81.50,
    "dma50" : 77.34,
    "dma100" : null,
    "dma200" : 78.50,
    "volume" : 646766.00
  }, {
    "date" : "2025-03-07",
    "price" : 81.74,
    "dma50" : 77.51,
    "dma100" : null,
    "dma200" : 78.54,
    "volume" : 383985.00
  }, {
    "date" : "2025-03-10",
    "price" : 78.49,
    "dma50" : 77.55,
    "dma100" : null,
    "dma200" : 78.54,
    "volume" : 488871.00
  }, {
    "date" : "2025-03-11",
    "price" : 79.33,
    "dma50" : 77.62,
    "dma100" : null,
    "dma200" : 78.54,
    "volume" : 537381.00
  }, {
    "date" : "2025-03-12",
    "price" : 79.53,
    "dma50" : 77.69,
    "dma100" : null,
    "dma200" : 78.55,
    "volume" : 383770.00
  }, {
    "date" : "2025-03-13",
    "price" : 80.07,
    "dma50" : 77.79,
    "dma100" : null,
    "dma200" : 78.57,
    "volume" : 466081.00
  }, {
    "date" : "2025-03-17",
    "price" : 78.20,
    "dma50" : 77.80,
    "dma100" : null,
    "dma200" : 78.56,
    "volume" : 389348.00
  }, {
    "date" : "2025-03-18",
    "price" : 78.48,
    "dma50" : 77.83,
    "dma100" : null,
    "dma200" : 78.56,
    "volume" : 461486.00
  }, {
    "date" : "2025-03-19",
    "price" : 81.04,
    "dma50" : 77.96,
    "dma100" : null,
    "dma200" : 78.59,
    "volume" : 674541.00
  }, {
    "date" : "2025-03-20",
    "price" : 81.29,
    "dma50" : 78.09,
    "dma100" : null,
    "dma200" : 78.62,
    "volume" : 533300.00
  }, {
    "date" : "2025-03-21",
    "price" : 81.77,
    "dma50" : 78.23,
    "dma100" : null,
    "dma200" : 78.65,
    "volume" : 566136.00
  }, {
    "date" : "2025-03-24",
    "price" : 85.39,
    "dma50" : 78.51,
    "dma100" : null,
    "dma200" : 78.71,
    "volume" : 1454048.00
  }, {
    "date" : "2025-03-25",
    "price" : 81.04,
    "dma50" : 78.61,
    "dma100" : null,
    "dma200" : 78.74,
    "volume" : 890342.00
  }, {
    "date" : "2025-03-26",
    "price" : 81.08,
    "dma50" : 78.71,
    "dma100" : null,
    "dma200" : 78.76,
    "volume" : 595297.00
  }, {
    "date" : "2025-03-27",
    "price" : 82.95,
    "dma50" : 78.87,
    "dma100" : null,
    "dma200" : 78.80,
    "volume" : 797444.00
  }, {
    "date" : "2025-03-28",
    "price" : 81.06,
    "dma50" : 78.96,
    "dma100" : null,
    "dma200" : 78.82,
    "volume" : 481424.00
  }, {
    "date" : "2025-04-01",
    "price" : 83.82,
    "dma50" : 79.15,
    "dma100" : null,
    "dma200" : 78.87,
    "volume" : 572786.00
  }, {
    "date" : "2025-04-02",
    "price" : 82.75,
    "dma50" : 79.29,
    "dma100" : null,
    "dma200" : 78.91,
    "volume" : 412938.00
  }, {
    "date" : "2025-04-03",
    "price" : 83.17,
    "dma50" : 79.44,
    "dma100" : null,
    "dma200" : 78.96,
    "volume" : 736067.00
  }, {
    "date" : "2025-04-04",
    "price" : 81.50,
    "dma50" : 79.52,
    "dma100" : null,
    "dma200" : 78.98,
    "volume" : 472173.00
  }, {
    "date" : "2025-04-07",
    "price" : 80.28,
    "dma50" : 79.55,
    "dma100" : null,
    "dma200" : 78.99,
    "volume" : 789113.00
  }, {
    "date" : "2025-04-08",
    "price" : 82.91,
    "dma50" : 79.69,
    "dma100" : null,
    "dma200" : 79.03,
    "volume" : 307830.00
  }, {
    "date" : "2025-04-09",
    "price" : 81.52,
    "dma50" : 79.76,
    "dma100" : null,
    "dma200" : 79.06,
    "volume" : 199781.00
  }, {
    "date" : "2025-04-11",
    "price" : 83.80,
    "dma50" : 79.92,
    "dma100" : null,
    "dma200" : 79.10,
    "volume" : 478908.00
  }, {
    "date" : "2025-04-15",
    "price" : 85.73,
    "dma50" : 80.14,
    "dma100" : null,
    "dma200" : 79.17,
    "volume" : 749629.00
  }, {
    "date" : "2025-04-16",
    "price" : 84.84,
    "dma50" : 80.33,
    "dma100" : null,
    "dma200" : 79.23,
    "volume" : 523168.00
  }, {
    "date" : "2025-04-17",
    "price" : 86.04,
    "dma50" : 80.55,
    "dma100" : null,
    "dma200" : 79.29,
    "volume" : 1774686.00
  }, {
    "date" : "2025-04-21",
    "price" : 85.80,
    "dma50" : 80.76,
    "dma100" : null,
    "dma200" : 79.36,
    "volume" : 674837.00
  }, {
    "date" : "2025-04-22",
    "price" : 84.13,
    "dma50" : 80.89,
    "dma100" : null,
    "dma200" : 79.41,
    "volume" : 594620.00
  }, {
    "date" : "2025-04-23",
    "price" : 83.41,
    "dma50" : 80.99,
    "dma100" : null,
    "dma200" : 79.45,
    "volume" : 756538.00
  }, {
    "date" : "2025-04-24",
    "price" : 85.13,
    "dma50" : 81.15,
    "dma100" : null,
    "dma200" : 79.50,
    "volume" : 767365.00
  }, {
    "date" : "2025-04-25",
    "price" : 82.00,
    "dma50" : 81.18,
    "dma100" : null,
    "dma200" : 79.53,
    "volume" : 627438.00
  }, {
    "date" : "2025-04-28",
    "price" : 82.98,
    "dma50" : 81.26,
    "dma100" : null,
    "dma200" : 79.56,
    "volume" : 734151.00
  }, {
    "date" : "2025-04-29",
    "price" : 81.56,
    "dma50" : 81.27,
    "dma100" : 78.22,
    "dma200" : 79.58,
    "volume" : 706347.00
  }, {
    "date" : "2025-04-30",
    "price" : 79.92,
    "dma50" : 81.21,
    "dma100" : 78.24,
    "dma200" : 79.59,
    "volume" : 444567.00
  }, {
    "date" : "2025-05-02",
    "price" : 78.87,
    "dma50" : 81.12,
    "dma100" : 78.25,
    "dma200" : 79.58,
    "volume" : 725272.00
  }, {
    "date" : "2025-05-05",
    "price" : 80.61,
    "dma50" : 81.10,
    "dma100" : 78.28,
    "dma200" : 79.59,
    "volume" : 795905.00
  }, {
    "date" : "2025-05-06",
    "price" : 80.14,
    "dma50" : 81.06,
    "dma100" : 78.30,
    "dma200" : 79.59,
    "volume" : 1171181.00
  }, {
    "date" : "2025-05-07",
    "price" : 79.29,
    "dma50" : 81.00,
    "dma100" : 78.32,
    "dma200" : 79.59,
    "volume" : 702108.00
  }, {
    "date" : "2025-05-08",
    "price" : 76.94,
    "dma50" : 80.84,
    "dma100" : 78.31,
    "dma200" : 79.56,
    "volume" : 618985.00
  }, {
    "date" : "2025-05-09",
    "price" : 73.58,
    "dma50" : 80.55,
    "dma100" : 78.27,
    "dma200" : 79.51,
    "volume" : 1102447.00
  }, {
    "date" : "2025-05-12",
    "price" : 78.42,
    "dma50" : 80.47,
    "dma100" : 78.29,
    "dma200" : 79.49,
    "volume" : 665241.00
  }, {
    "date" : "2025-05-13",
    "price" : 82.00,
    "dma50" : 80.53,
    "dma100" : 78.35,
    "dma200" : 79.52,
    "volume" : 3006915.00
  }, {
    "date" : "2025-05-14",
    "price" : 82.74,
    "dma50" : 80.61,
    "dma100" : 78.41,
    "dma200" : 79.55,
    "volume" : 1410941.00
  }, {
    "date" : "2025-05-15",
    "price" : 88.61,
    "dma50" : 80.93,
    "dma100" : 78.50,
    "dma200" : 79.64,
    "volume" : 3381456.00
  }, {
    "date" : "2025-05-16",
    "price" : 86.78,
    "dma50" : 81.16,
    "dma100" : 78.59,
    "dma200" : 79.71,
    "volume" : 1931696.00
  }, {
    "date" : "2025-05-19",
    "price" : 87.90,
    "dma50" : 81.42,
    "dma100" : 78.71,
    "dma200" : 79.79,
    "volume" : 1184721.00
  }, {
    "date" : "2025-05-20",
    "price" : 87.20,
    "dma50" : 81.65,
    "dma100" : 78.84,
    "dma200" : 79.87,
    "volume" : 880546.00
  }, {
    "date" : "2025-05-21",
    "price" : 87.73,
    "dma50" : 81.89,
    "dma100" : 78.98,
    "dma200" : 79.95,
    "volume" : 761055.00
  }, {
    "date" : "2025-05-22",
    "price" : 89.25,
    "dma50" : 82.18,
    "dma100" : 79.13,
    "dma200" : 80.04,
    "volume" : 935137.00
  }, {
    "date" : "2025-05-23",
    "price" : 87.52,
    "dma50" : 82.39,
    "dma100" : 79.26,
    "dma200" : 80.11,
    "volume" : 633293.00
  }, {
    "date" : "2025-05-26",
    "price" : 87.10,
    "dma50" : 82.57,
    "dma100" : 79.39,
    "dma200" : 80.18,
    "volume" : 702178.00
  }, {
    "date" : "2025-05-27",
    "price" : 87.61,
    "dma50" : 82.77,
    "dma100" : 79.54,
    "dma200" : 80.26,
    "volume" : 585430.00
  }, {
    "date" : "2025-05-28",
    "price" : 87.04,
    "dma50" : 82.94,
    "dma100" : 79.68,
    "dma200" : 80.32,
    "volume" : 450659.00
  }, {
    "date" : "2025-05-29",
    "price" : 86.40,
    "dma50" : 83.07,
    "dma100" : 79.79,
    "dma200" : 80.38,
    "volume" : 374166.00
  }, {
    "date" : "2025-05-30",
    "price" : 85.45,
    "dma50" : 83.16,
    "dma100" : 79.89,
    "dma200" : 80.43,
    "volume" : 352598.00
  }, {
    "date" : "2025-06-02",
    "price" : 85.35,
    "dma50" : 83.25,
    "dma100" : 79.99,
    "dma200" : 80.48,
    "volume" : 301909.00
  }, {
    "date" : "2025-06-03",
    "price" : 87.88,
    "dma50" : 83.43,
    "dma100" : 80.14,
    "dma200" : 80.56,
    "volume" : 2829589.00
  }, {
    "date" : "2025-06-04",
    "price" : 86.50,
    "dma50" : 83.55,
    "dma100" : 80.26,
    "dma200" : 80.62,
    "volume" : 534150.00
  }, {
    "date" : "2025-06-05",
    "price" : 86.46,
    "dma50" : 83.67,
    "dma100" : 80.39,
    "dma200" : 80.67,
    "volume" : 738670.00
  }, {
    "date" : "2025-06-06",
    "price" : 86.19,
    "dma50" : 83.77,
    "dma100" : 80.53,
    "dma200" : 80.73,
    "volume" : 546454.00
  }, {
    "date" : "2025-06-09",
    "price" : 86.79,
    "dma50" : 83.88,
    "dma100" : 80.69,
    "dma200" : 80.79,
    "volume" : 372165.00
  }, {
    "date" : "2025-06-10",
    "price" : 86.38,
    "dma50" : 83.98,
    "dma100" : 80.88,
    "dma200" : 80.85,
    "volume" : 418118.00
  }, {
    "date" : "2025-06-11",
    "price" : 86.96,
    "dma50" : 84.10,
    "dma100" : 81.05,
    "dma200" : 80.91,
    "volume" : 760750.00
  }, {
    "date" : "2025-06-12",
    "price" : 85.02,
    "dma50" : 84.13,
    "dma100" : 81.19,
    "dma200" : 80.95,
    "volume" : 879650.00
  }, {
    "date" : "2025-06-13",
    "price" : 82.86,
    "dma50" : 84.08,
    "dma100" : 81.29,
    "dma200" : 80.97,
    "volume" : 661695.00
  }, {
    "date" : "2025-06-16",
    "price" : 81.86,
    "dma50" : 84.00,
    "dma100" : 81.35,
    "dma200" : 80.97,
    "volume" : 793069.00
  }, {
    "date" : "2025-06-17",
    "price" : 82.16,
    "dma50" : 83.93,
    "dma100" : 81.41,
    "dma200" : 80.99,
    "volume" : 753129.00
  }, {
    "date" : "2025-06-18",
    "price" : 81.85,
    "dma50" : 83.84,
    "dma100" : 81.46,
    "dma200" : 81.00,
    "volume" : 457050.00
  }, {
    "date" : "2025-06-19",
    "price" : 81.63,
    "dma50" : 83.76,
    "dma100" : 81.50,
    "dma200" : 81.00,
    "volume" : 604412.00
  }, {
    "date" : "2025-06-20",
    "price" : 85.45,
    "dma50" : 83.82,
    "dma100" : 81.57,
    "dma200" : 81.05,
    "volume" : 2151004.00
  }, {
    "date" : "2025-06-23",
    "price" : 84.18,
    "dma50" : 83.84,
    "dma100" : 81.65,
    "dma200" : 81.08,
    "volume" : 880848.00
  }, {
    "date" : "2025-06-24",
    "price" : 87.20,
    "dma50" : 83.97,
    "dma100" : 81.78,
    "dma200" : 81.14,
    "volume" : 1081220.00
  }, {
    "date" : "2025-06-25",
    "price" : 88.79,
    "dma50" : 84.16,
    "dma100" : 81.93,
    "dma200" : 81.21,
    "volume" : 2137138.00
  }, {
    "date" : "2025-06-26",
    "price" : 89.00,
    "dma50" : 84.35,
    "dma100" : 82.06,
    "dma200" : 81.29,
    "volume" : 1298235.00
  }, {
    "date" : "2025-06-27",
    "price" : 89.20,
    "dma50" : 84.54,
    "dma100" : 82.20,
    "dma200" : 81.37,
    "volume" : 884307.00
  }, {
    "date" : "2025-06-30",
    "price" : 92.75,
    "dma50" : 84.86,
    "dma100" : 82.36,
    "dma200" : 81.48,
    "volume" : 2219664.00
  }, {
    "date" : "2025-07-01",
    "price" : 91.97,
    "dma50" : 85.14,
    "dma100" : 82.52,
    "dma200" : 81.59,
    "volume" : 1001749.00
  }, {
    "date" : "2025-07-02",
    "price" : 90.65,
    "dma50" : 85.36,
    "dma100" : 82.68,
    "dma200" : 81.68,
    "volume" : 734030.00
  }, {
    "date" : "2025-07-03",
    "price" : 89.47,
    "dma50" : 85.52,
    "dma100" : 82.82,
    "dma200" : 81.76,
    "volume" : 570063.00
  }, {
    "date" : "2025-07-04",
    "price" : 89.40,
    "dma50" : 85.67,
    "dma100" : 82.96,
    "dma200" : 81.83,
    "volume" : 534325.00
  }, {
    "date" : "2025-07-07",
    "price" : 87.47,
    "dma50" : 85.74,
    "dma100" : 83.04,
    "dma200" : 81.89,
    "volume" : 428854.00
  }, {
    "date" : "2025-07-08",
    "price" : 85.96,
    "dma50" : 85.75,
    "dma100" : 83.08,
    "dma200" : 81.93,
    "volume" : 421561.00
  }, {
    "date" : "2025-07-09",
    "price" : 84.71,
    "dma50" : 85.71,
    "dma100" : 83.13,
    "dma200" : 81.96,
    "volume" : 647061.00
  }, {
    "date" : "2025-07-10",
    "price" : 84.08,
    "dma50" : 85.64,
    "dma100" : 83.21,
    "dma200" : 81.98,
    "volume" : 499726.00
  }, {
    "date" : "2025-07-11",
    "price" : 83.98,
    "dma50" : 85.58,
    "dma100" : 83.27,
    "dma200" : 82.00,
    "volume" : 552080.00
  }, {
    "date" : "2025-07-14",
    "price" : 84.17,
    "dma50" : 85.52,
    "dma100" : 83.33,
    "dma200" : 82.02,
    "volume" : 471708.00
  }, {
    "date" : "2025-07-15",
    "price" : 84.44,
    "dma50" : 85.48,
    "dma100" : 83.40,
    "dma200" : 82.04,
    "volume" : 893571.00
  }, {
    "date" : "2025-07-16",
    "price" : 85.26,
    "dma50" : 85.47,
    "dma100" : 83.47,
    "dma200" : 82.07,
    "volume" : 346299.00
  }, {
    "date" : "2025-07-17",
    "price" : 84.26,
    "dma50" : 85.42,
    "dma100" : 83.54,
    "dma200" : 82.10,
    "volume" : 355904.00
  }, {
    "date" : "2025-07-18",
    "price" : 84.23,
    "dma50" : 85.38,
    "dma100" : 83.58,
    "dma200" : 82.12,
    "volume" : 386730.00
  }, {
    "date" : "2025-07-21",
    "price" : 84.81,
    "dma50" : 85.36,
    "dma100" : 83.61,
    "dma200" : 82.14,
    "volume" : 475227.00
  }, {
    "date" : "2025-07-22",
    "price" : 85.55,
    "dma50" : 85.36,
    "dma100" : 83.66,
    "dma200" : 82.18,
    "volume" : 600975.00
  }, {
    "date" : "2025-07-23",
    "price" : 88.36,
    "dma50" : 85.48,
    "dma100" : 83.76,
    "dma200" : 82.24,
    "volume" : 1733129.00
  }, {
    "date" : "2025-07-24",
    "price" : 96.11,
    "dma50" : 85.90,
    "dma100" : 83.92,
    "dma200" : 82.38,
    "volume" : 16208506.00
  }, {
    "date" : "2025-07-25",
    "price" : 98.63,
    "dma50" : 86.40,
    "dma100" : 84.13,
    "dma200" : 82.54,
    "volume" : 6864931.00
  }, {
    "date" : "2025-07-28",
    "price" : 98.33,
    "dma50" : 86.86,
    "dma100" : 84.36,
    "dma200" : 82.70,
    "volume" : 2748203.00
  }, {
    "date" : "2025-07-29",
    "price" : 100.30,
    "dma50" : 87.39,
    "dma100" : 84.61,
    "dma200" : 82.87,
    "volume" : 8233286.00
  }, {
    "date" : "2025-07-30",
    "price" : 100.28,
    "dma50" : 87.90,
    "dma100" : 84.83,
    "dma200" : 83.05,
    "volume" : 2804741.00
  }, {
    "date" : "2025-07-31",
    "price" : 98.31,
    "dma50" : 88.31,
    "dma100" : 85.01,
    "dma200" : 83.20,
    "volume" : 1903346.00
  }, {
    "date" : "2025-08-01",
    "price" : 93.50,
    "dma50" : 88.51,
    "dma100" : 85.13,
    "dma200" : 83.30,
    "volume" : 2292314.00
  }, {
    "date" : "2025-08-04",
    "price" : 92.78,
    "dma50" : 88.68,
    "dma100" : 85.24,
    "dma200" : 83.39,
    "volume" : 1193662.00
  }, {
    "date" : "2025-08-05",
    "price" : 91.93,
    "dma50" : 88.80,
    "dma100" : 85.37,
    "dma200" : 83.48,
    "volume" : 1153131.00
  }, {
    "date" : "2025-08-06",
    "price" : 88.95,
    "dma50" : 88.81,
    "dma100" : 85.47,
    "dma200" : 83.53,
    "volume" : 1480662.00
  }, {
    "date" : "2025-08-07",
    "price" : 87.31,
    "dma50" : 88.75,
    "dma100" : 85.54,
    "dma200" : 83.57,
    "volume" : 1071277.00
  }, {
    "date" : "2025-08-08",
    "price" : 85.91,
    "dma50" : 88.64,
    "dma100" : 85.60,
    "dma200" : 83.59,
    "volume" : 888612.00
  }, {
    "date" : "2025-08-11",
    "price" : 87.13,
    "dma50" : 88.58,
    "dma100" : 85.69,
    "dma200" : 83.63,
    "volume" : 715949.00
  }, {
    "date" : "2025-08-12",
    "price" : 87.45,
    "dma50" : 88.54,
    "dma100" : 85.78,
    "dma200" : 83.67,
    "volume" : 802471.00
  }, {
    "date" : "2025-08-13",
    "price" : 85.88,
    "dma50" : 88.43,
    "dma100" : 85.83,
    "dma200" : 83.69,
    "volume" : 764094.00
  }, {
    "date" : "2025-08-14",
    "price" : 84.54,
    "dma50" : 88.28,
    "dma100" : 85.86,
    "dma200" : 83.70,
    "volume" : 695699.00
  }, {
    "date" : "2025-08-18",
    "price" : 101.44,
    "dma50" : 88.80,
    "dma100" : 86.06,
    "dma200" : 83.87,
    "volume" : 23061721.00
  }, {
    "date" : "2025-08-19",
    "price" : 104.85,
    "dma50" : 89.43,
    "dma100" : 86.25,
    "dma200" : 84.08,
    "volume" : 15450656.00
  }, {
    "date" : "2025-08-20",
    "price" : 113.29,
    "dma50" : 90.36,
    "dma100" : 86.58,
    "dma200" : 84.37,
    "volume" : 16497571.00
  }, {
    "date" : "2025-08-21",
    "price" : 110.83,
    "dma50" : 91.16,
    "dma100" : 86.87,
    "dma200" : 84.64,
    "volume" : 3604903.00
  }, {
    "date" : "2025-08-22",
    "price" : 110.38,
    "dma50" : 91.92,
    "dma100" : 87.15,
    "dma200" : 84.89,
    "volume" : 2964901.00
  }, {
    "date" : "2025-08-25",
    "price" : 111.27,
    "dma50" : 92.68,
    "dma100" : 87.45,
    "dma200" : 85.16,
    "volume" : 2546733.00
  }, {
    "date" : "2025-08-26",
    "price" : 108.31,
    "dma50" : 93.29,
    "dma100" : 87.70,
    "dma200" : 85.39,
    "volume" : 1289510.00
  }, {
    "date" : "2025-08-28",
    "price" : 103.80,
    "dma50" : 93.70,
    "dma100" : 87.91,
    "dma200" : 85.57,
    "volume" : 1156001.00
  }, {
    "date" : "2025-08-29",
    "price" : 107.94,
    "dma50" : 94.26,
    "dma100" : 88.15,
    "dma200" : 85.79,
    "volume" : 3815144.00
  }, {
    "date" : "2025-09-01",
    "price" : 116.43,
    "dma50" : 95.13,
    "dma100" : 88.50,
    "dma200" : 86.10,
    "volume" : 4480112.00
  }, {
    "date" : "2025-09-02",
    "price" : 110.92,
    "dma50" : 95.75,
    "dma100" : 88.81,
    "dma200" : 86.34,
    "volume" : 2326998.00
  }, {
    "date" : "2025-09-03",
    "price" : 122.76,
    "dma50" : 96.81,
    "dma100" : 89.21,
    "dma200" : 86.71,
    "volume" : 17418964.00
  }, {
    "date" : "2025-09-04",
    "price" : 118.49,
    "dma50" : 97.66,
    "dma100" : 89.58,
    "dma200" : 87.02,
    "volume" : 2973633.00
  }, {
    "date" : "2025-09-05",
    "price" : 115.68,
    "dma50" : 98.36,
    "dma100" : 89.90,
    "dma200" : 87.31,
    "volume" : 2130204.00
  }, {
    "date" : "2025-09-08",
    "price" : 114.97,
    "dma50" : 99.02,
    "dma100" : 90.19,
    "dma200" : 87.58,
    "volume" : 3187960.00
  }, {
    "date" : "2025-09-09",
    "price" : 113.16,
    "dma50" : 99.57,
    "dma100" : 90.47,
    "dma200" : 87.84,
    "volume" : 1314690.00
  }, {
    "date" : "2025-09-10",
    "price" : 110.43,
    "dma50" : 100.00,
    "dma100" : 90.72,
    "dma200" : 88.06,
    "volume" : 1355287.00
  }, {
    "date" : "2025-09-11",
    "price" : 110.13,
    "dma50" : 100.39,
    "dma100" : 90.96,
    "dma200" : 88.28,
    "volume" : 986171.00
  }, {
    "date" : "2025-09-12",
    "price" : 107.30,
    "dma50" : 100.66,
    "dma100" : 91.19,
    "dma200" : 88.47,
    "volume" : 1519513.00
  }, {
    "date" : "2025-09-15",
    "price" : 106.59,
    "dma50" : 100.90,
    "dma100" : 91.42,
    "dma200" : 88.65,
    "volume" : 1313820.00
  }, {
    "date" : "2025-09-16",
    "price" : 104.91,
    "dma50" : 101.05,
    "dma100" : 91.62,
    "dma200" : 88.81,
    "volume" : 999328.00
  }, {
    "date" : "2025-09-17",
    "price" : 104.00,
    "dma50" : 101.17,
    "dma100" : 91.84,
    "dma200" : 88.96,
    "volume" : 1673232.00
  }, {
    "date" : "2025-09-18",
    "price" : 101.48,
    "dma50" : 101.18,
    "dma100" : 92.03,
    "dma200" : 89.09,
    "volume" : 1280126.00
  }, {
    "date" : "2025-09-19",
    "price" : 100.40,
    "dma50" : 101.15,
    "dma100" : 92.21,
    "dma200" : 89.20,
    "volume" : 1532474.00
  }, {
    "date" : "2025-09-22",
    "price" : 98.13,
    "dma50" : 101.03,
    "dma100" : 92.40,
    "dma200" : 89.29,
    "volume" : 1327939.00
  }, {
    "date" : "2025-09-23",
    "price" : 96.60,
    "dma50" : 100.86,
    "dma100" : 92.57,
    "dma200" : 89.36,
    "volume" : 873851.00
  }, {
    "date" : "2025-09-24",
    "price" : 96.47,
    "dma50" : 100.69,
    "dma100" : 92.73,
    "dma200" : 89.43,
    "volume" : 2233541.00
  }, {
    "date" : "2025-09-25",
    "price" : 95.25,
    "dma50" : 100.47,
    "dma100" : 92.88,
    "dma200" : 89.49,
    "volume" : 1385899.00
  }, {
    "date" : "2025-09-26",
    "price" : 92.05,
    "dma50" : 100.14,
    "dma100" : 93.01,
    "dma200" : 89.52,
    "volume" : 1238350.00
  }, {
    "date" : "2025-09-29",
    "price" : 91.76,
    "dma50" : 99.81,
    "dma100" : 93.16,
    "dma200" : 89.54,
    "volume" : 1551045.00
  }, {
    "date" : "2025-09-30",
    "price" : 91.27,
    "dma50" : 99.48,
    "dma100" : 93.34,
    "dma200" : 89.56,
    "volume" : 912826.00
  }, {
    "date" : "2025-10-01",
    "price" : 92.11,
    "dma50" : 99.19,
    "dma100" : 93.47,
    "dma200" : 89.58,
    "volume" : 1295876.00
  }, {
    "date" : "2025-10-03",
    "price" : 95.17,
    "dma50" : 99.03,
    "dma100" : 93.60,
    "dma200" : 89.64,
    "volume" : 4096384.00
  }, {
    "date" : "2025-10-06",
    "price" : 96.26,
    "dma50" : 98.92,
    "dma100" : 93.74,
    "dma200" : 89.70,
    "volume" : 2295799.00
  }, {
    "date" : "2025-10-07",
    "price" : 94.57,
    "dma50" : 98.75,
    "dma100" : 93.80,
    "dma200" : 89.75,
    "volume" : 941836.00
  }, {
    "date" : "2025-10-08",
    "price" : 94.67,
    "dma50" : 98.59,
    "dma100" : 93.88,
    "dma200" : 89.80,
    "volume" : 942479.00
  }, {
    "date" : "2025-10-09",
    "price" : 93.42,
    "dma50" : 98.39,
    "dma100" : 93.93,
    "dma200" : 89.84,
    "volume" : 939516.00
  }, {
    "date" : "2025-10-10",
    "price" : 93.06,
    "dma50" : 98.18,
    "dma100" : 93.99,
    "dma200" : 89.87,
    "volume" : 647132.00
  }, {
    "date" : "2025-10-13",
    "price" : 91.69,
    "dma50" : 97.93,
    "dma100" : 94.03,
    "dma200" : 89.89,
    "volume" : 884390.00
  }, {
    "date" : "2025-10-14",
    "price" : 88.28,
    "dma50" : 97.55,
    "dma100" : 94.02,
    "dma200" : 89.87,
    "volume" : 1245987.00
  }, {
    "date" : "2025-10-15",
    "price" : 91.37,
    "dma50" : 97.31,
    "dma100" : 94.06,
    "dma200" : 89.89,
    "volume" : 1091747.00
  }, {
    "date" : "2025-10-16",
    "price" : 91.44,
    "dma50" : 97.08,
    "dma100" : 94.10,
    "dma200" : 89.90,
    "volume" : 927887.00
  }, {
    "date" : "2025-10-17",
    "price" : 89.64,
    "dma50" : 96.78,
    "dma100" : 94.12,
    "dma200" : 89.90,
    "volume" : 548838.00
  }, {
    "date" : "2025-10-20",
    "price" : 89.19,
    "dma50" : 96.49,
    "dma100" : 94.15,
    "dma200" : 89.89,
    "volume" : 552500.00
  }, {
    "date" : "2025-10-21",
    "price" : 89.57,
    "dma50" : 96.22,
    "dma100" : 94.18,
    "dma200" : 89.89,
    "volume" : 209232.00
  }, {
    "date" : "2025-10-23",
    "price" : 90.76,
    "dma50" : 96.00,
    "dma100" : 94.23,
    "dma200" : 89.90,
    "volume" : 1345817.00
  }, {
    "date" : "2025-10-24",
    "price" : 89.48,
    "dma50" : 95.75,
    "dma100" : 94.27,
    "dma200" : 89.89,
    "volume" : 659061.00
  }, {
    "date" : "2025-10-27",
    "price" : 89.76,
    "dma50" : 95.51,
    "dma100" : 94.29,
    "dma200" : 89.89,
    "volume" : 380217.00
  }, {
    "date" : "2025-10-28",
    "price" : 91.89,
    "dma50" : 95.37,
    "dma100" : 94.34,
    "dma200" : 89.91,
    "volume" : 1559022.00
  }, {
    "date" : "2025-10-29",
    "price" : 91.81,
    "dma50" : 95.23,
    "dma100" : 94.40,
    "dma200" : 89.93,
    "volume" : 486013.00
  }, {
    "date" : "2025-10-30",
    "price" : 90.16,
    "dma50" : 95.03,
    "dma100" : 94.44,
    "dma200" : 89.93,
    "volume" : 667083.00
  }, {
    "date" : "2025-10-31",
    "price" : 90.85,
    "dma50" : 94.87,
    "dma100" : 94.48,
    "dma200" : 89.94,
    "volume" : 582365.00
  }, {
    "date" : "2025-11-03",
    "price" : 92.03,
    "dma50" : 94.76,
    "dma100" : 94.53,
    "dma200" : 89.96,
    "volume" : 531490.00
  }, {
    "date" : "2025-11-04",
    "price" : 90.83,
    "dma50" : 94.60,
    "dma100" : 94.57,
    "dma200" : 89.97,
    "volume" : 398377.00
  }, {
    "date" : "2025-11-06",
    "price" : 88.03,
    "dma50" : 94.34,
    "dma100" : 94.60,
    "dma200" : 89.95,
    "volume" : 576885.00
  }, {
    "date" : "2025-11-07",
    "price" : 89.18,
    "dma50" : 94.14,
    "dma100" : 94.67,
    "dma200" : 89.94,
    "volume" : 458314.00
  }, {
    "date" : "2025-11-10",
    "price" : 87.70,
    "dma50" : 93.89,
    "dma100" : 94.73,
    "dma200" : 89.92,
    "volume" : 364912.00
  }, {
    "date" : "2025-11-11",
    "price" : 87.05,
    "dma50" : 93.62,
    "dma100" : 94.77,
    "dma200" : 89.89,
    "volume" : 440814.00
  }, {
    "date" : "2025-11-12",
    "price" : 88.85,
    "dma50" : 93.43,
    "dma100" : 94.84,
    "dma200" : 89.88,
    "volume" : 536785.00
  }, {
    "date" : "2025-11-13",
    "price" : 89.22,
    "dma50" : 93.27,
    "dma100" : 94.92,
    "dma200" : 89.88,
    "volume" : 408880.00
  }, {
    "date" : "2025-11-14",
    "price" : 89.75,
    "dma50" : 93.13,
    "dma100" : 94.96,
    "dma200" : 89.87,
    "volume" : 534082.00
  }, {
    "date" : "2025-11-17",
    "price" : 92.27,
    "dma50" : 93.10,
    "dma100" : 95.04,
    "dma200" : 89.90,
    "volume" : 1383408.00
  }, {
    "date" : "2025-11-18",
    "price" : 90.15,
    "dma50" : 92.98,
    "dma100" : 95.07,
    "dma200" : 89.90,
    "volume" : 642248.00
  }, {
    "date" : "2025-11-19",
    "price" : 88.58,
    "dma50" : 92.81,
    "dma100" : 95.07,
    "dma200" : 89.89,
    "volume" : 475735.00
  }, {
    "date" : "2025-11-20",
    "price" : 88.06,
    "dma50" : 92.62,
    "dma100" : 95.06,
    "dma200" : 89.87,
    "volume" : 244596.00
  }, {
    "date" : "2025-11-21",
    "price" : 87.24,
    "dma50" : 92.41,
    "dma100" : 95.04,
    "dma200" : 89.84,
    "volume" : 321841.00
  }, {
    "date" : "2025-11-24",
    "price" : 85.25,
    "dma50" : 92.13,
    "dma100" : 94.97,
    "dma200" : 89.80,
    "volume" : 504344.00
  }, {
    "date" : "2025-11-25",
    "price" : 84.73,
    "dma50" : 91.84,
    "dma100" : 94.89,
    "dma200" : 89.75,
    "volume" : 388143.00
  }, {
    "date" : "2025-11-26",
    "price" : 86.44,
    "dma50" : 91.63,
    "dma100" : 94.85,
    "dma200" : 89.71,
    "volume" : 336140.00
  }, {
    "date" : "2025-11-27",
    "price" : 86.42,
    "dma50" : 91.42,
    "dma100" : 94.82,
    "dma200" : 89.68,
    "volume" : 218757.00
  }, {
    "date" : "2025-11-28",
    "price" : 84.03,
    "dma50" : 91.13,
    "dma100" : 94.77,
    "dma200" : 89.63,
    "volume" : 475301.00
  } ],
  "latestTechnicalAttributes" : {
    "date" : "2025-11-28",
    "price" : 84.03,
    "dma50" : 91.13,
    "dma100" : 94.77,
    "dma200" : 89.63,
    "volume" : 475301.00
  },
  "quarterlyResults" : [ {
    "date" : "2005-03-31",
    "sales" : 420.62,
    "salesGrowthYoY" : null,
    "grossProfitMargin" : 24.81,
    "grossProfit" : 104.36,
    "operatingProfitMargin" : -7.77,
    "operatingProfit" : -32.68,
    "netProfitMargin" : -20.86,
    "netProfit" : -87.74
  }, {
    "date" : "2005-06-30",
    "sales" : 456.72,
    "salesGrowthYoY" : null,
    "grossProfitMargin" : 22.94,
    "grossProfit" : 104.77,
    "operatingProfitMargin" : 3.57,
    "operatingProfit" : 16.30,
    "netProfitMargin" : -9.02,
    "netProfit" : -41.20
  }, {
    "date" : "2005-09-30",
    "sales" : 633.90,
    "salesGrowthYoY" : null,
    "grossProfitMargin" : 25.76,
    "grossProfit" : 163.29,
    "operatingProfitMargin" : 7.96,
    "operatingProfit" : 50.46,
    "netProfitMargin" : -0.40,
    "netProfit" : -2.54
  }, {
    "date" : "2005-12-31",
    "sales" : 619.72,
    "salesGrowthYoY" : null,
    "grossProfitMargin" : 17.70,
    "grossProfit" : 109.69,
    "operatingProfitMargin" : 0.21,
    "operatingProfit" : 1.30,
    "netProfitMargin" : -8.95,
    "netProfit" : -55.46
  }, {
    "date" : "2006-03-31",
    "sales" : 343.86,
    "salesGrowthYoY" : -18.25,
    "grossProfitMargin" : 27.07,
    "grossProfit" : 93.08,
    "operatingProfitMargin" : -9.74,
    "operatingProfit" : -33.49,
    "netProfitMargin" : -31.72,
    "netProfit" : -109.07
  }, {
    "date" : "2006-06-30",
    "sales" : 558.12,
    "salesGrowthYoY" : 22.20,
    "grossProfitMargin" : 19.54,
    "grossProfit" : 109.06,
    "operatingProfitMargin" : -0.07,
    "operatingProfit" : -0.39,
    "netProfitMargin" : -10.65,
    "netProfit" : -59.44
  }, {
    "date" : "2006-09-30",
    "sales" : 675.91,
    "salesGrowthYoY" : 6.63,
    "grossProfitMargin" : 17.27,
    "grossProfit" : 116.73,
    "operatingProfitMargin" : -11.74,
    "operatingProfit" : -79.35,
    "netProfitMargin" : -18.22,
    "netProfit" : -123.15
  }, {
    "date" : "2006-12-31",
    "sales" : 528.87,
    "salesGrowthYoY" : -14.66,
    "grossProfitMargin" : 26.07,
    "grossProfit" : 137.88,
    "operatingProfitMargin" : 4.99,
    "operatingProfit" : 26.39,
    "netProfitMargin" : -8.37,
    "netProfit" : -44.27
  }, {
    "date" : "2007-03-31",
    "sales" : 410.35,
    "salesGrowthYoY" : 19.34,
    "grossProfitMargin" : 36.68,
    "grossProfit" : 150.52,
    "operatingProfitMargin" : 3.39,
    "operatingProfit" : 13.91,
    "netProfitMargin" : -13.77,
    "netProfit" : -56.51
  }, {
    "date" : "2007-06-30",
    "sales" : 138.31,
    "salesGrowthYoY" : -75.22,
    "grossProfitMargin" : 53.96,
    "grossProfit" : 74.63,
    "operatingProfitMargin" : 8.41,
    "operatingProfit" : 11.63,
    "netProfitMargin" : -45.61,
    "netProfit" : -63.08
  }, {
    "date" : "2007-09-30",
    "sales" : 150.62,
    "salesGrowthYoY" : -77.72,
    "grossProfitMargin" : 54.70,
    "grossProfit" : 82.39,
    "operatingProfitMargin" : -14.91,
    "operatingProfit" : -22.46,
    "netProfitMargin" : -51.13,
    "netProfit" : -77.01
  }, {
    "date" : "2007-12-31",
    "sales" : 150.15,
    "salesGrowthYoY" : -71.61,
    "grossProfitMargin" : 52.03,
    "grossProfit" : 78.12,
    "operatingProfitMargin" : -2.60,
    "operatingProfit" : -3.90,
    "netProfitMargin" : -52.63,
    "netProfit" : -79.02
  }, {
    "date" : "2008-03-31",
    "sales" : 130.98,
    "salesGrowthYoY" : -68.08,
    "grossProfitMargin" : 62.51,
    "grossProfit" : 81.88,
    "operatingProfitMargin" : -13.19,
    "operatingProfit" : -17.28,
    "netProfitMargin" : -123.22,
    "netProfit" : -161.39
  }, {
    "date" : "2008-06-30",
    "sales" : 103.90,
    "salesGrowthYoY" : -24.88,
    "grossProfitMargin" : 55.10,
    "grossProfit" : 57.25,
    "operatingProfitMargin" : -6.85,
    "operatingProfit" : -7.12,
    "netProfitMargin" : -93.66,
    "netProfit" : -97.31
  }, {
    "date" : "2008-09-30",
    "sales" : 126.29,
    "salesGrowthYoY" : -16.15,
    "grossProfitMargin" : 75.02,
    "grossProfit" : 94.74,
    "operatingProfitMargin" : -3.78,
    "operatingProfit" : -4.77,
    "netProfitMargin" : -66.12,
    "netProfit" : -83.50
  }, {
    "date" : "2008-12-31",
    "sales" : 98.56,
    "salesGrowthYoY" : -34.36,
    "grossProfitMargin" : 54.98,
    "grossProfit" : 54.19,
    "operatingProfitMargin" : -34.29,
    "operatingProfit" : -33.80,
    "netProfitMargin" : -121.91,
    "netProfit" : -120.15
  }, {
    "date" : "2009-03-31",
    "sales" : 69.47,
    "salesGrowthYoY" : -46.96,
    "grossProfitMargin" : 67.30,
    "grossProfit" : 46.75,
    "operatingProfitMargin" : -48.94,
    "operatingProfit" : -34.00,
    "netProfitMargin" : 59.72,
    "netProfit" : 41.49
  }, {
    "date" : "2009-06-30",
    "sales" : 102.95,
    "salesGrowthYoY" : -0.91,
    "grossProfitMargin" : 25.96,
    "grossProfit" : 26.73,
    "operatingProfitMargin" : 5.23,
    "operatingProfit" : 5.38,
    "netProfitMargin" : -38.86,
    "netProfit" : -40.01
  }, {
    "date" : "2009-09-30",
    "sales" : 110.28,
    "salesGrowthYoY" : -12.68,
    "grossProfitMargin" : 38.39,
    "grossProfit" : 42.34,
    "operatingProfitMargin" : -6.35,
    "operatingProfit" : -7.00,
    "netProfitMargin" : -36.50,
    "netProfit" : -40.25
  }, {
    "date" : "2009-12-31",
    "sales" : 134.19,
    "salesGrowthYoY" : 36.15,
    "grossProfitMargin" : 35.47,
    "grossProfit" : 47.60,
    "operatingProfitMargin" : 2.24,
    "operatingProfit" : 3.01,
    "netProfitMargin" : -11.14,
    "netProfit" : -14.95
  }, {
    "date" : "2010-03-31",
    "sales" : 119.90,
    "salesGrowthYoY" : 72.59,
    "grossProfitMargin" : 62.15,
    "grossProfit" : 74.52,
    "operatingProfitMargin" : 13.49,
    "operatingProfit" : 16.17,
    "netProfitMargin" : 11.33,
    "netProfit" : 13.58
  }, {
    "date" : "2010-06-30",
    "sales" : 104.54,
    "salesGrowthYoY" : 1.54,
    "grossProfitMargin" : 39.72,
    "grossProfit" : 41.52,
    "operatingProfitMargin" : -9.80,
    "operatingProfit" : -10.24,
    "netProfitMargin" : -32.42,
    "netProfit" : -33.89
  }, {
    "date" : "2010-09-30",
    "sales" : 164.15,
    "salesGrowthYoY" : 48.85,
    "grossProfitMargin" : 45.93,
    "grossProfit" : 75.39,
    "operatingProfitMargin" : 2.23,
    "operatingProfit" : 3.66,
    "netProfitMargin" : -12.79,
    "netProfit" : -20.99
  }, {
    "date" : "2010-12-31",
    "sales" : 611.72,
    "salesGrowthYoY" : 355.86,
    "grossProfitMargin" : 20.14,
    "grossProfit" : 123.20,
    "operatingProfitMargin" : 1.79,
    "operatingProfit" : 10.95,
    "netProfitMargin" : -2.91,
    "netProfit" : -17.80
  }, {
    "date" : "2011-03-31",
    "sales" : 867.67,
    "salesGrowthYoY" : 623.66,
    "grossProfitMargin" : 34.68,
    "grossProfit" : 300.91,
    "operatingProfitMargin" : 8.87,
    "operatingProfit" : 76.96,
    "netProfitMargin" : 5.63,
    "netProfit" : 48.85
  }, {
    "date" : "2011-06-30",
    "sales" : 973.21,
    "salesGrowthYoY" : 830.95,
    "grossProfitMargin" : 26.07,
    "grossProfit" : 253.72,
    "operatingProfitMargin" : 6.41,
    "operatingProfit" : 62.38,
    "netProfitMargin" : 3.79,
    "netProfit" : 36.88
  }, {
    "date" : "2011-09-30",
    "sales" : 1100.21,
    "salesGrowthYoY" : 570.25,
    "grossProfitMargin" : 25.69,
    "grossProfit" : 282.64,
    "operatingProfitMargin" : 8.70,
    "operatingProfit" : 95.72,
    "netProfitMargin" : -0.37,
    "netProfit" : -4.07
  }, {
    "date" : "2011-12-31",
    "sales" : 719.42,
    "salesGrowthYoY" : 17.61,
    "grossProfitMargin" : 14.59,
    "grossProfit" : 104.96,
    "operatingProfitMargin" : 4.82,
    "operatingProfit" : 34.68,
    "netProfitMargin" : -3.19,
    "netProfit" : -22.95
  }, {
    "date" : "2012-03-31",
    "sales" : 525.28,
    "salesGrowthYoY" : -39.46,
    "grossProfitMargin" : 13.37,
    "grossProfit" : 70.23,
    "operatingProfitMargin" : -0.71,
    "operatingProfit" : -3.73,
    "netProfitMargin" : -1.78,
    "netProfit" : -9.35
  }, {
    "date" : "2012-06-30",
    "sales" : 639.29,
    "salesGrowthYoY" : -34.31,
    "grossProfitMargin" : 11.60,
    "grossProfit" : 74.16,
    "operatingProfitMargin" : -3.57,
    "operatingProfit" : -22.82,
    "netProfitMargin" : -6.89,
    "netProfit" : -44.05
  }, {
    "date" : "2012-09-30",
    "sales" : 344.66,
    "salesGrowthYoY" : -68.67,
    "grossProfitMargin" : 19.52,
    "grossProfit" : 67.28,
    "operatingProfitMargin" : 12.63,
    "operatingProfit" : 43.53,
    "netProfitMargin" : -0.84,
    "netProfit" : -2.90
  }, {
    "date" : "2012-12-31",
    "sales" : 574.29,
    "salesGrowthYoY" : -20.17,
    "grossProfitMargin" : 10.37,
    "grossProfit" : 59.55,
    "operatingProfitMargin" : -0.47,
    "operatingProfit" : -2.70,
    "netProfitMargin" : -0.28,
    "netProfit" : -1.61
  }, {
    "date" : "2013-03-31",
    "sales" : 518.65,
    "salesGrowthYoY" : -1.26,
    "grossProfitMargin" : 12.51,
    "grossProfit" : 64.88,
    "operatingProfitMargin" : 2.34,
    "operatingProfit" : 12.14,
    "netProfitMargin" : -0.79,
    "netProfit" : -4.10
  }, {
    "date" : "2013-06-30",
    "sales" : 3.13,
    "salesGrowthYoY" : -99.51,
    "grossProfitMargin" : -39.94,
    "grossProfit" : -1.25,
    "operatingProfitMargin" : -605.75,
    "operatingProfit" : -18.96,
    "netProfitMargin" : -1564.22,
    "netProfit" : -48.96
  }, {
    "date" : "2013-09-30",
    "sales" : 647.07,
    "salesGrowthYoY" : 87.74,
    "grossProfitMargin" : 13.52,
    "grossProfit" : 87.48,
    "operatingProfitMargin" : 5.53,
    "operatingProfit" : 35.78,
    "netProfitMargin" : 1.57,
    "netProfit" : 10.16
  }, {
    "date" : "2013-12-31",
    "sales" : 285.15,
    "salesGrowthYoY" : -50.35,
    "grossProfitMargin" : 20.85,
    "grossProfit" : 59.45,
    "operatingProfitMargin" : 9.45,
    "operatingProfit" : 26.95,
    "netProfitMargin" : 6.18,
    "netProfit" : 17.62
  }, {
    "date" : "2014-03-31",
    "sales" : 410.13,
    "salesGrowthYoY" : -20.92,
    "grossProfitMargin" : 13.59,
    "grossProfit" : 55.74,
    "operatingProfitMargin" : 1.64,
    "operatingProfit" : 6.73,
    "netProfitMargin" : 0.57,
    "netProfit" : 2.34
  }, {
    "date" : "2014-06-30",
    "sales" : 781.12,
    "salesGrowthYoY" : 24855.91,
    "grossProfitMargin" : 12.77,
    "grossProfit" : 99.75,
    "operatingProfitMargin" : 5.12,
    "operatingProfit" : 39.99,
    "netProfitMargin" : 2.64,
    "netProfit" : 20.62
  }, {
    "date" : "2014-09-30",
    "sales" : 803.03,
    "salesGrowthYoY" : 24.10,
    "grossProfitMargin" : 15.19,
    "grossProfit" : 121.98,
    "operatingProfitMargin" : 6.55,
    "operatingProfit" : 52.60,
    "netProfitMargin" : 2.07,
    "netProfit" : 16.62
  }, {
    "date" : "2014-12-31",
    "sales" : 24.10,
    "salesGrowthYoY" : -91.55,
    "grossProfitMargin" : 18.67,
    "grossProfit" : 4.50,
    "operatingProfitMargin" : -101.20,
    "operatingProfit" : -24.39,
    "netProfitMargin" : -166.06,
    "netProfit" : -40.02
  }, {
    "date" : "2015-03-31",
    "sales" : 485.91,
    "salesGrowthYoY" : 18.48,
    "grossProfitMargin" : 18.04,
    "grossProfit" : 87.66,
    "operatingProfitMargin" : 4.99,
    "operatingProfit" : 24.25,
    "netProfitMargin" : 4.19,
    "netProfit" : 20.36
  }, {
    "date" : "2015-06-30",
    "sales" : 333.44,
    "salesGrowthYoY" : -57.31,
    "grossProfitMargin" : 15.28,
    "grossProfit" : 50.95,
    "operatingProfitMargin" : 1.42,
    "operatingProfit" : 4.73,
    "netProfitMargin" : -5.31,
    "netProfit" : -17.71
  }, {
    "date" : "2015-09-30",
    "sales" : 516.74,
    "salesGrowthYoY" : -35.65,
    "grossProfitMargin" : 19.08,
    "grossProfit" : 98.59,
    "operatingProfitMargin" : 6.85,
    "operatingProfit" : 35.40,
    "netProfitMargin" : 2.62,
    "netProfit" : 13.54
  }, {
    "date" : "2015-12-31",
    "sales" : 562.02,
    "salesGrowthYoY" : 2232.03,
    "grossProfitMargin" : 24.01,
    "grossProfit" : 134.94,
    "operatingProfitMargin" : 6.42,
    "operatingProfit" : 36.08,
    "netProfitMargin" : 3.27,
    "netProfit" : 18.38
  }, {
    "date" : "2016-03-31",
    "sales" : 425.72,
    "salesGrowthYoY" : -12.39,
    "grossProfitMargin" : 16.89,
    "grossProfit" : 71.90,
    "operatingProfitMargin" : 0.65,
    "operatingProfit" : 2.77,
    "netProfitMargin" : 0.37,
    "netProfit" : 1.58
  }, {
    "date" : "2016-06-30",
    "sales" : 277.24,
    "salesGrowthYoY" : -16.85,
    "grossProfitMargin" : 27.10,
    "grossProfit" : 75.13,
    "operatingProfitMargin" : 0.60,
    "operatingProfit" : 1.66,
    "netProfitMargin" : -2.72,
    "netProfit" : -7.54
  }, {
    "date" : "2016-09-30",
    "sales" : 490.48,
    "salesGrowthYoY" : -5.08,
    "grossProfitMargin" : 22.04,
    "grossProfit" : 108.10,
    "operatingProfitMargin" : 5.56,
    "operatingProfit" : 27.27,
    "netProfitMargin" : 4.45,
    "netProfit" : 21.83
  }, {
    "date" : "2016-12-31",
    "sales" : 427.01,
    "salesGrowthYoY" : -24.02,
    "grossProfitMargin" : 21.29,
    "grossProfit" : 90.91,
    "operatingProfitMargin" : 2.88,
    "operatingProfit" : 12.30,
    "netProfitMargin" : 0.82,
    "netProfit" : 3.50
  }, {
    "date" : "2017-03-31",
    "sales" : 304.29,
    "salesGrowthYoY" : -28.52,
    "grossProfitMargin" : 26.92,
    "grossProfit" : 81.91,
    "operatingProfitMargin" : 4.19,
    "operatingProfit" : 12.75,
    "netProfitMargin" : 2.82,
    "netProfit" : 8.58
  }, {
    "date" : "2017-06-30",
    "sales" : 462.34,
    "salesGrowthYoY" : 66.77,
    "grossProfitMargin" : 22.53,
    "grossProfit" : 104.17,
    "operatingProfitMargin" : 2.84,
    "operatingProfit" : 13.13,
    "netProfitMargin" : 0.74,
    "netProfit" : 3.42
  }, {
    "date" : "2017-09-30",
    "sales" : 608.01,
    "salesGrowthYoY" : 23.96,
    "grossProfitMargin" : 24.98,
    "grossProfit" : 151.88,
    "operatingProfitMargin" : 6.62,
    "operatingProfit" : 40.25,
    "netProfitMargin" : 1.16,
    "netProfit" : 7.05
  }, {
    "date" : "2017-12-31",
    "sales" : 527.49,
    "salesGrowthYoY" : 23.53,
    "grossProfitMargin" : 19.62,
    "grossProfit" : 103.49,
    "operatingProfitMargin" : 5.46,
    "operatingProfit" : 28.80,
    "netProfitMargin" : 3.31,
    "netProfit" : 17.46
  }, {
    "date" : "2018-03-31",
    "sales" : 395.78,
    "salesGrowthYoY" : 30.07,
    "grossProfitMargin" : 26.21,
    "grossProfit" : 103.73,
    "operatingProfitMargin" : 7.25,
    "operatingProfit" : 28.69,
    "netProfitMargin" : 1.72,
    "netProfit" : 6.81
  }, {
    "date" : "2018-06-30",
    "sales" : 574.81,
    "salesGrowthYoY" : 24.33,
    "grossProfitMargin" : 16.47,
    "grossProfit" : 94.67,
    "operatingProfitMargin" : 2.09,
    "operatingProfit" : 12.01,
    "netProfitMargin" : -0.10,
    "netProfit" : -0.57
  }, {
    "date" : "2018-09-30",
    "sales" : 872.32,
    "salesGrowthYoY" : 43.47,
    "grossProfitMargin" : 14.76,
    "grossProfit" : 128.75,
    "operatingProfitMargin" : 3.22,
    "operatingProfit" : 28.09,
    "netProfitMargin" : 1.87,
    "netProfit" : 16.31
  }, {
    "date" : "2018-12-31",
    "sales" : 688.71,
    "salesGrowthYoY" : 30.56,
    "grossProfitMargin" : 16.45,
    "grossProfit" : 113.29,
    "operatingProfitMargin" : 4.97,
    "operatingProfit" : 34.23,
    "netProfitMargin" : 3.06,
    "netProfit" : 21.07
  }, {
    "date" : "2019-03-31",
    "sales" : 456.12,
    "salesGrowthYoY" : 15.25,
    "grossProfitMargin" : 20.70,
    "grossProfit" : 94.42,
    "operatingProfitMargin" : 5.55,
    "operatingProfit" : 25.31,
    "netProfitMargin" : 3.62,
    "netProfit" : 16.51
  }, {
    "date" : "2019-06-30",
    "sales" : 554.23,
    "salesGrowthYoY" : -3.58,
    "grossProfitMargin" : 18.58,
    "grossProfit" : 102.98,
    "operatingProfitMargin" : 5.99,
    "operatingProfit" : 33.20,
    "netProfitMargin" : 2.64,
    "netProfit" : 14.63
  }, {
    "date" : "2019-09-30",
    "sales" : 627.64,
    "salesGrowthYoY" : -28.05,
    "grossProfitMargin" : 16.30,
    "grossProfit" : 102.31,
    "operatingProfitMargin" : 4.31,
    "operatingProfit" : 27.05,
    "netProfitMargin" : 1.43,
    "netProfit" : 8.98
  }, {
    "date" : "2019-12-31",
    "sales" : 382.21,
    "salesGrowthYoY" : -44.50,
    "grossProfitMargin" : 19.28,
    "grossProfit" : 73.69,
    "operatingProfitMargin" : 4.25,
    "operatingProfit" : 16.24,
    "netProfitMargin" : 1.27,
    "netProfit" : 4.85
  }, {
    "date" : "2020-03-31",
    "sales" : 515.11,
    "salesGrowthYoY" : 12.93,
    "grossProfitMargin" : 21.57,
    "grossProfit" : 111.11,
    "operatingProfitMargin" : 7.05,
    "operatingProfit" : 36.32,
    "netProfitMargin" : 5.54,
    "netProfit" : 28.54
  }, {
    "date" : "2020-06-30",
    "sales" : 320.20,
    "salesGrowthYoY" : -42.23,
    "grossProfitMargin" : 25.76,
    "grossProfit" : 82.48,
    "operatingProfitMargin" : 4.72,
    "operatingProfit" : 15.11,
    "netProfitMargin" : 0.87,
    "netProfit" : 2.79
  }, {
    "date" : "2020-09-30",
    "sales" : 429.36,
    "salesGrowthYoY" : -31.59,
    "grossProfitMargin" : 22.45,
    "grossProfit" : 96.39,
    "operatingProfitMargin" : 3.34,
    "operatingProfit" : 14.34,
    "netProfitMargin" : 0.95,
    "netProfit" : 4.08
  }, {
    "date" : "2020-12-31",
    "sales" : 426.72,
    "salesGrowthYoY" : 11.65,
    "grossProfitMargin" : 19.01,
    "grossProfit" : 81.12,
    "operatingProfitMargin" : 3.14,
    "operatingProfit" : 13.40,
    "netProfitMargin" : 0.58,
    "netProfit" : 2.47
  }, {
    "date" : "2021-03-31",
    "sales" : 350.72,
    "salesGrowthYoY" : -31.91,
    "grossProfitMargin" : 25.29,
    "grossProfit" : 88.70,
    "operatingProfitMargin" : 7.87,
    "operatingProfit" : 27.60,
    "netProfitMargin" : 12.12,
    "netProfit" : 42.51
  }, {
    "date" : "2021-06-30",
    "sales" : 498.76,
    "salesGrowthYoY" : 55.77,
    "grossProfitMargin" : 23.98,
    "grossProfit" : 119.60,
    "operatingProfitMargin" : 8.64,
    "operatingProfit" : 43.09,
    "netProfitMargin" : 5.55,
    "netProfit" : 27.68
  }, {
    "date" : "2021-09-30",
    "sales" : 615.50,
    "salesGrowthYoY" : 43.35,
    "grossProfitMargin" : 25.33,
    "grossProfit" : 155.91,
    "operatingProfitMargin" : 12.11,
    "operatingProfit" : 74.54,
    "netProfitMargin" : 8.71,
    "netProfit" : 53.61
  }, {
    "date" : "2021-12-31",
    "sales" : 492.49,
    "salesGrowthYoY" : 15.41,
    "grossProfitMargin" : 27.31,
    "grossProfit" : 134.50,
    "operatingProfitMargin" : 12.89,
    "operatingProfit" : 63.48,
    "netProfitMargin" : 10.44,
    "netProfit" : 51.42
  }, {
    "date" : "2022-03-31",
    "sales" : 268.17,
    "salesGrowthYoY" : -23.54,
    "grossProfitMargin" : 24.74,
    "grossProfit" : 66.35,
    "operatingProfitMargin" : -2.03,
    "operatingProfit" : -5.44,
    "netProfitMargin" : 2.86,
    "netProfit" : 7.67
  }, {
    "date" : "2022-06-30",
    "sales" : 750.62,
    "salesGrowthYoY" : 50.50,
    "grossProfitMargin" : 22.40,
    "grossProfit" : 168.14,
    "operatingProfitMargin" : 11.05,
    "operatingProfit" : 82.94,
    "netProfitMargin" : 8.91,
    "netProfit" : 66.88
  }, {
    "date" : "2022-09-30",
    "sales" : 708.06,
    "salesGrowthYoY" : 15.04,
    "grossProfitMargin" : 30.22,
    "grossProfit" : 213.98,
    "operatingProfitMargin" : 17.25,
    "operatingProfit" : 122.14,
    "netProfitMargin" : 15.38,
    "netProfit" : 108.90
  }, {
    "date" : "2022-12-31",
    "sales" : 698.62,
    "salesGrowthYoY" : 41.85,
    "grossProfitMargin" : 26.16,
    "grossProfit" : 182.76,
    "operatingProfitMargin" : 13.94,
    "operatingProfit" : 97.39,
    "netProfitMargin" : 12.19,
    "netProfit" : 85.16
  }, {
    "date" : "2023-03-31",
    "sales" : 671.52,
    "salesGrowthYoY" : 150.41,
    "grossProfitMargin" : 20.52,
    "grossProfit" : 137.80,
    "operatingProfitMargin" : 7.64,
    "operatingProfit" : 51.30,
    "netProfitMargin" : 3.50,
    "netProfit" : 23.50
  }, {
    "date" : "2023-06-30",
    "sales" : 568.94,
    "salesGrowthYoY" : -24.20,
    "grossProfitMargin" : 28.30,
    "grossProfit" : 161.01,
    "operatingProfitMargin" : 14.38,
    "operatingProfit" : 81.81,
    "netProfitMargin" : 7.73,
    "netProfit" : 43.98
  }, {
    "date" : "2023-09-30",
    "sales" : 743.64,
    "salesGrowthYoY" : 5.02,
    "grossProfitMargin" : 28.16,
    "grossProfit" : 209.41,
    "operatingProfitMargin" : 11.41,
    "operatingProfit" : 84.85,
    "netProfitMargin" : 6.06,
    "netProfit" : 45.06
  }, {
    "date" : "2023-12-31",
    "sales" : 506.40,
    "salesGrowthYoY" : -27.51,
    "grossProfitMargin" : 26.09,
    "grossProfit" : 132.12,
    "operatingProfitMargin" : 11.05,
    "operatingProfit" : 55.96,
    "netProfitMargin" : 5.54,
    "netProfit" : 28.05
  }, {
    "date" : "2024-03-31",
    "sales" : 124.88,
    "salesGrowthYoY" : -81.40,
    "grossProfitMargin" : 44.15,
    "grossProfit" : 55.13,
    "operatingProfitMargin" : 21.50,
    "operatingProfit" : 26.85,
    "netProfitMargin" : 15.56,
    "netProfit" : 19.43
  }, {
    "date" : "2024-06-30",
    "sales" : 754.34,
    "salesGrowthYoY" : 32.59,
    "grossProfitMargin" : 25.19,
    "grossProfit" : 190.02,
    "operatingProfitMargin" : 13.04,
    "operatingProfit" : 98.37,
    "netProfitMargin" : 6.81,
    "netProfit" : 51.37
  }, {
    "date" : "2024-09-30",
    "sales" : 759.58,
    "salesGrowthYoY" : 2.14,
    "grossProfitMargin" : 24.46,
    "grossProfit" : 185.79,
    "operatingProfitMargin" : 8.79,
    "operatingProfit" : 66.77,
    "netProfitMargin" : 4.08,
    "netProfit" : 30.99
  }, {
    "date" : "2024-12-31",
    "sales" : 818.04,
    "salesGrowthYoY" : 61.54,
    "grossProfitMargin" : 21.98,
    "grossProfit" : 179.81,
    "operatingProfitMargin" : 9.72,
    "operatingProfit" : 79.51,
    "netProfitMargin" : 4.33,
    "netProfit" : 35.42
  }, {
    "date" : "2025-03-31",
    "sales" : 754.37,
    "salesGrowthYoY" : 504.08,
    "grossProfitMargin" : 19.29,
    "grossProfit" : 145.52,
    "operatingProfitMargin" : 4.88,
    "operatingProfit" : 36.81,
    "netProfitMargin" : 1.74,
    "netProfit" : 13.13
  }, {
    "date" : "2025-06-30",
    "sales" : 780.63,
    "salesGrowthYoY" : 3.49,
    "grossProfitMargin" : 26.12,
    "grossProfit" : 203.90,
    "operatingProfitMargin" : 11.95,
    "operatingProfit" : 93.29,
    "netProfitMargin" : 7.46,
    "netProfit" : 58.23
  }, {
    "date" : "2025-09-30",
    "sales" : 817.29,
    "salesGrowthYoY" : 7.60,
    "grossProfitMargin" : 24.51,
    "grossProfit" : 200.32,
    "operatingProfitMargin" : 9.41,
    "operatingProfit" : 76.91,
    "netProfitMargin" : 6.50,
    "netProfit" : 53.12
  } ],
  "latestQuarterlyResult" : {
    "date" : "2025-09-30",
    "sales" : 817.29,
    "salesGrowthYoY" : 7.60,
    "grossProfitMargin" : 24.51,
    "grossProfit" : 200.32,
    "operatingProfitMargin" : 9.41,
    "operatingProfit" : 76.91,
    "netProfitMargin" : 6.50,
    "netProfit" : 53.12
  },
  "companyScore" : {
    "priceHigherThanDma50" : 0.00,
    "priceHigherThanDma100" : 0.00,
    "priceHigherThanDma200" : 0.00,
    "dma50HigherThanDma100" : 0.00,
    "dma50HigherThanDma200" : 5.00,
    "dma100HigherThanDma200" : 5.00,
    "pricePercentageAboveDma50" : 5.39,
    "pricePercentageAboveDma100" : 5.57,
    "pricePercentageAboveDma200" : 5.31,
    "weeklyVolumeHigherThanYearlyVolume" : 0.00,
    "salesGrowthPercentile" : 11.14,
    "operatingProfitMarginPercentile" : 19.61,
    "netProfitMarginPercentile" : 9.67,
    "totalTechnicalScore" : 26.27,
    "totalFundamentalScore" : 40.43,
    "totalScore" : 66.69
  }
}