{
  "metadata" : {
    "screenerCompanyId" : "3108",
    "companyCode" : "SRF",
    "companyName" : "SRF",
    "screenerCompanyLink" : "https://www.screener.in/company/SRF",
    "screenerTechnicalHistoryLink" : "https://www.screener.in/api/company/3108/chart/?q=Price-DMA50-DMA200-Volume&days=365",
    "screenerQuarterlyResultsLink" : "https://www.screener.in/api/company/3108/chart/?q=GPM-OPM-NPM-Quarter+Sales&days=10000",
    "attributes" : {
      "companyCode" : "SRF",
      "companyName" : "SRF",
      "marketCap" : 83882.00,
      "peRatio" : 54.00,
      "description" : "Incorporated in 1970, SRF Ltd manufactures and sells technical textiles, chemicals, packaging films, aluminum foils, and other polymers[1]"
    },
    "companyScore" : {
      "priceHigherThanDma50" : 0.00,
      "priceHigherThanDma100" : 0.00,
      "priceHigherThanDma200" : 0.00,
      "dma50HigherThanDma100" : 0.00,
      "dma50HigherThanDma200" : 5.00,
      "dma100HigherThanDma200" : 5.00,
      "pricePercentageAboveDma50" : 5.15,
      "pricePercentageAboveDma100" : 5.23,
      "pricePercentageAboveDma200" : 5.11,
      "weeklyVolumeHigherThanYearlyVolume" : 5.00,
      "salesGrowthPercentile" : 9.11,
      "operatingProfitMarginPercentile" : 13.01,
      "netProfitMarginPercentile" : 6.39,
      "totalTechnicalScore" : 30.49,
      "totalFundamentalScore" : 28.51,
      "totalScore" : 59.00
    }
  },
  "attributes" : {
    "companyCode" : "SRF",
    "companyName" : "SRF",
    "marketCap" : 83882.00,
    "peRatio" : 54.00,
    "description" : "Incorporated in 1970, SRF Ltd manufactures and sells technical textiles, chemicals, packaging films, aluminum foils, and other polymers[1]"
  },
  "technicalHistory" : [ {
    "date" : "2024-12-04",
    "price" : 2333.70,
    "dma50" : 2304.70,
    "dma100" : null,
    "dma200" : 2376.59,
    "volume" : 469988.00
  }, {
    "date" : "2024-12-05",
    "price" : 2319.75,
    "dma50" : 2305.29,
    "dma100" : null,
    "dma200" : 2376.02,
    "volume" : 182711.00
  }, {
    "date" : "2024-12-06",
    "price" : 2294.70,
    "dma50" : 2304.87,
    "dma100" : null,
    "dma200" : 2375.21,
    "volume" : 208515.00
  }, {
    "date" : "2024-12-09",
    "price" : 2302.35,
    "dma50" : 2304.77,
    "dma100" : null,
    "dma200" : 2374.49,
    "volume" : 399195.00
  }, {
    "date" : "2024-12-10",
    "price" : 2343.60,
    "dma50" : 2306.30,
    "dma100" : null,
    "dma200" : 2374.18,
    "volume" : 566720.00
  }, {
    "date" : "2024-12-11",
    "price" : 2336.45,
    "dma50" : 2307.48,
    "dma100" : null,
    "dma200" : 2373.81,
    "volume" : 104120.00
  }, {
    "date" : "2024-12-12",
    "price" : 2298.80,
    "dma50" : 2307.14,
    "dma100" : null,
    "dma200" : 2373.06,
    "volume" : 327793.00
  }, {
    "date" : "2024-12-13",
    "price" : 2296.70,
    "dma50" : 2306.73,
    "dma100" : null,
    "dma200" : 2372.30,
    "volume" : 625485.00
  }, {
    "date" : "2024-12-16",
    "price" : 2306.45,
    "dma50" : 2306.72,
    "dma100" : null,
    "dma200" : 2371.64,
    "volume" : 112094.00
  }, {
    "date" : "2024-12-17",
    "price" : 2280.00,
    "dma50" : 2305.67,
    "dma100" : null,
    "dma200" : 2370.73,
    "volume" : 517667.00
  }, {
    "date" : "2024-12-18",
    "price" : 2272.05,
    "dma50" : 2304.35,
    "dma100" : null,
    "dma200" : 2369.75,
    "volume" : 169772.00
  }, {
    "date" : "2024-12-19",
    "price" : 2283.95,
    "dma50" : 2303.55,
    "dma100" : null,
    "dma200" : 2368.90,
    "volume" : 299645.00
  }, {
    "date" : "2024-12-20",
    "price" : 2277.60,
    "dma50" : 2302.53,
    "dma100" : null,
    "dma200" : 2367.99,
    "volume" : 730703.00
  }, {
    "date" : "2024-12-23",
    "price" : 2286.55,
    "dma50" : 2301.91,
    "dma100" : null,
    "dma200" : 2367.18,
    "volume" : 399305.00
  }, {
    "date" : "2024-12-24",
    "price" : 2277.85,
    "dma50" : 2300.96,
    "dma100" : null,
    "dma200" : 2366.29,
    "volume" : 311924.00
  }, {
    "date" : "2024-12-26",
    "price" : 2262.15,
    "dma50" : 2299.44,
    "dma100" : null,
    "dma200" : 2365.25,
    "volume" : 153339.00
  }, {
    "date" : "2024-12-27",
    "price" : 2264.45,
    "dma50" : 2298.07,
    "dma100" : null,
    "dma200" : 2364.25,
    "volume" : 150747.00
  }, {
    "date" : "2024-12-30",
    "price" : 2255.15,
    "dma50" : 2296.39,
    "dma100" : null,
    "dma200" : 2363.16,
    "volume" : 932575.00
  }, {
    "date" : "2024-12-31",
    "price" : 2237.95,
    "dma50" : 2294.09,
    "dma100" : null,
    "dma200" : 2361.92,
    "volume" : 229460.00
  }, {
    "date" : "2025-01-01",
    "price" : 2211.30,
    "dma50" : 2290.85,
    "dma100" : null,
    "dma200" : 2360.42,
    "volume" : 138390.00
  }, {
    "date" : "2025-01-02",
    "price" : 2224.75,
    "dma50" : 2288.26,
    "dma100" : null,
    "dma200" : 2359.07,
    "volume" : 133562.00
  }, {
    "date" : "2025-01-03",
    "price" : 2284.90,
    "dma50" : 2288.12,
    "dma100" : null,
    "dma200" : 2358.33,
    "volume" : 508743.00
  }, {
    "date" : "2025-01-06",
    "price" : 2277.45,
    "dma50" : 2287.71,
    "dma100" : null,
    "dma200" : 2357.53,
    "volume" : 592921.00
  }, {
    "date" : "2025-01-07",
    "price" : 2308.45,
    "dma50" : 2288.52,
    "dma100" : null,
    "dma200" : 2357.04,
    "volume" : 516184.00
  }, {
    "date" : "2025-01-08",
    "price" : 2350.95,
    "dma50" : 2290.97,
    "dma100" : null,
    "dma200" : 2356.98,
    "volume" : 989877.00
  }, {
    "date" : "2025-01-09",
    "price" : 2673.90,
    "dma50" : 2305.98,
    "dma100" : null,
    "dma200" : 2360.13,
    "volume" : 10557487.00
  }, {
    "date" : "2025-01-10",
    "price" : 2601.10,
    "dma50" : 2317.56,
    "dma100" : null,
    "dma200" : 2362.53,
    "volume" : 2204442.00
  }, {
    "date" : "2025-01-13",
    "price" : 2516.00,
    "dma50" : 2325.34,
    "dma100" : null,
    "dma200" : 2364.06,
    "volume" : 803053.00
  }, {
    "date" : "2025-01-14",
    "price" : 2509.75,
    "dma50" : 2332.57,
    "dma100" : null,
    "dma200" : 2365.51,
    "volume" : 302220.00
  }, {
    "date" : "2025-01-15",
    "price" : 2491.70,
    "dma50" : 2338.81,
    "dma100" : null,
    "dma200" : 2366.76,
    "volume" : 317484.00
  }, {
    "date" : "2025-01-16",
    "price" : 2583.80,
    "dma50" : 2348.42,
    "dma100" : null,
    "dma200" : 2368.92,
    "volume" : 453626.00
  }, {
    "date" : "2025-01-17",
    "price" : 2606.45,
    "dma50" : 2358.54,
    "dma100" : null,
    "dma200" : 2371.28,
    "volume" : 556168.00
  }, {
    "date" : "2025-01-20",
    "price" : 2612.10,
    "dma50" : 2368.48,
    "dma100" : null,
    "dma200" : 2373.68,
    "volume" : 425254.00
  }, {
    "date" : "2025-01-21",
    "price" : 2575.15,
    "dma50" : 2376.59,
    "dma100" : null,
    "dma200" : 2375.69,
    "volume" : 339988.00
  }, {
    "date" : "2025-01-22",
    "price" : 2523.15,
    "dma50" : 2382.33,
    "dma100" : null,
    "dma200" : 2377.15,
    "volume" : 489803.00
  }, {
    "date" : "2025-01-23",
    "price" : 2596.75,
    "dma50" : 2390.74,
    "dma100" : null,
    "dma200" : 2379.34,
    "volume" : 454716.00
  }, {
    "date" : "2025-01-24",
    "price" : 2583.95,
    "dma50" : 2398.32,
    "dma100" : null,
    "dma200" : 2381.37,
    "volume" : 262051.00
  }, {
    "date" : "2025-01-27",
    "price" : 2570.40,
    "dma50" : 2405.07,
    "dma100" : null,
    "dma200" : 2383.25,
    "volume" : 657980.00
  }, {
    "date" : "2025-01-28",
    "price" : 2600.20,
    "dma50" : 2412.72,
    "dma100" : null,
    "dma200" : 2385.41,
    "volume" : 783161.00
  }, {
    "date" : "2025-01-29",
    "price" : 2664.85,
    "dma50" : 2422.61,
    "dma100" : null,
    "dma200" : 2388.19,
    "volume" : 941976.00
  }, {
    "date" : "2025-01-30",
    "price" : 2831.15,
    "dma50" : 2438.63,
    "dma100" : null,
    "dma200" : 2392.60,
    "volume" : 3359909.00
  }, {
    "date" : "2025-01-31",
    "price" : 2809.85,
    "dma50" : 2453.19,
    "dma100" : null,
    "dma200" : 2396.75,
    "volume" : 1693985.00
  }, {
    "date" : "2025-02-01",
    "price" : 2826.05,
    "dma50" : 2467.81,
    "dma100" : null,
    "dma200" : 2401.02,
    "volume" : 418089.00
  }, {
    "date" : "2025-02-03",
    "price" : 2942.70,
    "dma50" : 2486.43,
    "dma100" : null,
    "dma200" : 2406.41,
    "volume" : 2515461.00
  }, {
    "date" : "2025-02-04",
    "price" : 2970.25,
    "dma50" : 2505.40,
    "dma100" : null,
    "dma200" : 2412.02,
    "volume" : 1191995.00
  }, {
    "date" : "2025-02-05",
    "price" : 2958.75,
    "dma50" : 2523.18,
    "dma100" : null,
    "dma200" : 2417.46,
    "volume" : 569001.00
  }, {
    "date" : "2025-02-06",
    "price" : 2894.30,
    "dma50" : 2537.74,
    "dma100" : null,
    "dma200" : 2422.21,
    "volume" : 501561.00
  }, {
    "date" : "2025-02-07",
    "price" : 2879.95,
    "dma50" : 2551.16,
    "dma100" : null,
    "dma200" : 2426.76,
    "volume" : 330178.00
  }, {
    "date" : "2025-02-10",
    "price" : 2856.05,
    "dma50" : 2563.11,
    "dma100" : null,
    "dma200" : 2431.04,
    "volume" : 352844.00
  }, {
    "date" : "2025-02-11",
    "price" : 2812.15,
    "dma50" : 2572.88,
    "dma100" : null,
    "dma200" : 2434.83,
    "volume" : 413138.00
  }, {
    "date" : "2025-02-12",
    "price" : 2828.35,
    "dma50" : 2582.90,
    "dma100" : null,
    "dma200" : 2438.74,
    "volume" : 774060.00
  }, {
    "date" : "2025-02-13",
    "price" : 2841.45,
    "dma50" : 2593.04,
    "dma100" : null,
    "dma200" : 2442.75,
    "volume" : 590457.00
  }, {
    "date" : "2025-02-14",
    "price" : 2752.25,
    "dma50" : 2599.28,
    "dma100" : null,
    "dma200" : 2445.83,
    "volume" : 694470.00
  }, {
    "date" : "2025-02-17",
    "price" : 2747.80,
    "dma50" : 2605.11,
    "dma100" : null,
    "dma200" : 2448.83,
    "volume" : 320343.00
  }, {
    "date" : "2025-02-18",
    "price" : 2741.10,
    "dma50" : 2610.44,
    "dma100" : null,
    "dma200" : 2451.74,
    "volume" : 298719.00
  }, {
    "date" : "2025-02-19",
    "price" : 2728.00,
    "dma50" : 2615.05,
    "dma100" : null,
    "dma200" : 2454.49,
    "volume" : 241516.00
  }, {
    "date" : "2025-02-20",
    "price" : 2795.90,
    "dma50" : 2622.14,
    "dma100" : null,
    "dma200" : 2457.89,
    "volume" : 358693.00
  }, {
    "date" : "2025-02-21",
    "price" : 2778.90,
    "dma50" : 2628.29,
    "dma100" : null,
    "dma200" : 2461.08,
    "volume" : 430434.00
  }, {
    "date" : "2025-02-24",
    "price" : 2759.35,
    "dma50" : 2633.43,
    "dma100" : null,
    "dma200" : 2464.05,
    "volume" : 370037.00
  }, {
    "date" : "2025-02-25",
    "price" : 2768.05,
    "dma50" : 2638.71,
    "dma100" : null,
    "dma200" : 2467.08,
    "volume" : 516349.00
  }, {
    "date" : "2025-02-27",
    "price" : 2854.00,
    "dma50" : 2647.15,
    "dma100" : null,
    "dma200" : 2470.93,
    "volume" : 1534533.00
  }, {
    "date" : "2025-02-28",
    "price" : 2795.40,
    "dma50" : 2652.96,
    "dma100" : null,
    "dma200" : 2474.15,
    "volume" : 1021054.00
  }, {
    "date" : "2025-03-03",
    "price" : 2826.70,
    "dma50" : 2659.78,
    "dma100" : null,
    "dma200" : 2477.66,
    "volume" : 452831.00
  }, {
    "date" : "2025-03-04",
    "price" : 2853.30,
    "dma50" : 2667.37,
    "dma100" : null,
    "dma200" : 2481.40,
    "volume" : 516244.00
  }, {
    "date" : "2025-03-05",
    "price" : 2844.85,
    "dma50" : 2674.33,
    "dma100" : null,
    "dma200" : 2485.02,
    "volume" : 546141.00
  }, {
    "date" : "2025-03-06",
    "price" : 2851.60,
    "dma50" : 2681.28,
    "dma100" : null,
    "dma200" : 2488.66,
    "volume" : 414864.00
  }, {
    "date" : "2025-03-07",
    "price" : 2935.35,
    "dma50" : 2691.24,
    "dma100" : null,
    "dma200" : 2493.11,
    "volume" : 1436536.00
  }, {
    "date" : "2025-03-10",
    "price" : 2938.15,
    "dma50" : 2700.92,
    "dma100" : null,
    "dma200" : 2497.54,
    "volume" : 874265.00
  }, {
    "date" : "2025-03-11",
    "price" : 2921.25,
    "dma50" : 2709.56,
    "dma100" : null,
    "dma200" : 2501.75,
    "volume" : 794759.00
  }, {
    "date" : "2025-03-12",
    "price" : 2958.60,
    "dma50" : 2719.33,
    "dma100" : null,
    "dma200" : 2506.30,
    "volume" : 763010.00
  }, {
    "date" : "2025-03-13",
    "price" : 2951.80,
    "dma50" : 2728.45,
    "dma100" : null,
    "dma200" : 2510.73,
    "volume" : 528981.00
  }, {
    "date" : "2025-03-17",
    "price" : 3011.30,
    "dma50" : 2739.54,
    "dma100" : null,
    "dma200" : 2515.71,
    "volume" : 895451.00
  }, {
    "date" : "2025-03-18",
    "price" : 2989.90,
    "dma50" : 2749.36,
    "dma100" : null,
    "dma200" : 2520.43,
    "volume" : 580118.00
  }, {
    "date" : "2025-03-19",
    "price" : 3005.35,
    "dma50" : 2759.40,
    "dma100" : null,
    "dma200" : 2525.26,
    "volume" : 695628.00
  }, {
    "date" : "2025-03-20",
    "price" : 2993.10,
    "dma50" : 2768.56,
    "dma100" : null,
    "dma200" : 2529.91,
    "volume" : 687050.00
  }, {
    "date" : "2025-03-21",
    "price" : 3024.35,
    "dma50" : 2778.59,
    "dma100" : null,
    "dma200" : 2534.83,
    "volume" : 738162.00
  }, {
    "date" : "2025-03-24",
    "price" : 2991.35,
    "dma50" : 2786.94,
    "dma100" : null,
    "dma200" : 2539.37,
    "volume" : 478159.00
  }, {
    "date" : "2025-03-25",
    "price" : 2945.65,
    "dma50" : 2793.16,
    "dma100" : null,
    "dma200" : 2543.42,
    "volume" : 577183.00
  }, {
    "date" : "2025-03-26",
    "price" : 2893.90,
    "dma50" : 2797.11,
    "dma100" : null,
    "dma200" : 2546.90,
    "volume" : 797030.00
  }, {
    "date" : "2025-03-27",
    "price" : 2946.45,
    "dma50" : 2802.97,
    "dma100" : null,
    "dma200" : 2550.88,
    "volume" : 896722.00
  }, {
    "date" : "2025-03-28",
    "price" : 2939.15,
    "dma50" : 2808.31,
    "dma100" : null,
    "dma200" : 2554.74,
    "volume" : 305675.00
  }, {
    "date" : "2025-04-01",
    "price" : 2879.50,
    "dma50" : 2811.10,
    "dma100" : null,
    "dma200" : 2557.97,
    "volume" : 617660.00
  }, {
    "date" : "2025-04-02",
    "price" : 2981.60,
    "dma50" : 2817.79,
    "dma100" : null,
    "dma200" : 2562.19,
    "volume" : 931742.00
  }, {
    "date" : "2025-04-03",
    "price" : 2901.20,
    "dma50" : 2821.06,
    "dma100" : null,
    "dma200" : 2565.56,
    "volume" : 1416422.00
  }, {
    "date" : "2025-04-04",
    "price" : 2854.85,
    "dma50" : 2822.38,
    "dma100" : null,
    "dma200" : 2568.44,
    "volume" : 718125.00
  }, {
    "date" : "2025-04-07",
    "price" : 2715.20,
    "dma50" : 2818.18,
    "dma100" : null,
    "dma200" : 2569.90,
    "volume" : 1403433.00
  }, {
    "date" : "2025-04-08",
    "price" : 2760.15,
    "dma50" : 2815.90,
    "dma100" : null,
    "dma200" : 2571.79,
    "volume" : 638396.00
  }, {
    "date" : "2025-04-09",
    "price" : 2744.40,
    "dma50" : 2813.10,
    "dma100" : null,
    "dma200" : 2573.51,
    "volume" : 371381.00
  }, {
    "date" : "2025-04-11",
    "price" : 2947.35,
    "dma50" : 2818.36,
    "dma100" : null,
    "dma200" : 2577.23,
    "volume" : 1643911.00
  }, {
    "date" : "2025-04-15",
    "price" : 3007.20,
    "dma50" : 2825.77,
    "dma100" : null,
    "dma200" : 2581.51,
    "volume" : 793570.00
  }, {
    "date" : "2025-04-16",
    "price" : 2991.60,
    "dma50" : 2832.27,
    "dma100" : null,
    "dma200" : 2585.59,
    "volume" : 536230.00
  }, {
    "date" : "2025-04-17",
    "price" : 2990.40,
    "dma50" : 2838.47,
    "dma100" : null,
    "dma200" : 2589.62,
    "volume" : 618603.00
  }, {
    "date" : "2025-04-21",
    "price" : 3029.30,
    "dma50" : 2845.96,
    "dma100" : null,
    "dma200" : 2593.99,
    "volume" : 644735.00
  }, {
    "date" : "2025-04-22",
    "price" : 3015.00,
    "dma50" : 2852.59,
    "dma100" : null,
    "dma200" : 2598.18,
    "volume" : 650285.00
  }, {
    "date" : "2025-04-23",
    "price" : 3000.60,
    "dma50" : 2858.39,
    "dma100" : null,
    "dma200" : 2602.19,
    "volume" : 571513.00
  }, {
    "date" : "2025-04-24",
    "price" : 3038.50,
    "dma50" : 2865.45,
    "dma100" : null,
    "dma200" : 2606.53,
    "volume" : 656282.00
  }, {
    "date" : "2025-04-25",
    "price" : 2968.10,
    "dma50" : 2869.48,
    "dma100" : null,
    "dma200" : 2610.12,
    "volume" : 341402.00
  }, {
    "date" : "2025-04-28",
    "price" : 3040.30,
    "dma50" : 2876.18,
    "dma100" : null,
    "dma200" : 2614.41,
    "volume" : 811727.00
  }, {
    "date" : "2025-04-29",
    "price" : 3020.50,
    "dma50" : 2881.84,
    "dma100" : null,
    "dma200" : 2618.45,
    "volume" : 808027.00
  }, {
    "date" : "2025-04-30",
    "price" : 3008.90,
    "dma50" : 2886.82,
    "dma100" : null,
    "dma200" : 2622.33,
    "volume" : 449916.00
  }, {
    "date" : "2025-05-02",
    "price" : 2970.20,
    "dma50" : 2890.09,
    "dma100" : 2704.22,
    "dma200" : 2625.79,
    "volume" : 458766.00
  }, {
    "date" : "2025-05-05",
    "price" : 2980.60,
    "dma50" : 2893.64,
    "dma100" : 2710.83,
    "dma200" : 2629.32,
    "volume" : 287564.00
  }, {
    "date" : "2025-05-06",
    "price" : 2928.10,
    "dma50" : 2894.99,
    "dma100" : 2717.16,
    "dma200" : 2632.30,
    "volume" : 304508.00
  }, {
    "date" : "2025-05-07",
    "price" : 3055.70,
    "dma50" : 2901.29,
    "dma100" : 2724.70,
    "dma200" : 2636.51,
    "volume" : 977204.00
  }, {
    "date" : "2025-05-08",
    "price" : 2952.80,
    "dma50" : 2903.31,
    "dma100" : 2730.79,
    "dma200" : 2639.66,
    "volume" : 493269.00
  }, {
    "date" : "2025-05-09",
    "price" : 3004.30,
    "dma50" : 2907.27,
    "dma100" : 2737.47,
    "dma200" : 2643.28,
    "volume" : 646296.00
  }, {
    "date" : "2025-05-12",
    "price" : 3014.50,
    "dma50" : 2911.48,
    "dma100" : 2744.63,
    "dma200" : 2646.98,
    "volume" : 1156224.00
  }, {
    "date" : "2025-05-13",
    "price" : 2928.20,
    "dma50" : 2912.13,
    "dma100" : 2750.94,
    "dma200" : 2649.78,
    "volume" : 1753003.00
  }, {
    "date" : "2025-05-14",
    "price" : 2882.60,
    "dma50" : 2910.98,
    "dma100" : 2756.70,
    "dma200" : 2652.09,
    "volume" : 990016.00
  }, {
    "date" : "2025-05-15",
    "price" : 2876.60,
    "dma50" : 2909.63,
    "dma100" : 2762.67,
    "dma200" : 2654.33,
    "volume" : 596873.00
  }, {
    "date" : "2025-05-16",
    "price" : 2914.90,
    "dma50" : 2909.83,
    "dma100" : 2769.10,
    "dma200" : 2656.92,
    "volume" : 599588.00
  }, {
    "date" : "2025-05-19",
    "price" : 2977.00,
    "dma50" : 2912.47,
    "dma100" : 2776.03,
    "dma200" : 2660.10,
    "volume" : 1129003.00
  }, {
    "date" : "2025-05-20",
    "price" : 2950.30,
    "dma50" : 2913.95,
    "dma100" : 2782.75,
    "dma200" : 2662.99,
    "volume" : 925820.00
  }, {
    "date" : "2025-05-21",
    "price" : 2951.30,
    "dma50" : 2915.42,
    "dma100" : 2789.40,
    "dma200" : 2665.86,
    "volume" : 711510.00
  }, {
    "date" : "2025-05-22",
    "price" : 2905.20,
    "dma50" : 2915.02,
    "dma100" : 2795.68,
    "dma200" : 2668.24,
    "volume" : 378523.00
  }, {
    "date" : "2025-05-23",
    "price" : 2900.20,
    "dma50" : 2914.43,
    "dma100" : 2802.06,
    "dma200" : 2670.55,
    "volume" : 918597.00
  }, {
    "date" : "2025-05-26",
    "price" : 2891.40,
    "dma50" : 2913.53,
    "dma100" : 2808.33,
    "dma200" : 2672.75,
    "volume" : 660253.00
  }, {
    "date" : "2025-05-27",
    "price" : 2880.30,
    "dma50" : 2912.23,
    "dma100" : 2814.58,
    "dma200" : 2674.81,
    "volume" : 340965.00
  }, {
    "date" : "2025-05-28",
    "price" : 2897.40,
    "dma50" : 2911.65,
    "dma100" : 2821.17,
    "dma200" : 2677.03,
    "volume" : 350543.00
  }, {
    "date" : "2025-05-29",
    "price" : 2892.30,
    "dma50" : 2910.89,
    "dma100" : 2827.98,
    "dma200" : 2679.17,
    "volume" : 287027.00
  }, {
    "date" : "2025-05-30",
    "price" : 2861.00,
    "dma50" : 2908.93,
    "dma100" : 2834.34,
    "dma200" : 2680.98,
    "volume" : 1437884.00
  }, {
    "date" : "2025-06-02",
    "price" : 2898.90,
    "dma50" : 2908.54,
    "dma100" : 2840.48,
    "dma200" : 2683.15,
    "volume" : 570813.00
  }, {
    "date" : "2025-06-03",
    "price" : 2954.30,
    "dma50" : 2910.33,
    "dma100" : 2847.25,
    "dma200" : 2685.85,
    "volume" : 855523.00
  }, {
    "date" : "2025-06-04",
    "price" : 3046.90,
    "dma50" : 2915.69,
    "dma100" : 2854.64,
    "dma200" : 2689.44,
    "volume" : 1264811.00
  }, {
    "date" : "2025-06-05",
    "price" : 3106.70,
    "dma50" : 2923.18,
    "dma100" : 2862.19,
    "dma200" : 2693.59,
    "volume" : 1257574.00
  }, {
    "date" : "2025-06-06",
    "price" : 3123.50,
    "dma50" : 2931.03,
    "dma100" : 2866.69,
    "dma200" : 2697.87,
    "volume" : 758644.00
  }, {
    "date" : "2025-06-09",
    "price" : 3126.30,
    "dma50" : 2938.69,
    "dma100" : 2871.94,
    "dma200" : 2702.13,
    "volume" : 536178.00
  }, {
    "date" : "2025-06-10",
    "price" : 3091.80,
    "dma50" : 2944.70,
    "dma100" : 2877.70,
    "dma200" : 2706.01,
    "volume" : 446757.00
  }, {
    "date" : "2025-06-11",
    "price" : 3085.20,
    "dma50" : 2950.21,
    "dma100" : 2883.45,
    "dma200" : 2709.78,
    "volume" : 745533.00
  }, {
    "date" : "2025-06-12",
    "price" : 3105.70,
    "dma50" : 2956.30,
    "dma100" : 2889.59,
    "dma200" : 2713.72,
    "volume" : 533239.00
  }, {
    "date" : "2025-06-13",
    "price" : 3099.60,
    "dma50" : 2961.92,
    "dma100" : 2894.75,
    "dma200" : 2717.56,
    "volume" : 305902.00
  }, {
    "date" : "2025-06-16",
    "price" : 3098.20,
    "dma50" : 2967.27,
    "dma100" : 2899.67,
    "dma200" : 2721.35,
    "volume" : 282111.00
  }, {
    "date" : "2025-06-17",
    "price" : 3096.40,
    "dma50" : 2972.33,
    "dma100" : 2904.51,
    "dma200" : 2725.08,
    "volume" : 842868.00
  }, {
    "date" : "2025-06-18",
    "price" : 3074.40,
    "dma50" : 2976.33,
    "dma100" : 2909.51,
    "dma200" : 2728.56,
    "volume" : 619341.00
  }, {
    "date" : "2025-06-19",
    "price" : 3013.20,
    "dma50" : 2977.78,
    "dma100" : 2914.41,
    "dma200" : 2731.39,
    "volume" : 343876.00
  }, {
    "date" : "2025-06-20",
    "price" : 3030.10,
    "dma50" : 2979.83,
    "dma100" : 2918.74,
    "dma200" : 2734.36,
    "volume" : 774535.00
  }, {
    "date" : "2025-06-23",
    "price" : 3032.50,
    "dma50" : 2981.90,
    "dma100" : 2923.23,
    "dma200" : 2737.33,
    "volume" : 414377.00
  }, {
    "date" : "2025-06-24",
    "price" : 3053.70,
    "dma50" : 2984.71,
    "dma100" : 2928.06,
    "dma200" : 2740.47,
    "volume" : 439570.00
  }, {
    "date" : "2025-06-25",
    "price" : 3080.50,
    "dma50" : 2988.47,
    "dma100" : 2932.86,
    "dma200" : 2743.86,
    "volume" : 847372.00
  }, {
    "date" : "2025-06-26",
    "price" : 3134.50,
    "dma50" : 2994.20,
    "dma100" : 2937.56,
    "dma200" : 2747.74,
    "volume" : 963799.00
  }, {
    "date" : "2025-06-27",
    "price" : 3174.80,
    "dma50" : 3001.28,
    "dma100" : 2940.99,
    "dma200" : 2751.99,
    "volume" : 2253357.00
  }, {
    "date" : "2025-06-30",
    "price" : 3242.10,
    "dma50" : 3010.72,
    "dma100" : 2945.32,
    "dma200" : 2756.87,
    "volume" : 733410.00
  }, {
    "date" : "2025-07-01",
    "price" : 3200.00,
    "dma50" : 3018.15,
    "dma100" : 2949.06,
    "dma200" : 2761.28,
    "volume" : 388467.00
  }, {
    "date" : "2025-07-02",
    "price" : 3255.60,
    "dma50" : 3027.46,
    "dma100" : 2952.19,
    "dma200" : 2766.20,
    "volume" : 863495.00
  }, {
    "date" : "2025-07-03",
    "price" : 3232.00,
    "dma50" : 3035.48,
    "dma100" : 2954.80,
    "dma200" : 2770.83,
    "volume" : 448865.00
  }, {
    "date" : "2025-07-04",
    "price" : 3230.50,
    "dma50" : 3043.13,
    "dma100" : 2957.52,
    "dma200" : 2775.41,
    "volume" : 327376.00
  }, {
    "date" : "2025-07-07",
    "price" : 3239.40,
    "dma50" : 3050.82,
    "dma100" : 2960.97,
    "dma200" : 2780.02,
    "volume" : 221265.00
  }, {
    "date" : "2025-07-08",
    "price" : 3286.50,
    "dma50" : 3060.07,
    "dma100" : 2965.04,
    "dma200" : 2785.06,
    "volume" : 435140.00
  }, {
    "date" : "2025-07-09",
    "price" : 3280.50,
    "dma50" : 3068.71,
    "dma100" : 2969.28,
    "dma200" : 2789.99,
    "volume" : 352821.00
  }, {
    "date" : "2025-07-10",
    "price" : 3259.60,
    "dma50" : 3076.20,
    "dma100" : 2973.76,
    "dma200" : 2794.67,
    "volume" : 342127.00
  }, {
    "date" : "2025-07-11",
    "price" : 3182.50,
    "dma50" : 3080.36,
    "dma100" : 2977.30,
    "dma200" : 2798.52,
    "volume" : 241450.00
  }, {
    "date" : "2025-07-14",
    "price" : 3169.40,
    "dma50" : 3083.86,
    "dma100" : 2980.58,
    "dma200" : 2802.22,
    "volume" : 320504.00
  }, {
    "date" : "2025-07-15",
    "price" : 3223.60,
    "dma50" : 3089.34,
    "dma100" : 2985.29,
    "dma200" : 2806.41,
    "volume" : 353059.00
  }, {
    "date" : "2025-07-16",
    "price" : 3201.20,
    "dma50" : 3093.72,
    "dma100" : 2989.82,
    "dma200" : 2810.34,
    "volume" : 304183.00
  }, {
    "date" : "2025-07-17",
    "price" : 3202.50,
    "dma50" : 3097.99,
    "dma100" : 2994.44,
    "dma200" : 2814.24,
    "volume" : 283066.00
  }, {
    "date" : "2025-07-18",
    "price" : 3187.10,
    "dma50" : 3101.48,
    "dma100" : 2999.03,
    "dma200" : 2817.95,
    "volume" : 257377.00
  }, {
    "date" : "2025-07-21",
    "price" : 3130.40,
    "dma50" : 3102.62,
    "dma100" : 3002.37,
    "dma200" : 2821.06,
    "volume" : 521027.00
  }, {
    "date" : "2025-07-22",
    "price" : 3136.50,
    "dma50" : 3103.95,
    "dma100" : 3005.95,
    "dma200" : 2824.20,
    "volume" : 545930.00
  }, {
    "date" : "2025-07-23",
    "price" : 3193.00,
    "dma50" : 3107.44,
    "dma100" : 3010.29,
    "dma200" : 2827.87,
    "volume" : 1277548.00
  }, {
    "date" : "2025-07-24",
    "price" : 3150.40,
    "dma50" : 3109.12,
    "dma100" : 3014.11,
    "dma200" : 2831.08,
    "volume" : 875917.00
  }, {
    "date" : "2025-07-25",
    "price" : 3040.80,
    "dma50" : 3106.44,
    "dma100" : 3015.98,
    "dma200" : 2833.16,
    "volume" : 518628.00
  }, {
    "date" : "2025-07-28",
    "price" : 3056.60,
    "dma50" : 3104.49,
    "dma100" : 3018.59,
    "dma200" : 2835.39,
    "volume" : 396280.00
  }, {
    "date" : "2025-07-29",
    "price" : 3110.00,
    "dma50" : 3104.71,
    "dma100" : 3021.42,
    "dma200" : 2838.12,
    "volume" : 446048.00
  }, {
    "date" : "2025-07-30",
    "price" : 3086.50,
    "dma50" : 3103.99,
    "dma100" : 3023.76,
    "dma200" : 2840.59,
    "volume" : 468092.00
  }, {
    "date" : "2025-07-31",
    "price" : 3040.80,
    "dma50" : 3101.51,
    "dma100" : 3025.71,
    "dma200" : 2842.58,
    "volume" : 695208.00
  }, {
    "date" : "2025-08-01",
    "price" : 2985.20,
    "dma50" : 3096.95,
    "dma100" : 3027.05,
    "dma200" : 2844.00,
    "volume" : 441158.00
  }, {
    "date" : "2025-08-04",
    "price" : 3050.40,
    "dma50" : 3095.13,
    "dma100" : 3028.20,
    "dma200" : 2846.05,
    "volume" : 395740.00
  }, {
    "date" : "2025-08-05",
    "price" : 3042.80,
    "dma50" : 3093.07,
    "dma100" : 3029.25,
    "dma200" : 2848.01,
    "volume" : 423548.00
  }, {
    "date" : "2025-08-06",
    "price" : 2968.90,
    "dma50" : 3088.20,
    "dma100" : 3029.72,
    "dma200" : 2849.21,
    "volume" : 326093.00
  }, {
    "date" : "2025-08-07",
    "price" : 2904.10,
    "dma50" : 3080.99,
    "dma100" : 3029.18,
    "dma200" : 2849.76,
    "volume" : 539637.00
  }, {
    "date" : "2025-08-08",
    "price" : 2861.20,
    "dma50" : 3072.37,
    "dma100" : 3028.27,
    "dma200" : 2849.87,
    "volume" : 265028.00
  }, {
    "date" : "2025-08-11",
    "price" : 2880.00,
    "dma50" : 3064.82,
    "dma100" : 3026.96,
    "dma200" : 2850.17,
    "volume" : 254005.00
  }, {
    "date" : "2025-08-12",
    "price" : 2846.20,
    "dma50" : 3056.25,
    "dma100" : 3025.52,
    "dma200" : 2850.13,
    "volume" : 421041.00
  }, {
    "date" : "2025-08-13",
    "price" : 2855.20,
    "dma50" : 3048.36,
    "dma100" : 3024.02,
    "dma200" : 2850.19,
    "volume" : 226535.00
  }, {
    "date" : "2025-08-14",
    "price" : 2841.90,
    "dma50" : 3040.27,
    "dma100" : 3022.51,
    "dma200" : 2850.10,
    "volume" : 193314.00
  }, {
    "date" : "2025-08-18",
    "price" : 2929.70,
    "dma50" : 3035.93,
    "dma100" : 3021.56,
    "dma200" : 2850.89,
    "volume" : 319672.00
  }, {
    "date" : "2025-08-19",
    "price" : 2929.60,
    "dma50" : 3031.76,
    "dma100" : 3020.95,
    "dma200" : 2851.68,
    "volume" : 1039278.00
  }, {
    "date" : "2025-08-20",
    "price" : 2924.20,
    "dma50" : 3027.54,
    "dma100" : 3020.73,
    "dma200" : 2852.40,
    "volume" : 749583.00
  }, {
    "date" : "2025-08-21",
    "price" : 2912.80,
    "dma50" : 3023.04,
    "dma100" : 3020.92,
    "dma200" : 2853.00,
    "volume" : 312849.00
  }, {
    "date" : "2025-08-22",
    "price" : 2917.50,
    "dma50" : 3018.91,
    "dma100" : 3020.63,
    "dma200" : 2853.64,
    "volume" : 319384.00
  }, {
    "date" : "2025-08-25",
    "price" : 2911.70,
    "dma50" : 3014.70,
    "dma100" : 3020.36,
    "dma200" : 2854.22,
    "volume" : 359269.00
  }, {
    "date" : "2025-08-26",
    "price" : 2849.20,
    "dma50" : 3008.21,
    "dma100" : 3020.05,
    "dma200" : 2854.17,
    "volume" : 945179.00
  }, {
    "date" : "2025-08-28",
    "price" : 2850.80,
    "dma50" : 3002.04,
    "dma100" : 3018.75,
    "dma200" : 2854.14,
    "volume" : 366787.00
  }, {
    "date" : "2025-08-29",
    "price" : 2836.40,
    "dma50" : 2995.54,
    "dma100" : 3018.10,
    "dma200" : 2853.96,
    "volume" : 541831.00
  }, {
    "date" : "2025-09-01",
    "price" : 2897.80,
    "dma50" : 2991.71,
    "dma100" : 3018.53,
    "dma200" : 2854.40,
    "volume" : 226512.00
  }, {
    "date" : "2025-09-02",
    "price" : 2903.00,
    "dma50" : 2988.23,
    "dma100" : 3020.41,
    "dma200" : 2854.88,
    "volume" : 385534.00
  }, {
    "date" : "2025-09-03",
    "price" : 2949.00,
    "dma50" : 2986.69,
    "dma100" : 3022.29,
    "dma200" : 2855.82,
    "volume" : 386826.00
  }, {
    "date" : "2025-09-04",
    "price" : 2889.90,
    "dma50" : 2982.90,
    "dma100" : 3023.75,
    "dma200" : 2856.16,
    "volume" : 241100.00
  }, {
    "date" : "2025-09-05",
    "price" : 2851.80,
    "dma50" : 2977.76,
    "dma100" : 3022.79,
    "dma200" : 2856.11,
    "volume" : 134831.00
  }, {
    "date" : "2025-09-08",
    "price" : 2887.20,
    "dma50" : 2974.20,
    "dma100" : 3021.59,
    "dma200" : 2856.42,
    "volume" : 161790.00
  }, {
    "date" : "2025-09-09",
    "price" : 2934.00,
    "dma50" : 2972.63,
    "dma100" : 3021.02,
    "dma200" : 2857.19,
    "volume" : 317095.00
  }, {
    "date" : "2025-09-10",
    "price" : 2978.20,
    "dma50" : 2972.85,
    "dma100" : 3020.90,
    "dma200" : 2858.40,
    "volume" : 293893.00
  }, {
    "date" : "2025-09-11",
    "price" : 2985.50,
    "dma50" : 2973.34,
    "dma100" : 3020.46,
    "dma200" : 2859.66,
    "volume" : 170297.00
  }, {
    "date" : "2025-09-12",
    "price" : 2971.70,
    "dma50" : 2973.28,
    "dma100" : 3020.02,
    "dma200" : 2860.78,
    "volume" : 388381.00
  }, {
    "date" : "2025-09-15",
    "price" : 2948.70,
    "dma50" : 2972.31,
    "dma100" : 3019.51,
    "dma200" : 2861.65,
    "volume" : 152186.00
  }, {
    "date" : "2025-09-16",
    "price" : 2951.80,
    "dma50" : 2971.51,
    "dma100" : 3018.64,
    "dma200" : 2862.55,
    "volume" : 178810.00
  }, {
    "date" : "2025-09-17",
    "price" : 2948.00,
    "dma50" : 2970.59,
    "dma100" : 3018.44,
    "dma200" : 2863.40,
    "volume" : 397251.00
  }, {
    "date" : "2025-09-18",
    "price" : 2937.50,
    "dma50" : 2969.29,
    "dma100" : 3017.41,
    "dma200" : 2864.14,
    "volume" : 456184.00
  }, {
    "date" : "2025-09-19",
    "price" : 2937.20,
    "dma50" : 2968.03,
    "dma100" : 3016.58,
    "dma200" : 2864.86,
    "volume" : 255889.00
  }, {
    "date" : "2025-09-22",
    "price" : 2914.00,
    "dma50" : 2965.91,
    "dma100" : 3015.63,
    "dma200" : 2865.35,
    "volume" : 152739.00
  }, {
    "date" : "2025-09-23",
    "price" : 2903.20,
    "dma50" : 2963.45,
    "dma100" : 3014.96,
    "dma200" : 2865.73,
    "volume" : 263715.00
  }, {
    "date" : "2025-09-24",
    "price" : 2907.10,
    "dma50" : 2961.24,
    "dma100" : 3014.22,
    "dma200" : 2866.14,
    "volume" : 169455.00
  }, {
    "date" : "2025-09-25",
    "price" : 2879.10,
    "dma50" : 2958.02,
    "dma100" : 3013.73,
    "dma200" : 2866.27,
    "volume" : 239974.00
  }, {
    "date" : "2025-09-26",
    "price" : 2806.90,
    "dma50" : 2952.10,
    "dma100" : 3011.24,
    "dma200" : 2865.68,
    "volume" : 141445.00
  }, {
    "date" : "2025-09-29",
    "price" : 2798.00,
    "dma50" : 2946.05,
    "dma100" : 3009.70,
    "dma200" : 2865.01,
    "volume" : 223305.00
  }, {
    "date" : "2025-09-30",
    "price" : 2823.60,
    "dma50" : 2941.25,
    "dma100" : 3007.89,
    "dma200" : 2864.59,
    "volume" : 213062.00
  }, {
    "date" : "2025-10-01",
    "price" : 2907.10,
    "dma50" : 2939.91,
    "dma100" : 3006.82,
    "dma200" : 2865.02,
    "volume" : 397959.00
  }, {
    "date" : "2025-10-03",
    "price" : 2919.40,
    "dma50" : 2939.11,
    "dma100" : 3006.73,
    "dma200" : 2865.56,
    "volume" : 531964.00
  }, {
    "date" : "2025-10-06",
    "price" : 2940.20,
    "dma50" : 2939.15,
    "dma100" : 3007.30,
    "dma200" : 2866.30,
    "volume" : 255508.00
  }, {
    "date" : "2025-10-07",
    "price" : 2964.80,
    "dma50" : 2940.16,
    "dma100" : 3008.19,
    "dma200" : 2867.28,
    "volume" : 201804.00
  }, {
    "date" : "2025-10-08",
    "price" : 2972.70,
    "dma50" : 2941.43,
    "dma100" : 3008.76,
    "dma200" : 2868.33,
    "volume" : 795232.00
  }, {
    "date" : "2025-10-09",
    "price" : 2996.90,
    "dma50" : 2943.61,
    "dma100" : 3008.96,
    "dma200" : 2869.61,
    "volume" : 165334.00
  }, {
    "date" : "2025-10-10",
    "price" : 3024.50,
    "dma50" : 2946.78,
    "dma100" : 3009.70,
    "dma200" : 2871.15,
    "volume" : 742506.00
  }, {
    "date" : "2025-10-13",
    "price" : 3047.40,
    "dma50" : 2950.73,
    "dma100" : 3010.67,
    "dma200" : 2872.90,
    "volume" : 210991.00
  }, {
    "date" : "2025-10-14",
    "price" : 3044.00,
    "dma50" : 2954.38,
    "dma100" : 3012.05,
    "dma200" : 2874.61,
    "volume" : 333599.00
  }, {
    "date" : "2025-10-15",
    "price" : 3088.60,
    "dma50" : 2959.65,
    "dma100" : 3013.94,
    "dma200" : 2876.74,
    "volume" : 680776.00
  }, {
    "date" : "2025-10-16",
    "price" : 3190.00,
    "dma50" : 2968.68,
    "dma100" : 3016.92,
    "dma200" : 2879.85,
    "volume" : 647364.00
  }, {
    "date" : "2025-10-17",
    "price" : 3169.40,
    "dma50" : 2976.55,
    "dma100" : 3019.81,
    "dma200" : 2882.73,
    "volume" : 177490.00
  }, {
    "date" : "2025-10-20",
    "price" : 3179.90,
    "dma50" : 2984.53,
    "dma100" : 3022.64,
    "dma200" : 2885.69,
    "volume" : 185979.00
  }, {
    "date" : "2025-10-21",
    "price" : 3148.00,
    "dma50" : 2990.94,
    "dma100" : 3025.20,
    "dma200" : 2888.30,
    "volume" : 31921.00
  }, {
    "date" : "2025-10-23",
    "price" : 3077.40,
    "dma50" : 2994.33,
    "dma100" : 3027.36,
    "dma200" : 2890.18,
    "volume" : 604157.00
  }, {
    "date" : "2025-10-24",
    "price" : 3082.00,
    "dma50" : 2997.77,
    "dma100" : 3029.19,
    "dma200" : 2892.09,
    "volume" : 590728.00
  }, {
    "date" : "2025-10-27",
    "price" : 3019.40,
    "dma50" : 2998.61,
    "dma100" : 3029.84,
    "dma200" : 2893.36,
    "volume" : 1395243.00
  }, {
    "date" : "2025-10-28",
    "price" : 3027.70,
    "dma50" : 2999.75,
    "dma100" : 3029.65,
    "dma200" : 2894.69,
    "volume" : 796820.00
  }, {
    "date" : "2025-10-29",
    "price" : 3027.80,
    "dma50" : 3000.85,
    "dma100" : 3028.86,
    "dma200" : 2896.02,
    "volume" : 407614.00
  }, {
    "date" : "2025-10-30",
    "price" : 2981.10,
    "dma50" : 3000.08,
    "dma100" : 3027.44,
    "dma200" : 2896.87,
    "volume" : 399955.00
  }, {
    "date" : "2025-10-31",
    "price" : 2930.50,
    "dma50" : 2997.35,
    "dma100" : 3025.48,
    "dma200" : 2897.20,
    "volume" : 470199.00
  }, {
    "date" : "2025-11-03",
    "price" : 2968.10,
    "dma50" : 2996.20,
    "dma100" : 3024.24,
    "dma200" : 2897.91,
    "volume" : 547971.00
  }, {
    "date" : "2025-11-04",
    "price" : 2941.70,
    "dma50" : 2994.07,
    "dma100" : 3022.81,
    "dma200" : 2898.34,
    "volume" : 158578.00
  }, {
    "date" : "2025-11-06",
    "price" : 2899.30,
    "dma50" : 2990.35,
    "dma100" : 3020.74,
    "dma200" : 2898.35,
    "volume" : 234471.00
  }, {
    "date" : "2025-11-07",
    "price" : 2896.80,
    "dma50" : 2986.68,
    "dma100" : 3018.72,
    "dma200" : 2898.34,
    "volume" : 284666.00
  }, {
    "date" : "2025-11-10",
    "price" : 2903.90,
    "dma50" : 2983.44,
    "dma100" : 3016.77,
    "dma200" : 2898.39,
    "volume" : 330417.00
  }, {
    "date" : "2025-11-11",
    "price" : 2929.90,
    "dma50" : 2981.34,
    "dma100" : 3015.11,
    "dma200" : 2898.70,
    "volume" : 518160.00
  }, {
    "date" : "2025-11-12",
    "price" : 2941.40,
    "dma50" : 2979.77,
    "dma100" : 3013.78,
    "dma200" : 2899.13,
    "volume" : 525859.00
  }, {
    "date" : "2025-11-13",
    "price" : 2912.00,
    "dma50" : 2977.11,
    "dma100" : 3012.77,
    "dma200" : 2899.26,
    "volume" : 337860.00
  }, {
    "date" : "2025-11-14",
    "price" : 2839.10,
    "dma50" : 2971.70,
    "dma100" : 3010.86,
    "dma200" : 2898.66,
    "volume" : 845837.00
  }, {
    "date" : "2025-11-17",
    "price" : 2833.10,
    "dma50" : 2966.26,
    "dma100" : 3008.86,
    "dma200" : 2898.01,
    "volume" : 479824.00
  }, {
    "date" : "2025-11-18",
    "price" : 2816.60,
    "dma50" : 2960.40,
    "dma100" : 3006.49,
    "dma200" : 2897.20,
    "volume" : 450557.00
  }, {
    "date" : "2025-11-19",
    "price" : 2786.40,
    "dma50" : 2953.57,
    "dma100" : 3003.55,
    "dma200" : 2896.09,
    "volume" : 625106.00
  }, {
    "date" : "2025-11-20",
    "price" : 2851.60,
    "dma50" : 2949.57,
    "dma100" : 3000.72,
    "dma200" : 2895.65,
    "volume" : 1068703.00
  }, {
    "date" : "2025-11-21",
    "price" : 2838.40,
    "dma50" : 2945.21,
    "dma100" : 2997.36,
    "dma200" : 2895.08,
    "volume" : 283089.00
  }, {
    "date" : "2025-11-24",
    "price" : 2807.50,
    "dma50" : 2939.81,
    "dma100" : 2993.01,
    "dma200" : 2894.21,
    "volume" : 1308246.00
  }, {
    "date" : "2025-11-25",
    "price" : 2793.80,
    "dma50" : 2934.09,
    "dma100" : 2988.95,
    "dma200" : 2893.21,
    "volume" : 440377.00
  }, {
    "date" : "2025-11-26",
    "price" : 2809.80,
    "dma50" : 2929.21,
    "dma100" : 2984.49,
    "dma200" : 2892.38,
    "volume" : 423128.00
  }, {
    "date" : "2025-11-27",
    "price" : 2840.00,
    "dma50" : 2925.71,
    "dma100" : 2980.57,
    "dma200" : 2891.86,
    "volume" : 565454.00
  }, {
    "date" : "2025-11-28",
    "price" : 2927.30,
    "dma50" : 2925.78,
    "dma100" : 2977.54,
    "dma200" : 2892.21,
    "volume" : 1236790.00
  }, {
    "date" : "2025-12-01",
    "price" : 2923.00,
    "dma50" : 2925.67,
    "dma100" : 2974.37,
    "dma200" : 2892.52,
    "volume" : 473517.00
  }, {
    "date" : "2025-12-02",
    "price" : 2859.50,
    "dma50" : 2923.07,
    "dma100" : 2970.10,
    "dma200" : 2892.19,
    "volume" : 530763.00
  }, {
    "date" : "2025-12-03",
    "price" : 2830.00,
    "dma50" : 2919.42,
    "dma100" : 2965.60,
    "dma200" : 2891.57,
    "volume" : 276908.00
  } ],
  "latestTechnicalAttributes" : {
    "date" : "2025-12-03",
    "price" : 2830.00,
    "dma50" : 2919.42,
    "dma100" : 2965.60,
    "dma200" : 2891.57,
    "volume" : 276908.00
  },
  "quarterlyResults" : [ {
    "date" : "2005-03-31",
    "sales" : 302.37,
    "salesGrowthYoY" : null,
    "grossProfitMargin" : 28.74,
    "grossProfit" : 86.90,
    "operatingProfitMargin" : 12.77,
    "operatingProfit" : 38.61,
    "netProfitMargin" : 6.96,
    "netProfit" : 21.04
  }, {
    "date" : "2005-06-30",
    "sales" : 318.38,
    "salesGrowthYoY" : null,
    "grossProfitMargin" : 30.20,
    "grossProfit" : 96.15,
    "operatingProfitMargin" : 18.11,
    "operatingProfit" : 57.66,
    "netProfitMargin" : 7.45,
    "netProfit" : 23.72
  }, {
    "date" : "2005-09-30",
    "sales" : 292.84,
    "salesGrowthYoY" : null,
    "grossProfitMargin" : 28.06,
    "grossProfit" : 82.17,
    "operatingProfitMargin" : 11.74,
    "operatingProfit" : 34.38,
    "netProfitMargin" : 4.10,
    "netProfit" : 12.01
  }, {
    "date" : "2005-12-31",
    "sales" : 296.27,
    "salesGrowthYoY" : null,
    "grossProfitMargin" : 31.01,
    "grossProfit" : 91.87,
    "operatingProfitMargin" : 15.35,
    "operatingProfit" : 45.48,
    "netProfitMargin" : 4.57,
    "netProfit" : 13.54
  }, {
    "date" : "2006-03-31",
    "sales" : 387.53,
    "salesGrowthYoY" : 28.16,
    "grossProfitMargin" : 42.48,
    "grossProfit" : 164.62,
    "operatingProfitMargin" : 29.43,
    "operatingProfit" : 114.05,
    "netProfitMargin" : 14.32,
    "netProfit" : 55.49
  }, {
    "date" : "2006-06-30",
    "sales" : 457.20,
    "salesGrowthYoY" : 43.60,
    "grossProfitMargin" : 47.02,
    "grossProfit" : 214.98,
    "operatingProfitMargin" : 31.33,
    "operatingProfit" : 143.24,
    "netProfitMargin" : 17.64,
    "netProfit" : 80.65
  }, {
    "date" : "2006-09-30",
    "sales" : 475.12,
    "salesGrowthYoY" : 62.25,
    "grossProfitMargin" : 47.38,
    "grossProfit" : 225.11,
    "operatingProfitMargin" : 33.46,
    "operatingProfit" : 158.98,
    "netProfitMargin" : 18.78,
    "netProfit" : 89.23
  }, {
    "date" : "2006-12-31",
    "sales" : 450.36,
    "salesGrowthYoY" : 52.01,
    "grossProfitMargin" : 43.93,
    "grossProfit" : 197.84,
    "operatingProfitMargin" : 29.65,
    "operatingProfit" : 133.53,
    "netProfitMargin" : 15.57,
    "netProfit" : 70.12
  }, {
    "date" : "2007-03-31",
    "sales" : 419.77,
    "salesGrowthYoY" : 8.32,
    "grossProfitMargin" : 40.10,
    "grossProfit" : 168.33,
    "operatingProfitMargin" : 25.34,
    "operatingProfit" : 106.37,
    "netProfitMargin" : 11.69,
    "netProfit" : 49.07
  }, {
    "date" : "2007-06-30",
    "sales" : 404.65,
    "salesGrowthYoY" : -11.49,
    "grossProfitMargin" : 38.61,
    "grossProfit" : 156.24,
    "operatingProfitMargin" : 25.85,
    "operatingProfit" : 104.60,
    "netProfitMargin" : 13.84,
    "netProfit" : 56.00
  }, {
    "date" : "2007-09-30",
    "sales" : 410.01,
    "salesGrowthYoY" : -13.70,
    "grossProfitMargin" : 36.68,
    "grossProfit" : 150.39,
    "operatingProfitMargin" : 23.32,
    "operatingProfit" : 95.61,
    "netProfitMargin" : 11.56,
    "netProfit" : 47.40
  }, {
    "date" : "2007-12-31",
    "sales" : 408.81,
    "salesGrowthYoY" : -9.23,
    "grossProfitMargin" : 36.46,
    "grossProfit" : 149.05,
    "operatingProfitMargin" : 22.81,
    "operatingProfit" : 93.25,
    "netProfitMargin" : 10.44,
    "netProfit" : 42.68
  }, {
    "date" : "2008-03-31",
    "sales" : 398.27,
    "salesGrowthYoY" : -5.12,
    "grossProfitMargin" : 27.63,
    "grossProfit" : 110.04,
    "operatingProfitMargin" : 12.75,
    "operatingProfit" : 50.78,
    "netProfitMargin" : 1.75,
    "netProfit" : 6.97
  }, {
    "date" : "2008-06-30",
    "sales" : 473.87,
    "salesGrowthYoY" : 17.11,
    "grossProfitMargin" : 37.60,
    "grossProfit" : 178.18,
    "operatingProfitMargin" : 20.73,
    "operatingProfit" : 98.23,
    "netProfitMargin" : 9.64,
    "netProfit" : 45.68
  }, {
    "date" : "2008-09-30",
    "sales" : 509.16,
    "salesGrowthYoY" : 24.18,
    "grossProfitMargin" : 40.52,
    "grossProfit" : 206.31,
    "operatingProfitMargin" : 28.60,
    "operatingProfit" : 145.62,
    "netProfitMargin" : 15.27,
    "netProfit" : 77.75
  }, {
    "date" : "2008-12-31",
    "sales" : 418.62,
    "salesGrowthYoY" : 2.40,
    "grossProfitMargin" : 41.27,
    "grossProfit" : 172.76,
    "operatingProfitMargin" : 27.19,
    "operatingProfit" : 113.82,
    "netProfitMargin" : 11.89,
    "netProfit" : 49.77
  }, {
    "date" : "2009-03-31",
    "sales" : 411.04,
    "salesGrowthYoY" : 3.21,
    "grossProfitMargin" : 38.23,
    "grossProfit" : 157.14,
    "operatingProfitMargin" : 22.00,
    "operatingProfit" : 90.43,
    "netProfitMargin" : 6.80,
    "netProfit" : 27.95
  }, {
    "date" : "2009-06-30",
    "sales" : 497.97,
    "salesGrowthYoY" : 5.09,
    "grossProfitMargin" : 44.47,
    "grossProfit" : 221.45,
    "operatingProfitMargin" : 31.26,
    "operatingProfit" : 155.67,
    "netProfitMargin" : 18.59,
    "netProfit" : 92.57
  }, {
    "date" : "2009-09-30",
    "sales" : 526.67,
    "salesGrowthYoY" : 3.44,
    "grossProfitMargin" : 41.47,
    "grossProfit" : 218.41,
    "operatingProfitMargin" : 28.85,
    "operatingProfit" : 151.94,
    "netProfitMargin" : 13.37,
    "netProfit" : 70.42
  }, {
    "date" : "2009-12-31",
    "sales" : 490.07,
    "salesGrowthYoY" : 17.07,
    "grossProfitMargin" : 32.33,
    "grossProfit" : 158.44,
    "operatingProfitMargin" : 18.22,
    "operatingProfit" : 89.29,
    "netProfitMargin" : 7.67,
    "netProfit" : 37.59
  }, {
    "date" : "2010-03-31",
    "sales" : 680.91,
    "salesGrowthYoY" : 65.66,
    "grossProfitMargin" : 43.13,
    "grossProfit" : 293.68,
    "operatingProfitMargin" : 29.77,
    "operatingProfit" : 202.71,
    "netProfitMargin" : 15.13,
    "netProfit" : 103.02
  }, {
    "date" : "2010-06-30",
    "sales" : 618.98,
    "salesGrowthYoY" : 24.30,
    "grossProfitMargin" : 33.60,
    "grossProfit" : 207.98,
    "operatingProfitMargin" : 20.83,
    "operatingProfit" : 128.93,
    "netProfitMargin" : 8.85,
    "netProfit" : 54.78
  }, {
    "date" : "2010-09-30",
    "sales" : 748.17,
    "salesGrowthYoY" : 42.06,
    "grossProfitMargin" : 40.78,
    "grossProfit" : 305.10,
    "operatingProfitMargin" : 28.58,
    "operatingProfit" : 213.83,
    "netProfitMargin" : 16.23,
    "netProfit" : 121.43
  }, {
    "date" : "2010-12-31",
    "sales" : 844.12,
    "salesGrowthYoY" : 72.24,
    "grossProfitMargin" : 44.98,
    "grossProfit" : 379.69,
    "operatingProfitMargin" : 34.05,
    "operatingProfit" : 287.42,
    "netProfitMargin" : 20.28,
    "netProfit" : 171.19
  }, {
    "date" : "2011-03-31",
    "sales" : 852.01,
    "salesGrowthYoY" : 25.13,
    "grossProfitMargin" : 41.26,
    "grossProfit" : 351.54,
    "operatingProfitMargin" : 28.01,
    "operatingProfit" : 238.65,
    "netProfitMargin" : 15.97,
    "netProfit" : 136.07
  }, {
    "date" : "2011-06-30",
    "sales" : 838.80,
    "salesGrowthYoY" : 35.51,
    "grossProfitMargin" : 30.15,
    "grossProfit" : 252.90,
    "operatingProfitMargin" : 19.33,
    "operatingProfit" : 162.14,
    "netProfitMargin" : 9.87,
    "netProfit" : 82.79
  }, {
    "date" : "2011-09-30",
    "sales" : 913.92,
    "salesGrowthYoY" : 22.15,
    "grossProfitMargin" : 38.85,
    "grossProfit" : 355.06,
    "operatingProfitMargin" : 25.11,
    "operatingProfit" : 229.49,
    "netProfitMargin" : 11.71,
    "netProfit" : 107.02
  }, {
    "date" : "2011-12-31",
    "sales" : 949.05,
    "salesGrowthYoY" : 12.43,
    "grossProfitMargin" : 39.30,
    "grossProfit" : 372.98,
    "operatingProfitMargin" : 23.35,
    "operatingProfit" : 221.60,
    "netProfitMargin" : 11.65,
    "netProfit" : 110.56
  }, {
    "date" : "2012-03-31",
    "sales" : 828.84,
    "salesGrowthYoY" : -2.72,
    "grossProfitMargin" : 31.56,
    "grossProfit" : 261.58,
    "operatingProfitMargin" : 17.90,
    "operatingProfit" : 148.36,
    "netProfitMargin" : 10.49,
    "netProfit" : 86.95
  }, {
    "date" : "2012-06-30",
    "sales" : 811.77,
    "salesGrowthYoY" : -3.22,
    "grossProfitMargin" : 29.40,
    "grossProfit" : 238.66,
    "operatingProfitMargin" : 10.89,
    "operatingProfit" : 88.40,
    "netProfitMargin" : 2.71,
    "netProfit" : 22.00
  }, {
    "date" : "2012-09-30",
    "sales" : 803.74,
    "salesGrowthYoY" : -12.06,
    "grossProfitMargin" : 28.42,
    "grossProfit" : 228.42,
    "operatingProfitMargin" : 19.02,
    "operatingProfit" : 152.87,
    "netProfitMargin" : 9.38,
    "netProfit" : 75.39
  }, {
    "date" : "2012-12-31",
    "sales" : 888.89,
    "salesGrowthYoY" : -6.34,
    "grossProfitMargin" : 39.51,
    "grossProfit" : 351.20,
    "operatingProfitMargin" : 21.95,
    "operatingProfit" : 195.11,
    "netProfitMargin" : 10.04,
    "netProfit" : 89.24
  }, {
    "date" : "2013-03-31",
    "sales" : 818.15,
    "salesGrowthYoY" : -1.29,
    "grossProfitMargin" : 32.70,
    "grossProfit" : 267.54,
    "operatingProfitMargin" : 16.28,
    "operatingProfit" : 133.19,
    "netProfitMargin" : 8.79,
    "netProfit" : 71.92
  }, {
    "date" : "2013-06-30",
    "sales" : 824.91,
    "salesGrowthYoY" : 1.62,
    "grossProfitMargin" : 29.93,
    "grossProfit" : 246.90,
    "operatingProfitMargin" : 13.49,
    "operatingProfit" : 111.28,
    "netProfitMargin" : 5.31,
    "netProfit" : 43.80
  }, {
    "date" : "2013-09-30",
    "sales" : 843.89,
    "salesGrowthYoY" : 5.00,
    "grossProfitMargin" : 31.23,
    "grossProfit" : 263.55,
    "operatingProfitMargin" : 15.05,
    "operatingProfit" : 127.01,
    "netProfitMargin" : 5.66,
    "netProfit" : 47.76
  }, {
    "date" : "2013-12-31",
    "sales" : 861.57,
    "salesGrowthYoY" : -3.07,
    "grossProfitMargin" : 32.65,
    "grossProfit" : 281.30,
    "operatingProfitMargin" : 16.85,
    "operatingProfit" : 145.17,
    "netProfitMargin" : 8.36,
    "netProfit" : 72.03
  }, {
    "date" : "2014-03-31",
    "sales" : 886.78,
    "salesGrowthYoY" : 8.39,
    "grossProfitMargin" : 27.96,
    "grossProfit" : 247.94,
    "operatingProfitMargin" : 11.96,
    "operatingProfit" : 106.06,
    "netProfitMargin" : 5.97,
    "netProfit" : 52.94
  }, {
    "date" : "2014-06-30",
    "sales" : 942.09,
    "salesGrowthYoY" : 14.21,
    "grossProfitMargin" : 32.68,
    "grossProfit" : 307.88,
    "operatingProfitMargin" : 18.10,
    "operatingProfit" : 170.52,
    "netProfitMargin" : 10.56,
    "netProfit" : 99.48
  }, {
    "date" : "2014-09-30",
    "sales" : 928.17,
    "salesGrowthYoY" : 9.99,
    "grossProfitMargin" : 38.85,
    "grossProfit" : 360.59,
    "operatingProfitMargin" : 19.83,
    "operatingProfit" : 184.06,
    "netProfitMargin" : 8.28,
    "netProfit" : 76.85
  }, {
    "date" : "2014-12-31",
    "sales" : 881.58,
    "salesGrowthYoY" : 2.32,
    "grossProfitMargin" : 35.68,
    "grossProfit" : 314.55,
    "operatingProfitMargin" : 18.27,
    "operatingProfit" : 161.06,
    "netProfitMargin" : 8.24,
    "netProfit" : 72.64
  }, {
    "date" : "2015-03-31",
    "sales" : 862.15,
    "salesGrowthYoY" : -2.78,
    "grossProfitMargin" : 36.48,
    "grossProfit" : 314.51,
    "operatingProfitMargin" : 16.59,
    "operatingProfit" : 143.03,
    "netProfitMargin" : 6.82,
    "netProfit" : 58.80
  }, {
    "date" : "2015-06-30",
    "sales" : 965.32,
    "salesGrowthYoY" : 2.47,
    "grossProfitMargin" : 40.52,
    "grossProfit" : 391.15,
    "operatingProfitMargin" : 24.12,
    "operatingProfit" : 232.84,
    "netProfitMargin" : 10.93,
    "netProfit" : 105.51
  }, {
    "date" : "2015-09-30",
    "sales" : 912.09,
    "salesGrowthYoY" : -1.73,
    "grossProfitMargin" : 40.72,
    "grossProfit" : 371.40,
    "operatingProfitMargin" : 22.10,
    "operatingProfit" : 201.57,
    "netProfitMargin" : 9.66,
    "netProfit" : 88.11
  }, {
    "date" : "2015-12-31",
    "sales" : 857.92,
    "salesGrowthYoY" : -2.68,
    "grossProfitMargin" : 41.18,
    "grossProfit" : 353.29,
    "operatingProfitMargin" : 22.08,
    "operatingProfit" : 189.43,
    "netProfitMargin" : 9.30,
    "netProfit" : 79.79
  }, {
    "date" : "2016-03-31",
    "sales" : 904.09,
    "salesGrowthYoY" : 4.86,
    "grossProfitMargin" : 43.86,
    "grossProfit" : 396.53,
    "operatingProfitMargin" : 20.81,
    "operatingProfit" : 188.14,
    "netProfitMargin" : 10.00,
    "netProfit" : 90.41
  }, {
    "date" : "2016-06-30",
    "sales" : 984.83,
    "salesGrowthYoY" : 2.02,
    "grossProfitMargin" : 43.48,
    "grossProfit" : 428.20,
    "operatingProfitMargin" : 25.25,
    "operatingProfit" : 248.67,
    "netProfitMargin" : 13.16,
    "netProfit" : 129.60
  }, {
    "date" : "2016-09-30",
    "sales" : 899.09,
    "salesGrowthYoY" : -1.43,
    "grossProfitMargin" : 42.93,
    "grossProfit" : 385.98,
    "operatingProfitMargin" : 21.78,
    "operatingProfit" : 195.82,
    "netProfitMargin" : 11.25,
    "netProfit" : 101.15
  }, {
    "date" : "2016-12-31",
    "sales" : 908.18,
    "salesGrowthYoY" : 5.86,
    "grossProfitMargin" : 42.79,
    "grossProfit" : 388.61,
    "operatingProfitMargin" : 21.01,
    "operatingProfit" : 190.81,
    "netProfitMargin" : 10.15,
    "netProfit" : 92.18
  }, {
    "date" : "2017-03-31",
    "sales" : 1090.93,
    "salesGrowthYoY" : 20.67,
    "grossProfitMargin" : 41.39,
    "grossProfit" : 451.54,
    "operatingProfitMargin" : 18.79,
    "operatingProfit" : 204.99,
    "netProfitMargin" : 8.79,
    "netProfit" : 95.89
  }, {
    "date" : "2017-06-30",
    "sales" : 1037.20,
    "salesGrowthYoY" : 5.32,
    "grossProfitMargin" : 37.37,
    "grossProfit" : 387.60,
    "operatingProfitMargin" : 16.87,
    "operatingProfit" : 174.98,
    "netProfitMargin" : 8.53,
    "netProfit" : 88.47
  }, {
    "date" : "2017-09-30",
    "sales" : 1039.33,
    "salesGrowthYoY" : 15.60,
    "grossProfitMargin" : 35.98,
    "grossProfit" : 373.95,
    "operatingProfitMargin" : 17.17,
    "operatingProfit" : 178.45,
    "netProfitMargin" : 8.64,
    "netProfit" : 89.80
  }, {
    "date" : "2017-12-31",
    "sales" : 1144.20,
    "salesGrowthYoY" : 25.99,
    "grossProfitMargin" : 39.12,
    "grossProfit" : 447.61,
    "operatingProfitMargin" : 19.51,
    "operatingProfit" : 223.23,
    "netProfitMargin" : 10.62,
    "netProfit" : 121.51
  }, {
    "date" : "2018-03-31",
    "sales" : 1361.37,
    "salesGrowthYoY" : 24.79,
    "grossProfitMargin" : 37.82,
    "grossProfit" : 514.87,
    "operatingProfitMargin" : 18.06,
    "operatingProfit" : 245.86,
    "netProfitMargin" : 7.78,
    "netProfit" : 105.91
  }, {
    "date" : "2018-06-30",
    "sales" : 1380.86,
    "salesGrowthYoY" : 33.13,
    "grossProfitMargin" : 36.92,
    "grossProfit" : 509.81,
    "operatingProfitMargin" : 18.77,
    "operatingProfit" : 259.19,
    "netProfitMargin" : 8.03,
    "netProfit" : 110.88
  }, {
    "date" : "2018-09-30",
    "sales" : 1513.56,
    "salesGrowthYoY" : 45.63,
    "grossProfitMargin" : 34.89,
    "grossProfit" : 528.08,
    "operatingProfitMargin" : 16.65,
    "operatingProfit" : 252.01,
    "netProfitMargin" : 7.17,
    "netProfit" : 108.52
  }, {
    "date" : "2018-12-31",
    "sales" : 1578.43,
    "salesGrowthYoY" : 37.95,
    "grossProfitMargin" : 35.49,
    "grossProfit" : 560.18,
    "operatingProfitMargin" : 17.59,
    "operatingProfit" : 277.65,
    "netProfitMargin" : 8.39,
    "netProfit" : 132.43
  }, {
    "date" : "2019-03-31",
    "sales" : 1731.62,
    "salesGrowthYoY" : 27.20,
    "grossProfitMargin" : 37.25,
    "grossProfit" : 645.03,
    "operatingProfitMargin" : 19.38,
    "operatingProfit" : 335.59,
    "netProfitMargin" : 9.55,
    "netProfit" : 165.37
  }, {
    "date" : "2019-06-30",
    "sales" : 1524.04,
    "salesGrowthYoY" : 10.37,
    "grossProfitMargin" : 37.35,
    "grossProfit" : 569.23,
    "operatingProfitMargin" : 20.17,
    "operatingProfit" : 307.40,
    "netProfitMargin" : 9.87,
    "netProfit" : 150.42
  }, {
    "date" : "2019-09-30",
    "sales" : 1508.44,
    "salesGrowthYoY" : -0.34,
    "grossProfitMargin" : 40.10,
    "grossProfit" : 604.88,
    "operatingProfitMargin" : 18.72,
    "operatingProfit" : 282.38,
    "netProfitMargin" : 22.37,
    "netProfit" : 337.44
  }, {
    "date" : "2019-12-31",
    "sales" : 1651.84,
    "salesGrowthYoY" : 4.65,
    "grossProfitMargin" : 39.34,
    "grossProfit" : 649.83,
    "operatingProfitMargin" : 21.19,
    "operatingProfit" : 350.02,
    "netProfitMargin" : 18.87,
    "netProfit" : 311.70
  }, {
    "date" : "2020-03-31",
    "sales" : 1646.52,
    "salesGrowthYoY" : -4.91,
    "grossProfitMargin" : 41.50,
    "grossProfit" : 683.31,
    "operatingProfitMargin" : 19.71,
    "operatingProfit" : 324.53,
    "netProfitMargin" : 10.60,
    "netProfit" : 174.53
  }, {
    "date" : "2020-06-30",
    "sales" : 1297.67,
    "salesGrowthYoY" : -14.85,
    "grossProfitMargin" : 43.45,
    "grossProfit" : 563.84,
    "operatingProfitMargin" : 21.05,
    "operatingProfit" : 273.16,
    "netProfitMargin" : 8.41,
    "netProfit" : 109.13
  }, {
    "date" : "2020-09-30",
    "sales" : 1756.58,
    "salesGrowthYoY" : 16.45,
    "grossProfitMargin" : 45.38,
    "grossProfit" : 797.14,
    "operatingProfitMargin" : 26.82,
    "operatingProfit" : 471.11,
    "netProfitMargin" : 14.13,
    "netProfit" : 248.20
  }, {
    "date" : "2020-12-31",
    "sales" : 1810.86,
    "salesGrowthYoY" : 9.63,
    "grossProfitMargin" : 43.10,
    "grossProfit" : 780.48,
    "operatingProfitMargin" : 25.67,
    "operatingProfit" : 464.85,
    "netProfitMargin" : 14.17,
    "netProfit" : 256.60
  }, {
    "date" : "2021-03-31",
    "sales" : 2123.21,
    "salesGrowthYoY" : 28.95,
    "grossProfitMargin" : 42.58,
    "grossProfit" : 904.06,
    "operatingProfitMargin" : 25.07,
    "operatingProfit" : 532.29,
    "netProfitMargin" : 14.65,
    "netProfit" : 311.05
  }, {
    "date" : "2021-06-30",
    "sales" : 2199.80,
    "salesGrowthYoY" : 69.52,
    "grossProfitMargin" : 41.32,
    "grossProfit" : 908.96,
    "operatingProfitMargin" : 23.86,
    "operatingProfit" : 524.87,
    "netProfitMargin" : 13.25,
    "netProfit" : 291.47
  }, {
    "date" : "2021-09-30",
    "sales" : 2291.23,
    "salesGrowthYoY" : 30.44,
    "grossProfitMargin" : 41.04,
    "grossProfit" : 940.32,
    "operatingProfitMargin" : 24.38,
    "operatingProfit" : 558.60,
    "netProfitMargin" : 13.60,
    "netProfit" : 311.61
  }, {
    "date" : "2021-12-31",
    "sales" : 2665.17,
    "salesGrowthYoY" : 47.18,
    "grossProfitMargin" : 43.44,
    "grossProfit" : 1157.75,
    "operatingProfitMargin" : 27.30,
    "operatingProfit" : 727.59,
    "netProfitMargin" : 15.13,
    "netProfit" : 403.24
  }, {
    "date" : "2022-03-31",
    "sales" : 2797.24,
    "salesGrowthYoY" : 31.75,
    "grossProfitMargin" : 45.40,
    "grossProfit" : 1269.95,
    "operatingProfitMargin" : 28.37,
    "operatingProfit" : 793.58,
    "netProfitMargin" : 17.89,
    "netProfit" : 500.43
  }, {
    "date" : "2022-06-30",
    "sales" : 3102.87,
    "salesGrowthYoY" : 41.05,
    "grossProfitMargin" : 43.18,
    "grossProfit" : 1339.82,
    "operatingProfitMargin" : 27.14,
    "operatingProfit" : 842.12,
    "netProfitMargin" : 16.39,
    "netProfit" : 508.56
  }, {
    "date" : "2022-09-30",
    "sales" : 2971.84,
    "salesGrowthYoY" : 29.71,
    "grossProfitMargin" : 39.89,
    "grossProfit" : 1185.47,
    "operatingProfitMargin" : 23.10,
    "operatingProfit" : 686.50,
    "netProfitMargin" : 14.78,
    "netProfit" : 439.24
  }, {
    "date" : "2022-12-31",
    "sales" : 2856.71,
    "salesGrowthYoY" : 7.19,
    "grossProfitMargin" : 44.50,
    "grossProfit" : 1271.24,
    "operatingProfitMargin" : 26.84,
    "operatingProfit" : 766.74,
    "netProfitMargin" : 17.33,
    "netProfit" : 495.07
  }, {
    "date" : "2023-03-31",
    "sales" : 3142.42,
    "salesGrowthYoY" : 12.34,
    "grossProfitMargin" : 44.87,
    "grossProfit" : 1410.00,
    "operatingProfitMargin" : 28.60,
    "operatingProfit" : 898.73,
    "netProfitMargin" : 18.48,
    "netProfit" : 580.72
  }, {
    "date" : "2023-06-30",
    "sales" : 2773.72,
    "salesGrowthYoY" : -10.61,
    "grossProfitMargin" : 41.34,
    "grossProfit" : 1146.66,
    "operatingProfitMargin" : 23.48,
    "operatingProfit" : 651.27,
    "netProfitMargin" : 13.17,
    "netProfit" : 365.30
  }, {
    "date" : "2023-09-30",
    "sales" : 2586.98,
    "salesGrowthYoY" : -12.95,
    "grossProfitMargin" : 41.27,
    "grossProfit" : 1067.65,
    "operatingProfitMargin" : 22.19,
    "operatingProfit" : 574.05,
    "netProfitMargin" : 11.93,
    "netProfit" : 308.63
  }, {
    "date" : "2023-12-31",
    "sales" : 2506.34,
    "salesGrowthYoY" : -12.26,
    "grossProfitMargin" : 41.14,
    "grossProfit" : 1031.11,
    "operatingProfitMargin" : 20.64,
    "operatingProfit" : 517.31,
    "netProfitMargin" : 10.49,
    "netProfit" : 262.92
  }, {
    "date" : "2024-03-31",
    "sales" : 2919.63,
    "salesGrowthYoY" : -7.09,
    "grossProfitMargin" : 42.51,
    "grossProfit" : 1241.13,
    "operatingProfitMargin" : 22.17,
    "operatingProfit" : 647.28,
    "netProfitMargin" : 14.97,
    "netProfit" : 437.07
  }, {
    "date" : "2024-06-30",
    "sales" : 2736.30,
    "salesGrowthYoY" : -1.35,
    "grossProfitMargin" : 40.34,
    "grossProfit" : 1103.82,
    "operatingProfitMargin" : 19.44,
    "operatingProfit" : 531.94,
    "netProfitMargin" : 9.13,
    "netProfit" : 249.82
  }, {
    "date" : "2024-09-30",
    "sales" : 2703.53,
    "salesGrowthYoY" : 4.51,
    "grossProfitMargin" : 39.48,
    "grossProfit" : 1067.35,
    "operatingProfitMargin" : 18.13,
    "operatingProfit" : 490.15,
    "netProfitMargin" : 8.33,
    "netProfit" : 225.20
  }, {
    "date" : "2024-12-31",
    "sales" : 2761.64,
    "salesGrowthYoY" : 10.19,
    "grossProfitMargin" : 41.59,
    "grossProfit" : 1148.57,
    "operatingProfitMargin" : 20.19,
    "operatingProfit" : 557.58,
    "netProfitMargin" : 10.13,
    "netProfit" : 279.75
  }, {
    "date" : "2025-03-31",
    "sales" : 3496.50,
    "salesGrowthYoY" : 19.76,
    "grossProfitMargin" : 43.73,
    "grossProfit" : 1529.02,
    "operatingProfitMargin" : 25.06,
    "operatingProfit" : 876.22,
    "netProfitMargin" : 14.68,
    "netProfit" : 513.29
  }, {
    "date" : "2025-06-30",
    "sales" : 3040.17,
    "salesGrowthYoY" : 11.11,
    "grossProfitMargin" : 43.14,
    "grossProfit" : 1311.53,
    "operatingProfitMargin" : 23.81,
    "operatingProfit" : 723.86,
    "netProfitMargin" : 13.06,
    "netProfit" : 397.05
  }, {
    "date" : "2025-09-30",
    "sales" : 2852.96,
    "salesGrowthYoY" : 5.53,
    "grossProfitMargin" : 45.33,
    "grossProfit" : 1293.25,
    "operatingProfitMargin" : 23.66,
    "operatingProfit" : 675.01,
    "netProfitMargin" : 12.71,
    "netProfit" : 362.61
  } ],
  "latestQuarterlyResult" : {
    "date" : "2025-09-30",
    "sales" : 2852.96,
    "salesGrowthYoY" : 5.53,
    "grossProfitMargin" : 45.33,
    "grossProfit" : 1293.25,
    "operatingProfitMargin" : 23.66,
    "operatingProfit" : 675.01,
    "netProfitMargin" : 12.71,
    "netProfit" : 362.61
  },
  "companyScore" : {
    "priceHigherThanDma50" : 0.00,
    "priceHigherThanDma100" : 0.00,
    "priceHigherThanDma200" : 0.00,
    "dma50HigherThanDma100" : 0.00,
    "dma50HigherThanDma200" : 5.00,
    "dma100HigherThanDma200" : 5.00,
    "pricePercentageAboveDma50" : 5.15,
    "pricePercentageAboveDma100" : 5.23,
    "pricePercentageAboveDma200" : 5.11,
    "weeklyVolumeHigherThanYearlyVolume" : 5.00,
    "salesGrowthPercentile" : 9.11,
    "operatingProfitMarginPercentile" : 13.01,
    "netProfitMarginPercentile" : 6.39,
    "totalTechnicalScore" : 30.49,
    "totalFundamentalScore" : 28.51,
    "totalScore" : 59.00
  }
}