{
  "metadata" : {
    "screenerCompanyId" : "3248",
    "companyCode" : "SUNTV",
    "companyName" : "Sun TV Network",
    "screenerCompanyLink" : "https://www.screener.in/company/SUNTV",
    "screenerTechnicalHistoryLink" : "https://www.screener.in/api/company/3248/chart/?q=Price-DMA50-DMA200-Volume&days=365",
    "screenerQuarterlyResultsLink" : "https://www.screener.in/api/company/3248/chart/?q=GPM-OPM-NPM-Quarter+Sales&days=10000",
    "attributes" : {
      "companyCode" : "SUNTV",
      "companyName" : "Sun TV Network",
      "marketCap" : 21619.00,
      "peRatio" : 13.20,
      "description" : "Sun TV Network was established in 1985 as Sumangali Publications Private Limited and was later renamed as Sun TV Network Limited. Sun TV, the flagship channel of the company, was started in 1993. STNL is primarily involved in television broadcasting. Besides, it produces/distributes movies under the banner Sun Pictures[1]"
    },
    "companyScore" : {
      "priceHigherThanDma50" : 0.00,
      "priceHigherThanDma100" : 0.00,
      "priceHigherThanDma200" : 0.00,
      "dma50HigherThanDma100" : 0.00,
      "dma50HigherThanDma200" : 0.00,
      "dma100HigherThanDma200" : 0.00,
      "pricePercentageAboveDma50" : 5.09,
      "pricePercentageAboveDma100" : 5.13,
      "pricePercentageAboveDma200" : 5.38,
      "weeklyVolumeHigherThanYearlyVolume" : 5.00,
      "salesGrowthPercentile" : 16.15,
      "operatingProfitMarginPercentile" : 9.18,
      "netProfitMarginPercentile" : 1.20,
      "totalTechnicalScore" : 20.60,
      "totalFundamentalScore" : 26.54,
      "totalScore" : 47.14
    }
  },
  "attributes" : {
    "companyCode" : "SUNTV",
    "companyName" : "Sun TV Network",
    "marketCap" : 21619.00,
    "peRatio" : 13.20,
    "description" : "Sun TV Network was established in 1985 as Sumangali Publications Private Limited and was later renamed as Sun TV Network Limited. Sun TV, the flagship channel of the company, was started in 1993. STNL is primarily involved in television broadcasting. Besides, it produces/distributes movies under the banner Sun Pictures[1]"
  },
  "technicalHistory" : [ {
    "date" : "2024-12-09",
    "price" : 754.95,
    "dma50" : 763.80,
    "dma100" : null,
    "dma200" : 737.91,
    "volume" : 325991.00
  }, {
    "date" : "2024-12-10",
    "price" : 747.30,
    "dma50" : 763.15,
    "dma100" : null,
    "dma200" : 738.00,
    "volume" : 422797.00
  }, {
    "date" : "2024-12-11",
    "price" : 749.60,
    "dma50" : 762.62,
    "dma100" : null,
    "dma200" : 738.11,
    "volume" : 124636.00
  }, {
    "date" : "2024-12-12",
    "price" : 722.70,
    "dma50" : 761.06,
    "dma100" : null,
    "dma200" : 737.96,
    "volume" : 374711.00
  }, {
    "date" : "2024-12-13",
    "price" : 722.95,
    "dma50" : 759.56,
    "dma100" : null,
    "dma200" : 737.81,
    "volume" : 236351.00
  }, {
    "date" : "2024-12-16",
    "price" : 739.20,
    "dma50" : 758.76,
    "dma100" : null,
    "dma200" : 737.83,
    "volume" : 319811.00
  }, {
    "date" : "2024-12-17",
    "price" : 733.35,
    "dma50" : 757.77,
    "dma100" : null,
    "dma200" : 737.78,
    "volume" : 325675.00
  }, {
    "date" : "2024-12-18",
    "price" : 720.45,
    "dma50" : 756.30,
    "dma100" : null,
    "dma200" : 737.61,
    "volume" : 144070.00
  }, {
    "date" : "2024-12-19",
    "price" : 710.55,
    "dma50" : 754.51,
    "dma100" : null,
    "dma200" : 737.34,
    "volume" : 186874.00
  }, {
    "date" : "2024-12-20",
    "price" : 696.85,
    "dma50" : 752.25,
    "dma100" : null,
    "dma200" : 736.94,
    "volume" : 295945.00
  }, {
    "date" : "2024-12-23",
    "price" : 706.10,
    "dma50" : 750.44,
    "dma100" : null,
    "dma200" : 736.63,
    "volume" : 440174.00
  }, {
    "date" : "2024-12-24",
    "price" : 691.90,
    "dma50" : 748.14,
    "dma100" : null,
    "dma200" : 736.18,
    "volume" : 295638.00
  }, {
    "date" : "2024-12-26",
    "price" : 686.45,
    "dma50" : 745.72,
    "dma100" : null,
    "dma200" : 735.69,
    "volume" : 304569.00
  }, {
    "date" : "2024-12-27",
    "price" : 686.45,
    "dma50" : 743.40,
    "dma100" : null,
    "dma200" : 735.20,
    "volume" : 213552.00
  }, {
    "date" : "2024-12-30",
    "price" : 682.35,
    "dma50" : 741.01,
    "dma100" : null,
    "dma200" : 734.67,
    "volume" : 467408.00
  }, {
    "date" : "2024-12-31",
    "price" : 683.35,
    "dma50" : 738.74,
    "dma100" : null,
    "dma200" : 734.16,
    "volume" : 207692.00
  }, {
    "date" : "2025-01-01",
    "price" : 690.05,
    "dma50" : 736.83,
    "dma100" : null,
    "dma200" : 733.72,
    "volume" : 211801.00
  }, {
    "date" : "2025-01-02",
    "price" : 693.50,
    "dma50" : 735.14,
    "dma100" : null,
    "dma200" : 733.32,
    "volume" : 124207.00
  }, {
    "date" : "2025-01-03",
    "price" : 687.40,
    "dma50" : 733.26,
    "dma100" : null,
    "dma200" : 732.87,
    "volume" : 170952.00
  }, {
    "date" : "2025-01-06",
    "price" : 668.60,
    "dma50" : 730.73,
    "dma100" : null,
    "dma200" : 732.23,
    "volume" : 176124.00
  }, {
    "date" : "2025-01-07",
    "price" : 666.05,
    "dma50" : 728.19,
    "dma100" : null,
    "dma200" : 731.57,
    "volume" : 688322.00
  }, {
    "date" : "2025-01-08",
    "price" : 669.20,
    "dma50" : 725.88,
    "dma100" : null,
    "dma200" : 730.95,
    "volume" : 172424.00
  }, {
    "date" : "2025-01-09",
    "price" : 669.20,
    "dma50" : 723.66,
    "dma100" : null,
    "dma200" : 730.33,
    "volume" : 466170.00
  }, {
    "date" : "2025-01-10",
    "price" : 670.20,
    "dma50" : 721.56,
    "dma100" : null,
    "dma200" : 729.74,
    "volume" : 526572.00
  }, {
    "date" : "2025-01-13",
    "price" : 644.95,
    "dma50" : 718.55,
    "dma100" : null,
    "dma200" : 728.89,
    "volume" : 487728.00
  }, {
    "date" : "2025-01-14",
    "price" : 658.00,
    "dma50" : 716.18,
    "dma100" : null,
    "dma200" : 728.19,
    "volume" : 138445.00
  }, {
    "date" : "2025-01-15",
    "price" : 653.30,
    "dma50" : 713.71,
    "dma100" : null,
    "dma200" : 727.44,
    "volume" : 230074.00
  }, {
    "date" : "2025-01-16",
    "price" : 652.90,
    "dma50" : 711.33,
    "dma100" : null,
    "dma200" : 726.70,
    "volume" : 109406.00
  }, {
    "date" : "2025-01-17",
    "price" : 649.35,
    "dma50" : 708.90,
    "dma100" : null,
    "dma200" : 725.93,
    "volume" : 110988.00
  }, {
    "date" : "2025-01-20",
    "price" : 646.55,
    "dma50" : 706.45,
    "dma100" : null,
    "dma200" : 725.14,
    "volume" : 98405.00
  }, {
    "date" : "2025-01-21",
    "price" : 644.35,
    "dma50" : 704.02,
    "dma100" : null,
    "dma200" : 724.34,
    "volume" : 236295.00
  }, {
    "date" : "2025-01-22",
    "price" : 645.55,
    "dma50" : 701.73,
    "dma100" : null,
    "dma200" : 723.55,
    "volume" : 252619.00
  }, {
    "date" : "2025-01-23",
    "price" : 652.75,
    "dma50" : 699.80,
    "dma100" : null,
    "dma200" : 722.85,
    "volume" : 131888.00
  }, {
    "date" : "2025-01-24",
    "price" : 640.45,
    "dma50" : 697.48,
    "dma100" : null,
    "dma200" : 722.03,
    "volume" : 152392.00
  }, {
    "date" : "2025-01-27",
    "price" : 632.20,
    "dma50" : 694.92,
    "dma100" : null,
    "dma200" : 721.13,
    "volume" : 427225.00
  }, {
    "date" : "2025-01-28",
    "price" : 626.80,
    "dma50" : 692.25,
    "dma100" : null,
    "dma200" : 720.20,
    "volume" : 158208.00
  }, {
    "date" : "2025-01-29",
    "price" : 635.90,
    "dma50" : 690.04,
    "dma100" : null,
    "dma200" : 719.36,
    "volume" : 244361.00
  }, {
    "date" : "2025-01-30",
    "price" : 631.40,
    "dma50" : 687.74,
    "dma100" : null,
    "dma200" : 718.48,
    "volume" : 709951.00
  }, {
    "date" : "2025-01-31",
    "price" : 618.85,
    "dma50" : 685.04,
    "dma100" : null,
    "dma200" : 717.49,
    "volume" : 435226.00
  }, {
    "date" : "2025-02-01",
    "price" : 625.20,
    "dma50" : 682.69,
    "dma100" : null,
    "dma200" : 716.57,
    "volume" : 160048.00
  }, {
    "date" : "2025-02-03",
    "price" : 617.45,
    "dma50" : 680.13,
    "dma100" : null,
    "dma200" : 715.59,
    "volume" : 613390.00
  }, {
    "date" : "2025-02-04",
    "price" : 630.60,
    "dma50" : 678.19,
    "dma100" : null,
    "dma200" : 714.74,
    "volume" : 568343.00
  }, {
    "date" : "2025-02-05",
    "price" : 635.90,
    "dma50" : 676.53,
    "dma100" : null,
    "dma200" : 713.96,
    "volume" : 265810.00
  }, {
    "date" : "2025-02-06",
    "price" : 638.85,
    "dma50" : 675.05,
    "dma100" : null,
    "dma200" : 713.21,
    "volume" : 292687.00
  }, {
    "date" : "2025-02-07",
    "price" : 631.65,
    "dma50" : 673.35,
    "dma100" : null,
    "dma200" : 712.40,
    "volume" : 1260937.00
  }, {
    "date" : "2025-02-10",
    "price" : 605.60,
    "dma50" : 670.69,
    "dma100" : null,
    "dma200" : 711.33,
    "volume" : 2006877.00
  }, {
    "date" : "2025-02-11",
    "price" : 610.65,
    "dma50" : 668.34,
    "dma100" : null,
    "dma200" : 710.33,
    "volume" : 1137045.00
  }, {
    "date" : "2025-02-12",
    "price" : 607.35,
    "dma50" : 665.95,
    "dma100" : null,
    "dma200" : 709.31,
    "volume" : 404756.00
  }, {
    "date" : "2025-02-13",
    "price" : 597.90,
    "dma50" : 663.28,
    "dma100" : null,
    "dma200" : 708.20,
    "volume" : 219136.00
  }, {
    "date" : "2025-02-14",
    "price" : 584.60,
    "dma50" : 660.19,
    "dma100" : null,
    "dma200" : 706.97,
    "volume" : 258002.00
  }, {
    "date" : "2025-02-17",
    "price" : 585.30,
    "dma50" : 657.26,
    "dma100" : null,
    "dma200" : 705.76,
    "volume" : 191056.00
  }, {
    "date" : "2025-02-18",
    "price" : 579.50,
    "dma50" : 654.21,
    "dma100" : null,
    "dma200" : 704.50,
    "volume" : 242393.00
  }, {
    "date" : "2025-02-19",
    "price" : 576.10,
    "dma50" : 651.14,
    "dma100" : null,
    "dma200" : 703.22,
    "volume" : 200863.00
  }, {
    "date" : "2025-02-20",
    "price" : 579.30,
    "dma50" : 648.33,
    "dma100" : null,
    "dma200" : 701.99,
    "volume" : 119760.00
  }, {
    "date" : "2025-02-21",
    "price" : 575.95,
    "dma50" : 645.49,
    "dma100" : null,
    "dma200" : 700.74,
    "volume" : 263751.00
  }, {
    "date" : "2025-02-24",
    "price" : 579.70,
    "dma50" : 642.91,
    "dma100" : null,
    "dma200" : 699.53,
    "volume" : 322046.00
  }, {
    "date" : "2025-02-25",
    "price" : 602.75,
    "dma50" : 641.33,
    "dma100" : null,
    "dma200" : 698.57,
    "volume" : 1274063.00
  }, {
    "date" : "2025-02-27",
    "price" : 581.10,
    "dma50" : 638.97,
    "dma100" : null,
    "dma200" : 697.40,
    "volume" : 1746934.00
  }, {
    "date" : "2025-02-28",
    "price" : 561.50,
    "dma50" : 635.93,
    "dma100" : null,
    "dma200" : 696.05,
    "volume" : 552023.00
  }, {
    "date" : "2025-03-03",
    "price" : 562.35,
    "dma50" : 633.05,
    "dma100" : null,
    "dma200" : 694.72,
    "volume" : 402638.00
  }, {
    "date" : "2025-03-04",
    "price" : 561.45,
    "dma50" : 630.24,
    "dma100" : null,
    "dma200" : 693.39,
    "volume" : 176353.00
  }, {
    "date" : "2025-03-05",
    "price" : 568.40,
    "dma50" : 627.81,
    "dma100" : null,
    "dma200" : 692.15,
    "volume" : 562977.00
  }, {
    "date" : "2025-03-06",
    "price" : 564.55,
    "dma50" : 625.33,
    "dma100" : null,
    "dma200" : 690.88,
    "volume" : 248835.00
  }, {
    "date" : "2025-03-07",
    "price" : 569.90,
    "dma50" : 623.16,
    "dma100" : null,
    "dma200" : 689.68,
    "volume" : 329498.00
  }, {
    "date" : "2025-03-10",
    "price" : 560.95,
    "dma50" : 620.72,
    "dma100" : null,
    "dma200" : 688.39,
    "volume" : 367307.00
  }, {
    "date" : "2025-03-11",
    "price" : 579.20,
    "dma50" : 619.09,
    "dma100" : null,
    "dma200" : 687.31,
    "volume" : 355318.00
  }, {
    "date" : "2025-03-12",
    "price" : 574.65,
    "dma50" : 617.35,
    "dma100" : null,
    "dma200" : 686.19,
    "volume" : 228647.00
  }, {
    "date" : "2025-03-13",
    "price" : 570.40,
    "dma50" : 615.51,
    "dma100" : null,
    "dma200" : 685.03,
    "volume" : 196994.00
  }, {
    "date" : "2025-03-17",
    "price" : 570.20,
    "dma50" : 613.73,
    "dma100" : null,
    "dma200" : 683.89,
    "volume" : 120184.00
  }, {
    "date" : "2025-03-18",
    "price" : 577.95,
    "dma50" : 612.33,
    "dma100" : null,
    "dma200" : 682.84,
    "volume" : 233016.00
  }, {
    "date" : "2025-03-19",
    "price" : 612.30,
    "dma50" : 612.33,
    "dma100" : null,
    "dma200" : 682.14,
    "volume" : 608860.00
  }, {
    "date" : "2025-03-20",
    "price" : 621.90,
    "dma50" : 612.70,
    "dma100" : null,
    "dma200" : 681.54,
    "volume" : 393132.00
  }, {
    "date" : "2025-03-21",
    "price" : 635.00,
    "dma50" : 613.58,
    "dma100" : null,
    "dma200" : 681.07,
    "volume" : 615139.00
  }, {
    "date" : "2025-03-24",
    "price" : 650.50,
    "dma50" : 615.02,
    "dma100" : null,
    "dma200" : 680.77,
    "volume" : 297722.00
  }, {
    "date" : "2025-03-25",
    "price" : 664.95,
    "dma50" : 616.98,
    "dma100" : null,
    "dma200" : 680.61,
    "volume" : 525034.00
  }, {
    "date" : "2025-03-26",
    "price" : 644.40,
    "dma50" : 618.06,
    "dma100" : null,
    "dma200" : 680.25,
    "volume" : 281001.00
  }, {
    "date" : "2025-03-27",
    "price" : 665.45,
    "dma50" : 619.92,
    "dma100" : null,
    "dma200" : 680.10,
    "volume" : 307439.00
  }, {
    "date" : "2025-03-28",
    "price" : 649.95,
    "dma50" : 621.09,
    "dma100" : null,
    "dma200" : 679.80,
    "volume" : 197028.00
  }, {
    "date" : "2025-04-01",
    "price" : 639.05,
    "dma50" : 621.80,
    "dma100" : null,
    "dma200" : 679.40,
    "volume" : 167728.00
  }, {
    "date" : "2025-04-02",
    "price" : 644.60,
    "dma50" : 622.69,
    "dma100" : null,
    "dma200" : 679.05,
    "volume" : 282899.00
  }, {
    "date" : "2025-04-03",
    "price" : 648.75,
    "dma50" : 623.71,
    "dma100" : null,
    "dma200" : 678.75,
    "volume" : 155903.00
  }, {
    "date" : "2025-04-04",
    "price" : 632.50,
    "dma50" : 624.06,
    "dma100" : null,
    "dma200" : 678.29,
    "volume" : 79179.00
  }, {
    "date" : "2025-04-07",
    "price" : 631.15,
    "dma50" : 624.34,
    "dma100" : null,
    "dma200" : 677.82,
    "volume" : 334996.00
  }, {
    "date" : "2025-04-08",
    "price" : 652.80,
    "dma50" : 625.45,
    "dma100" : null,
    "dma200" : 677.57,
    "volume" : 458904.00
  }, {
    "date" : "2025-04-09",
    "price" : 647.95,
    "dma50" : 626.34,
    "dma100" : null,
    "dma200" : 677.28,
    "volume" : 130303.00
  }, {
    "date" : "2025-04-11",
    "price" : 660.10,
    "dma50" : 627.66,
    "dma100" : null,
    "dma200" : 677.11,
    "volume" : 355388.00
  }, {
    "date" : "2025-04-15",
    "price" : 685.95,
    "dma50" : 629.95,
    "dma100" : null,
    "dma200" : 677.20,
    "volume" : 308003.00
  }, {
    "date" : "2025-04-16",
    "price" : 682.90,
    "dma50" : 632.02,
    "dma100" : null,
    "dma200" : 677.25,
    "volume" : 167573.00
  }, {
    "date" : "2025-04-17",
    "price" : 667.65,
    "dma50" : 633.42,
    "dma100" : null,
    "dma200" : 677.16,
    "volume" : 167569.00
  }, {
    "date" : "2025-04-21",
    "price" : 655.55,
    "dma50" : 634.29,
    "dma100" : null,
    "dma200" : 676.94,
    "volume" : 209651.00
  }, {
    "date" : "2025-04-22",
    "price" : 652.80,
    "dma50" : 635.01,
    "dma100" : null,
    "dma200" : 676.70,
    "volume" : 139460.00
  }, {
    "date" : "2025-04-23",
    "price" : 656.45,
    "dma50" : 635.85,
    "dma100" : null,
    "dma200" : 676.50,
    "volume" : 360065.00
  }, {
    "date" : "2025-04-24",
    "price" : 658.45,
    "dma50" : 636.74,
    "dma100" : null,
    "dma200" : 676.32,
    "volume" : 73064.00
  }, {
    "date" : "2025-04-25",
    "price" : 639.05,
    "dma50" : 636.83,
    "dma100" : null,
    "dma200" : 675.95,
    "volume" : 221797.00
  }, {
    "date" : "2025-04-28",
    "price" : 643.80,
    "dma50" : 637.10,
    "dma100" : null,
    "dma200" : 675.63,
    "volume" : 155539.00
  }, {
    "date" : "2025-04-29",
    "price" : 644.30,
    "dma50" : 637.39,
    "dma100" : null,
    "dma200" : 675.32,
    "volume" : 100373.00
  }, {
    "date" : "2025-04-30",
    "price" : 620.90,
    "dma50" : 636.74,
    "dma100" : null,
    "dma200" : 674.78,
    "volume" : 206491.00
  }, {
    "date" : "2025-05-02",
    "price" : 628.80,
    "dma50" : 636.43,
    "dma100" : null,
    "dma200" : 674.32,
    "volume" : 189770.00
  }, {
    "date" : "2025-05-05",
    "price" : 622.75,
    "dma50" : 635.89,
    "dma100" : null,
    "dma200" : 673.81,
    "volume" : 122975.00
  }, {
    "date" : "2025-05-06",
    "price" : 612.50,
    "dma50" : 634.97,
    "dma100" : null,
    "dma200" : 673.20,
    "volume" : 212960.00
  }, {
    "date" : "2025-05-07",
    "price" : 597.15,
    "dma50" : 633.49,
    "dma100" : 639.64,
    "dma200" : 672.44,
    "volume" : 414607.00
  }, {
    "date" : "2025-05-08",
    "price" : 595.60,
    "dma50" : 632.01,
    "dma100" : 638.13,
    "dma200" : 671.67,
    "volume" : 183176.00
  }, {
    "date" : "2025-05-09",
    "price" : 598.95,
    "dma50" : 630.71,
    "dma100" : 636.62,
    "dma200" : 670.95,
    "volume" : 181108.00
  }, {
    "date" : "2025-05-12",
    "price" : 617.30,
    "dma50" : 630.18,
    "dma100" : 635.57,
    "dma200" : 670.42,
    "volume" : 285307.00
  }, {
    "date" : "2025-05-13",
    "price" : 620.30,
    "dma50" : 629.80,
    "dma100" : 634.54,
    "dma200" : 669.92,
    "volume" : 194822.00
  }, {
    "date" : "2025-05-14",
    "price" : 623.20,
    "dma50" : 629.54,
    "dma100" : 633.38,
    "dma200" : 669.45,
    "volume" : 188133.00
  }, {
    "date" : "2025-05-15",
    "price" : 630.30,
    "dma50" : 629.57,
    "dma100" : 632.35,
    "dma200" : 669.06,
    "volume" : 175638.00
  }, {
    "date" : "2025-05-16",
    "price" : 629.20,
    "dma50" : 629.55,
    "dma100" : 631.44,
    "dma200" : 668.67,
    "volume" : 107321.00
  }, {
    "date" : "2025-05-19",
    "price" : 636.10,
    "dma50" : 629.81,
    "dma100" : 630.69,
    "dma200" : 668.34,
    "volume" : 205245.00
  }, {
    "date" : "2025-05-20",
    "price" : 631.70,
    "dma50" : 629.88,
    "dma100" : 630.04,
    "dma200" : 667.98,
    "volume" : 416256.00
  }, {
    "date" : "2025-05-21",
    "price" : 641.60,
    "dma50" : 630.34,
    "dma100" : 629.40,
    "dma200" : 667.72,
    "volume" : 163497.00
  }, {
    "date" : "2025-05-22",
    "price" : 635.40,
    "dma50" : 630.54,
    "dma100" : 628.83,
    "dma200" : 667.39,
    "volume" : 125664.00
  }, {
    "date" : "2025-05-23",
    "price" : 633.40,
    "dma50" : 630.65,
    "dma100" : 628.30,
    "dma200" : 667.06,
    "volume" : 82213.00
  }, {
    "date" : "2025-05-26",
    "price" : 633.55,
    "dma50" : 630.77,
    "dma100" : 627.77,
    "dma200" : 666.72,
    "volume" : 65739.00
  }, {
    "date" : "2025-05-27",
    "price" : 631.30,
    "dma50" : 630.79,
    "dma100" : 627.26,
    "dma200" : 666.37,
    "volume" : 66147.00
  }, {
    "date" : "2025-05-28",
    "price" : 631.55,
    "dma50" : 630.82,
    "dma100" : 626.74,
    "dma200" : 666.02,
    "volume" : 103919.00
  }, {
    "date" : "2025-05-29",
    "price" : 641.75,
    "dma50" : 631.25,
    "dma100" : 626.26,
    "dma200" : 665.78,
    "volume" : 118051.00
  }, {
    "date" : "2025-05-30",
    "price" : 629.65,
    "dma50" : 631.18,
    "dma100" : 625.62,
    "dma200" : 665.42,
    "volume" : 109332.00
  }, {
    "date" : "2025-06-02",
    "price" : 638.30,
    "dma50" : 631.46,
    "dma100" : 625.13,
    "dma200" : 665.15,
    "volume" : 252560.00
  }, {
    "date" : "2025-06-03",
    "price" : 632.65,
    "dma50" : 631.51,
    "dma100" : 624.77,
    "dma200" : 664.83,
    "volume" : 85375.00
  }, {
    "date" : "2025-06-04",
    "price" : 630.60,
    "dma50" : 631.47,
    "dma100" : 624.42,
    "dma200" : 664.49,
    "volume" : 209196.00
  }, {
    "date" : "2025-06-05",
    "price" : 619.70,
    "dma50" : 631.01,
    "dma100" : 623.92,
    "dma200" : 664.04,
    "volume" : 114548.00
  }, {
    "date" : "2025-06-06",
    "price" : 614.85,
    "dma50" : 630.38,
    "dma100" : 623.38,
    "dma200" : 663.55,
    "volume" : 175058.00
  }, {
    "date" : "2025-06-09",
    "price" : 626.05,
    "dma50" : 630.21,
    "dma100" : 622.94,
    "dma200" : 663.18,
    "volume" : 90373.00
  }, {
    "date" : "2025-06-10",
    "price" : 627.05,
    "dma50" : 630.08,
    "dma100" : 622.76,
    "dma200" : 662.82,
    "volume" : 1065809.00
  }, {
    "date" : "2025-06-11",
    "price" : 624.65,
    "dma50" : 629.87,
    "dma100" : 622.42,
    "dma200" : 662.44,
    "volume" : 190484.00
  }, {
    "date" : "2025-06-12",
    "price" : 631.00,
    "dma50" : 629.92,
    "dma100" : 622.20,
    "dma200" : 662.13,
    "volume" : 644163.00
  }, {
    "date" : "2025-06-13",
    "price" : 619.30,
    "dma50" : 629.50,
    "dma100" : 621.86,
    "dma200" : 661.70,
    "volume" : 214220.00
  }, {
    "date" : "2025-06-16",
    "price" : 622.65,
    "dma50" : 629.23,
    "dma100" : 621.60,
    "dma200" : 661.31,
    "volume" : 114952.00
  }, {
    "date" : "2025-06-17",
    "price" : 626.05,
    "dma50" : 629.11,
    "dma100" : 621.39,
    "dma200" : 660.96,
    "volume" : 273179.00
  }, {
    "date" : "2025-06-18",
    "price" : 619.10,
    "dma50" : 628.71,
    "dma100" : 621.14,
    "dma200" : 660.55,
    "volume" : 93212.00
  }, {
    "date" : "2025-06-19",
    "price" : 612.15,
    "dma50" : 628.06,
    "dma100" : 620.81,
    "dma200" : 660.06,
    "volume" : 109994.00
  }, {
    "date" : "2025-06-20",
    "price" : 607.80,
    "dma50" : 627.27,
    "dma100" : 620.36,
    "dma200" : 659.54,
    "volume" : 1456773.00
  }, {
    "date" : "2025-06-23",
    "price" : 599.90,
    "dma50" : 626.20,
    "dma100" : 619.95,
    "dma200" : 658.95,
    "volume" : 220620.00
  }, {
    "date" : "2025-06-24",
    "price" : 597.60,
    "dma50" : 625.07,
    "dma100" : 619.61,
    "dma200" : 658.34,
    "volume" : 196530.00
  }, {
    "date" : "2025-06-25",
    "price" : 593.55,
    "dma50" : 623.84,
    "dma100" : 619.27,
    "dma200" : 657.70,
    "volume" : 211873.00
  }, {
    "date" : "2025-06-26",
    "price" : 589.85,
    "dma50" : 622.51,
    "dma100" : 618.81,
    "dma200" : 657.02,
    "volume" : 195278.00
  }, {
    "date" : "2025-06-27",
    "price" : 598.55,
    "dma50" : 621.57,
    "dma100" : 618.48,
    "dma200" : 656.44,
    "volume" : 277635.00
  }, {
    "date" : "2025-06-30",
    "price" : 598.40,
    "dma50" : 620.66,
    "dma100" : 618.28,
    "dma200" : 655.86,
    "volume" : 113468.00
  }, {
    "date" : "2025-07-01",
    "price" : 594.75,
    "dma50" : 619.64,
    "dma100" : 617.97,
    "dma200" : 655.25,
    "volume" : 98462.00
  }, {
    "date" : "2025-07-02",
    "price" : 590.00,
    "dma50" : 618.48,
    "dma100" : 617.70,
    "dma200" : 654.60,
    "volume" : 197891.00
  }, {
    "date" : "2025-07-03",
    "price" : 590.50,
    "dma50" : 617.38,
    "dma100" : 617.30,
    "dma200" : 653.97,
    "volume" : 144279.00
  }, {
    "date" : "2025-07-04",
    "price" : 590.00,
    "dma50" : 616.31,
    "dma100" : 616.84,
    "dma200" : 653.33,
    "volume" : 214596.00
  }, {
    "date" : "2025-07-07",
    "price" : 580.05,
    "dma50" : 614.89,
    "dma100" : 616.25,
    "dma200" : 652.60,
    "volume" : 296687.00
  }, {
    "date" : "2025-07-08",
    "price" : 573.25,
    "dma50" : 613.25,
    "dma100" : 615.67,
    "dma200" : 651.81,
    "volume" : 248890.00
  }, {
    "date" : "2025-07-09",
    "price" : 569.75,
    "dma50" : 611.55,
    "dma100" : 615.31,
    "dma200" : 650.99,
    "volume" : 731154.00
  }, {
    "date" : "2025-07-10",
    "price" : 566.95,
    "dma50" : 609.80,
    "dma100" : 614.87,
    "dma200" : 650.16,
    "volume" : 384641.00
  }, {
    "date" : "2025-07-11",
    "price" : 566.50,
    "dma50" : 608.10,
    "dma100" : 614.46,
    "dma200" : 649.33,
    "volume" : 262415.00
  }, {
    "date" : "2025-07-14",
    "price" : 572.70,
    "dma50" : 606.71,
    "dma100" : 614.21,
    "dma200" : 648.56,
    "volume" : 338293.00
  }, {
    "date" : "2025-07-15",
    "price" : 569.15,
    "dma50" : 605.24,
    "dma100" : 614.06,
    "dma200" : 647.77,
    "volume" : 341865.00
  }, {
    "date" : "2025-07-16",
    "price" : 575.75,
    "dma50" : 604.08,
    "dma100" : 613.96,
    "dma200" : 647.06,
    "volume" : 499612.00
  }, {
    "date" : "2025-07-17",
    "price" : 576.45,
    "dma50" : 603.00,
    "dma100" : 613.93,
    "dma200" : 646.35,
    "volume" : 131104.00
  }, {
    "date" : "2025-07-18",
    "price" : 575.75,
    "dma50" : 601.93,
    "dma100" : 613.93,
    "dma200" : 645.65,
    "volume" : 257594.00
  }, {
    "date" : "2025-07-21",
    "price" : 591.70,
    "dma50" : 601.53,
    "dma100" : 614.05,
    "dma200" : 645.11,
    "volume" : 540931.00
  }, {
    "date" : "2025-07-22",
    "price" : 586.40,
    "dma50" : 600.94,
    "dma100" : 614.16,
    "dma200" : 644.53,
    "volume" : 905949.00
  }, {
    "date" : "2025-07-23",
    "price" : 592.15,
    "dma50" : 600.59,
    "dma100" : 614.28,
    "dma200" : 644.01,
    "volume" : 201524.00
  }, {
    "date" : "2025-07-24",
    "price" : 586.30,
    "dma50" : 600.03,
    "dma100" : 614.12,
    "dma200" : 643.44,
    "volume" : 154264.00
  }, {
    "date" : "2025-07-25",
    "price" : 575.85,
    "dma50" : 599.08,
    "dma100" : 614.06,
    "dma200" : 642.76,
    "volume" : 92189.00
  }, {
    "date" : "2025-07-28",
    "price" : 567.55,
    "dma50" : 597.85,
    "dma100" : 614.12,
    "dma200" : 642.01,
    "volume" : 144653.00
  }, {
    "date" : "2025-07-29",
    "price" : 574.20,
    "dma50" : 596.92,
    "dma100" : 614.24,
    "dma200" : 641.34,
    "volume" : 138602.00
  }, {
    "date" : "2025-07-30",
    "price" : 567.85,
    "dma50" : 595.78,
    "dma100" : 614.31,
    "dma200" : 640.61,
    "volume" : 98546.00
  }, {
    "date" : "2025-07-31",
    "price" : 562.85,
    "dma50" : 594.49,
    "dma100" : 614.25,
    "dma200" : 639.83,
    "volume" : 269339.00
  }, {
    "date" : "2025-08-01",
    "price" : 560.95,
    "dma50" : 593.17,
    "dma100" : 614.22,
    "dma200" : 639.05,
    "volume" : 99279.00
  }, {
    "date" : "2025-08-04",
    "price" : 565.50,
    "dma50" : 592.09,
    "dma100" : 614.17,
    "dma200" : 638.32,
    "volume" : 88678.00
  }, {
    "date" : "2025-08-05",
    "price" : 563.15,
    "dma50" : 590.95,
    "dma100" : 614.19,
    "dma200" : 637.57,
    "volume" : 89286.00
  }, {
    "date" : "2025-08-06",
    "price" : 557.80,
    "dma50" : 589.65,
    "dma100" : 613.98,
    "dma200" : 636.78,
    "volume" : 125108.00
  }, {
    "date" : "2025-08-07",
    "price" : 560.60,
    "dma50" : 588.51,
    "dma100" : 613.84,
    "dma200" : 636.02,
    "volume" : 127330.00
  }, {
    "date" : "2025-08-08",
    "price" : 549.60,
    "dma50" : 586.99,
    "dma100" : 613.63,
    "dma200" : 635.16,
    "volume" : 293456.00
  }, {
    "date" : "2025-08-11",
    "price" : 567.90,
    "dma50" : 586.24,
    "dma100" : 613.61,
    "dma200" : 634.49,
    "volume" : 1194438.00
  }, {
    "date" : "2025-08-12",
    "price" : 576.90,
    "dma50" : 585.87,
    "dma100" : 613.60,
    "dma200" : 633.92,
    "volume" : 452224.00
  }, {
    "date" : "2025-08-13",
    "price" : 586.20,
    "dma50" : 585.89,
    "dma100" : 613.34,
    "dma200" : 633.44,
    "volume" : 397217.00
  }, {
    "date" : "2025-08-14",
    "price" : 574.85,
    "dma50" : 585.45,
    "dma100" : 612.87,
    "dma200" : 632.86,
    "volume" : 321151.00
  }, {
    "date" : "2025-08-18",
    "price" : 580.55,
    "dma50" : 585.26,
    "dma100" : 612.32,
    "dma200" : 632.34,
    "volume" : 252177.00
  }, {
    "date" : "2025-08-19",
    "price" : 582.50,
    "dma50" : 585.15,
    "dma100" : 611.64,
    "dma200" : 631.84,
    "volume" : 152945.00
  }, {
    "date" : "2025-08-20",
    "price" : 580.10,
    "dma50" : 584.95,
    "dma100" : 610.79,
    "dma200" : 631.33,
    "volume" : 101998.00
  }, {
    "date" : "2025-08-21",
    "price" : 576.35,
    "dma50" : 584.62,
    "dma100" : 610.11,
    "dma200" : 630.78,
    "volume" : 93538.00
  }, {
    "date" : "2025-08-22",
    "price" : 573.10,
    "dma50" : 584.16,
    "dma100" : 609.19,
    "dma200" : 630.21,
    "volume" : 55567.00
  }, {
    "date" : "2025-08-25",
    "price" : 568.60,
    "dma50" : 583.55,
    "dma100" : 608.38,
    "dma200" : 629.59,
    "volume" : 81606.00
  }, {
    "date" : "2025-08-26",
    "price" : 555.15,
    "dma50" : 582.44,
    "dma100" : 607.54,
    "dma200" : 628.85,
    "volume" : 291019.00
  }, {
    "date" : "2025-08-28",
    "price" : 552.65,
    "dma50" : 581.27,
    "dma100" : 606.62,
    "dma200" : 628.09,
    "volume" : 112072.00
  }, {
    "date" : "2025-08-29",
    "price" : 543.50,
    "dma50" : 579.79,
    "dma100" : 605.56,
    "dma200" : 627.25,
    "volume" : 931931.00
  }, {
    "date" : "2025-09-01",
    "price" : 544.85,
    "dma50" : 578.42,
    "dma100" : 604.69,
    "dma200" : 626.43,
    "volume" : 298463.00
  }, {
    "date" : "2025-09-02",
    "price" : 567.40,
    "dma50" : 577.99,
    "dma100" : 604.05,
    "dma200" : 625.85,
    "volume" : 1266425.00
  }, {
    "date" : "2025-09-03",
    "price" : 561.30,
    "dma50" : 577.33,
    "dma100" : 603.14,
    "dma200" : 625.20,
    "volume" : 138974.00
  }, {
    "date" : "2025-09-04",
    "price" : 559.80,
    "dma50" : 576.65,
    "dma100" : 602.25,
    "dma200" : 624.55,
    "volume" : 212408.00
  }, {
    "date" : "2025-09-05",
    "price" : 556.30,
    "dma50" : 575.85,
    "dma100" : 601.22,
    "dma200" : 623.87,
    "volume" : 92739.00
  }, {
    "date" : "2025-09-08",
    "price" : 552.10,
    "dma50" : 574.92,
    "dma100" : 599.88,
    "dma200" : 623.16,
    "volume" : 122060.00
  }, {
    "date" : "2025-09-09",
    "price" : 559.05,
    "dma50" : 574.30,
    "dma100" : 598.64,
    "dma200" : 622.52,
    "volume" : 329742.00
  }, {
    "date" : "2025-09-10",
    "price" : 555.70,
    "dma50" : 573.57,
    "dma100" : 597.52,
    "dma200" : 621.86,
    "volume" : 210866.00
  }, {
    "date" : "2025-09-11",
    "price" : 560.20,
    "dma50" : 573.04,
    "dma100" : 596.57,
    "dma200" : 621.24,
    "volume" : 389363.00
  }, {
    "date" : "2025-09-12",
    "price" : 556.10,
    "dma50" : 572.38,
    "dma100" : 595.60,
    "dma200" : 620.59,
    "volume" : 161064.00
  }, {
    "date" : "2025-09-15",
    "price" : 553.35,
    "dma50" : 571.63,
    "dma100" : 594.57,
    "dma200" : 619.93,
    "volume" : 253104.00
  }, {
    "date" : "2025-09-16",
    "price" : 556.70,
    "dma50" : 571.05,
    "dma100" : 593.55,
    "dma200" : 619.30,
    "volume" : 271915.00
  }, {
    "date" : "2025-09-17",
    "price" : 560.00,
    "dma50" : 570.61,
    "dma100" : 592.76,
    "dma200" : 618.71,
    "volume" : 160974.00
  }, {
    "date" : "2025-09-18",
    "price" : 559.70,
    "dma50" : 570.18,
    "dma100" : 591.92,
    "dma200" : 618.12,
    "volume" : 169952.00
  }, {
    "date" : "2025-09-19",
    "price" : 557.50,
    "dma50" : 569.69,
    "dma100" : 591.05,
    "dma200" : 617.52,
    "volume" : 169501.00
  }, {
    "date" : "2025-09-22",
    "price" : 553.50,
    "dma50" : 569.05,
    "dma100" : 590.38,
    "dma200" : 616.88,
    "volume" : 133803.00
  }, {
    "date" : "2025-09-23",
    "price" : 548.00,
    "dma50" : 568.23,
    "dma100" : 589.57,
    "dma200" : 616.19,
    "volume" : 154882.00
  }, {
    "date" : "2025-09-24",
    "price" : 543.05,
    "dma50" : 567.24,
    "dma100" : 588.77,
    "dma200" : 615.47,
    "volume" : 121463.00
  }, {
    "date" : "2025-09-25",
    "price" : 535.40,
    "dma50" : 565.99,
    "dma100" : 588.00,
    "dma200" : 614.67,
    "volume" : 122597.00
  }, {
    "date" : "2025-09-26",
    "price" : 523.75,
    "dma50" : 564.33,
    "dma100" : 587.27,
    "dma200" : 613.76,
    "volume" : 262234.00
  }, {
    "date" : "2025-09-29",
    "price" : 527.20,
    "dma50" : 562.88,
    "dma100" : 586.58,
    "dma200" : 612.90,
    "volume" : 941921.00
  }, {
    "date" : "2025-09-30",
    "price" : 523.45,
    "dma50" : 561.33,
    "dma100" : 585.83,
    "dma200" : 612.01,
    "volume" : 744839.00
  }, {
    "date" : "2025-10-01",
    "price" : 602.90,
    "dma50" : 562.96,
    "dma100" : 585.68,
    "dma200" : 611.92,
    "volume" : 12796380.00
  }, {
    "date" : "2025-10-03",
    "price" : 577.80,
    "dma50" : 563.54,
    "dma100" : 585.26,
    "dma200" : 611.58,
    "volume" : 3235085.00
  }, {
    "date" : "2025-10-06",
    "price" : 578.70,
    "dma50" : 564.14,
    "dma100" : 584.81,
    "dma200" : 611.26,
    "volume" : 741455.00
  }, {
    "date" : "2025-10-07",
    "price" : 583.75,
    "dma50" : 564.91,
    "dma100" : 584.35,
    "dma200" : 610.98,
    "volume" : 380314.00
  }, {
    "date" : "2025-10-08",
    "price" : 570.50,
    "dma50" : 565.13,
    "dma100" : 583.76,
    "dma200" : 610.58,
    "volume" : 221823.00
  }, {
    "date" : "2025-10-09",
    "price" : 578.30,
    "dma50" : 565.64,
    "dma100" : 583.18,
    "dma200" : 610.26,
    "volume" : 332694.00
  }, {
    "date" : "2025-10-10",
    "price" : 577.60,
    "dma50" : 566.11,
    "dma100" : 582.64,
    "dma200" : 609.93,
    "volume" : 214835.00
  }, {
    "date" : "2025-10-13",
    "price" : 581.70,
    "dma50" : 566.72,
    "dma100" : 582.04,
    "dma200" : 609.65,
    "volume" : 296618.00
  }, {
    "date" : "2025-10-14",
    "price" : 570.95,
    "dma50" : 566.89,
    "dma100" : 581.40,
    "dma200" : 609.27,
    "volume" : 113370.00
  }, {
    "date" : "2025-10-15",
    "price" : 562.95,
    "dma50" : 566.73,
    "dma100" : 580.69,
    "dma200" : 608.81,
    "volume" : 497231.00
  }, {
    "date" : "2025-10-16",
    "price" : 570.10,
    "dma50" : 566.87,
    "dma100" : 580.06,
    "dma200" : 608.42,
    "volume" : 120495.00
  }, {
    "date" : "2025-10-17",
    "price" : 567.75,
    "dma50" : 566.90,
    "dma100" : 579.42,
    "dma200" : 608.02,
    "volume" : 253428.00
  }, {
    "date" : "2025-10-20",
    "price" : 564.60,
    "dma50" : 566.81,
    "dma100" : 578.76,
    "dma200" : 607.58,
    "volume" : 75242.00
  }, {
    "date" : "2025-10-21",
    "price" : 567.50,
    "dma50" : 566.84,
    "dma100" : 578.01,
    "dma200" : 607.19,
    "volume" : 16931.00
  }, {
    "date" : "2025-10-23",
    "price" : 568.70,
    "dma50" : 566.91,
    "dma100" : 577.40,
    "dma200" : 606.80,
    "volume" : 302731.00
  }, {
    "date" : "2025-10-24",
    "price" : 559.05,
    "dma50" : 566.60,
    "dma100" : 576.61,
    "dma200" : 606.33,
    "volume" : 278887.00
  }, {
    "date" : "2025-10-27",
    "price" : 556.05,
    "dma50" : 566.19,
    "dma100" : 575.84,
    "dma200" : 605.83,
    "volume" : 134198.00
  }, {
    "date" : "2025-10-28",
    "price" : 560.00,
    "dma50" : 565.95,
    "dma100" : 575.14,
    "dma200" : 605.37,
    "volume" : 137138.00
  }, {
    "date" : "2025-10-29",
    "price" : 576.75,
    "dma50" : 566.37,
    "dma100" : 574.71,
    "dma200" : 605.09,
    "volume" : 449127.00
  }, {
    "date" : "2025-10-30",
    "price" : 567.45,
    "dma50" : 566.41,
    "dma100" : 574.24,
    "dma200" : 604.71,
    "volume" : 200760.00
  }, {
    "date" : "2025-10-31",
    "price" : 561.80,
    "dma50" : 566.23,
    "dma100" : 573.59,
    "dma200" : 604.28,
    "volume" : 119900.00
  }, {
    "date" : "2025-11-03",
    "price" : 564.00,
    "dma50" : 566.14,
    "dma100" : 572.96,
    "dma200" : 603.88,
    "volume" : 74406.00
  }, {
    "date" : "2025-11-04",
    "price" : 561.65,
    "dma50" : 565.97,
    "dma100" : 572.33,
    "dma200" : 603.46,
    "volume" : 134832.00
  }, {
    "date" : "2025-11-06",
    "price" : 548.90,
    "dma50" : 565.30,
    "dma100" : 571.51,
    "dma200" : 602.92,
    "volume" : 214242.00
  }, {
    "date" : "2025-11-07",
    "price" : 554.25,
    "dma50" : 564.87,
    "dma100" : 570.86,
    "dma200" : 602.44,
    "volume" : 150712.00
  }, {
    "date" : "2025-11-10",
    "price" : 554.90,
    "dma50" : 564.47,
    "dma100" : 570.18,
    "dma200" : 601.96,
    "volume" : 118069.00
  }, {
    "date" : "2025-11-11",
    "price" : 558.80,
    "dma50" : 564.25,
    "dma100" : 569.51,
    "dma200" : 601.53,
    "volume" : 168340.00
  }, {
    "date" : "2025-11-12",
    "price" : 564.10,
    "dma50" : 564.25,
    "dma100" : 568.96,
    "dma200" : 601.16,
    "volume" : 199094.00
  }, {
    "date" : "2025-11-13",
    "price" : 564.10,
    "dma50" : 564.24,
    "dma100" : 568.48,
    "dma200" : 600.79,
    "volume" : 135167.00
  }, {
    "date" : "2025-11-14",
    "price" : 563.05,
    "dma50" : 564.19,
    "dma100" : 568.03,
    "dma200" : 600.42,
    "volume" : 151056.00
  }, {
    "date" : "2025-11-17",
    "price" : 571.15,
    "dma50" : 564.47,
    "dma100" : 567.75,
    "dma200" : 600.13,
    "volume" : 389124.00
  }, {
    "date" : "2025-11-18",
    "price" : 559.05,
    "dma50" : 564.25,
    "dma100" : 567.36,
    "dma200" : 599.72,
    "volume" : 134127.00
  }, {
    "date" : "2025-11-19",
    "price" : 559.95,
    "dma50" : 564.09,
    "dma100" : 567.02,
    "dma200" : 599.32,
    "volume" : 122733.00
  }, {
    "date" : "2025-11-20",
    "price" : 537.10,
    "dma50" : 563.03,
    "dma100" : 566.50,
    "dma200" : 598.70,
    "volume" : 583218.00
  }, {
    "date" : "2025-11-21",
    "price" : 536.65,
    "dma50" : 561.99,
    "dma100" : 565.88,
    "dma200" : 598.09,
    "volume" : 139360.00
  }, {
    "date" : "2025-11-24",
    "price" : 542.15,
    "dma50" : 561.21,
    "dma100" : 565.31,
    "dma200" : 597.53,
    "volume" : 158585.00
  }, {
    "date" : "2025-11-25",
    "price" : 542.90,
    "dma50" : 560.50,
    "dma100" : 564.80,
    "dma200" : 596.98,
    "volume" : 102473.00
  }, {
    "date" : "2025-11-26",
    "price" : 548.05,
    "dma50" : 560.01,
    "dma100" : 564.38,
    "dma200" : 596.50,
    "volume" : 169559.00
  }, {
    "date" : "2025-11-27",
    "price" : 566.85,
    "dma50" : 560.28,
    "dma100" : 564.14,
    "dma200" : 596.20,
    "volume" : 727077.00
  }, {
    "date" : "2025-11-28",
    "price" : 555.65,
    "dma50" : 560.09,
    "dma100" : 563.80,
    "dma200" : 595.80,
    "volume" : 1062672.00
  }, {
    "date" : "2025-12-01",
    "price" : 553.55,
    "dma50" : 559.84,
    "dma100" : 563.53,
    "dma200" : 595.38,
    "volume" : 104245.00
  }, {
    "date" : "2025-12-02",
    "price" : 562.80,
    "dma50" : 559.95,
    "dma100" : 563.43,
    "dma200" : 595.05,
    "volume" : 1024425.00
  }, {
    "date" : "2025-12-03",
    "price" : 551.60,
    "dma50" : 559.63,
    "dma100" : 563.25,
    "dma200" : 594.62,
    "volume" : 117750.00
  }, {
    "date" : "2025-12-04",
    "price" : 553.75,
    "dma50" : 559.40,
    "dma100" : 563.11,
    "dma200" : 594.22,
    "volume" : 638650.00
  }, {
    "date" : "2025-12-05",
    "price" : 548.60,
    "dma50" : 558.97,
    "dma100" : 562.93,
    "dma200" : 593.76,
    "volume" : 113993.00
  } ],
  "latestTechnicalAttributes" : {
    "date" : "2025-12-05",
    "price" : 548.60,
    "dma50" : 558.97,
    "dma100" : 562.93,
    "dma200" : 593.76,
    "volume" : 113993.00
  },
  "quarterlyResults" : [ {
    "date" : "2005-06-30",
    "sales" : 70.69,
    "salesGrowthYoY" : null,
    "grossProfitMargin" : 100.00,
    "grossProfit" : 70.69,
    "operatingProfitMargin" : 77.42,
    "operatingProfit" : 54.73,
    "netProfitMargin" : 39.31,
    "netProfit" : 27.79
  }, {
    "date" : "2005-09-30",
    "sales" : 80.24,
    "salesGrowthYoY" : null,
    "grossProfitMargin" : 100.00,
    "grossProfit" : 80.24,
    "operatingProfitMargin" : 78.54,
    "operatingProfit" : 63.02,
    "netProfitMargin" : 41.89,
    "netProfit" : 33.61
  }, {
    "date" : "2005-12-31",
    "sales" : 92.38,
    "salesGrowthYoY" : null,
    "grossProfitMargin" : 100.00,
    "grossProfit" : 92.38,
    "operatingProfitMargin" : 80.70,
    "operatingProfit" : 74.55,
    "netProfitMargin" : 43.19,
    "netProfit" : 39.90
  }, {
    "date" : "2006-03-31",
    "sales" : 78.60,
    "salesGrowthYoY" : null,
    "grossProfitMargin" : 100.00,
    "grossProfit" : 78.60,
    "operatingProfitMargin" : 57.89,
    "operatingProfit" : 45.50,
    "netProfitMargin" : 36.81,
    "netProfit" : 28.93
  }, {
    "date" : "2006-06-30",
    "sales" : 89.42,
    "salesGrowthYoY" : 26.50,
    "grossProfitMargin" : 100.00,
    "grossProfit" : 89.42,
    "operatingProfitMargin" : 77.47,
    "operatingProfit" : 69.27,
    "netProfitMargin" : 47.23,
    "netProfit" : 42.23
  }, {
    "date" : "2006-09-30",
    "sales" : 94.47,
    "salesGrowthYoY" : 17.73,
    "grossProfitMargin" : 100.00,
    "grossProfit" : 94.47,
    "operatingProfitMargin" : 75.70,
    "operatingProfit" : 71.51,
    "netProfitMargin" : 50.77,
    "netProfit" : 47.96
  }, {
    "date" : "2006-12-31",
    "sales" : 114.02,
    "salesGrowthYoY" : 23.42,
    "grossProfitMargin" : 100.00,
    "grossProfit" : 114.02,
    "operatingProfitMargin" : 77.50,
    "operatingProfit" : 88.37,
    "netProfitMargin" : 52.42,
    "netProfit" : 59.77
  }, {
    "date" : "2007-03-31",
    "sales" : 379.04,
    "salesGrowthYoY" : 382.24,
    "grossProfitMargin" : 100.00,
    "grossProfit" : 379.04,
    "operatingProfitMargin" : 66.58,
    "operatingProfit" : 252.36,
    "netProfitMargin" : 31.36,
    "netProfit" : 118.87
  }, {
    "date" : "2007-06-30",
    "sales" : 202.34,
    "salesGrowthYoY" : 126.28,
    "grossProfitMargin" : 100.00,
    "grossProfit" : 202.34,
    "operatingProfitMargin" : 75.58,
    "operatingProfit" : 152.93,
    "netProfitMargin" : 46.00,
    "netProfit" : 93.08
  }, {
    "date" : "2007-09-30",
    "sales" : 194.45,
    "salesGrowthYoY" : 105.83,
    "grossProfitMargin" : 100.00,
    "grossProfit" : 194.45,
    "operatingProfitMargin" : 70.37,
    "operatingProfit" : 136.83,
    "netProfitMargin" : 41.22,
    "netProfit" : 80.15
  }, {
    "date" : "2007-12-31",
    "sales" : 217.78,
    "salesGrowthYoY" : 91.00,
    "grossProfitMargin" : 100.00,
    "grossProfit" : 217.78,
    "operatingProfitMargin" : 78.53,
    "operatingProfit" : 171.02,
    "netProfitMargin" : 46.97,
    "netProfit" : 102.29
  }, {
    "date" : "2008-03-31",
    "sales" : 246.49,
    "salesGrowthYoY" : -34.97,
    "grossProfitMargin" : 100.00,
    "grossProfit" : 246.49,
    "operatingProfitMargin" : 65.36,
    "operatingProfit" : 161.11,
    "netProfitMargin" : 37.10,
    "netProfit" : 91.45
  }, {
    "date" : "2008-06-30",
    "sales" : 223.57,
    "salesGrowthYoY" : 10.49,
    "grossProfitMargin" : 100.00,
    "grossProfit" : 223.57,
    "operatingProfitMargin" : 75.27,
    "operatingProfit" : 168.28,
    "netProfitMargin" : 45.86,
    "netProfit" : 102.53
  }, {
    "date" : "2008-09-30",
    "sales" : 237.88,
    "salesGrowthYoY" : 22.33,
    "grossProfitMargin" : 100.00,
    "grossProfit" : 237.88,
    "operatingProfitMargin" : 75.03,
    "operatingProfit" : 178.48,
    "netProfitMargin" : 45.53,
    "netProfit" : 108.31
  }, {
    "date" : "2008-12-31",
    "sales" : 270.83,
    "salesGrowthYoY" : 24.36,
    "grossProfitMargin" : 100.00,
    "grossProfit" : 270.83,
    "operatingProfitMargin" : 76.24,
    "operatingProfit" : 206.48,
    "netProfitMargin" : 41.44,
    "netProfit" : 112.23
  }, {
    "date" : "2009-03-31",
    "sales" : 275.92,
    "salesGrowthYoY" : 11.94,
    "grossProfitMargin" : 100.00,
    "grossProfit" : 275.92,
    "operatingProfitMargin" : 81.59,
    "operatingProfit" : 225.12,
    "netProfitMargin" : 41.32,
    "netProfit" : 114.01
  }, {
    "date" : "2009-06-30",
    "sales" : 287.65,
    "salesGrowthYoY" : 28.66,
    "grossProfitMargin" : 100.00,
    "grossProfit" : 287.65,
    "operatingProfitMargin" : 77.74,
    "operatingProfit" : 223.62,
    "netProfitMargin" : 41.65,
    "netProfit" : 119.81
  }, {
    "date" : "2009-09-30",
    "sales" : 320.39,
    "salesGrowthYoY" : 34.69,
    "grossProfitMargin" : 100.00,
    "grossProfit" : 320.39,
    "operatingProfitMargin" : 76.02,
    "operatingProfit" : 243.56,
    "netProfitMargin" : 40.75,
    "netProfit" : 130.56
  }, {
    "date" : "2009-12-31",
    "sales" : 395.08,
    "salesGrowthYoY" : 45.88,
    "grossProfitMargin" : 100.00,
    "grossProfit" : 395.08,
    "operatingProfitMargin" : 79.11,
    "operatingProfit" : 312.55,
    "netProfitMargin" : 38.46,
    "netProfit" : 151.95
  }, {
    "date" : "2010-03-31",
    "sales" : 391.89,
    "salesGrowthYoY" : 42.03,
    "grossProfitMargin" : 100.00,
    "grossProfit" : 391.89,
    "operatingProfitMargin" : 84.42,
    "operatingProfit" : 330.83,
    "netProfitMargin" : 42.12,
    "netProfit" : 165.06
  }, {
    "date" : "2010-06-30",
    "sales" : 440.44,
    "salesGrowthYoY" : 53.12,
    "grossProfitMargin" : 100.00,
    "grossProfit" : 440.44,
    "operatingProfitMargin" : 81.71,
    "operatingProfit" : 359.88,
    "netProfitMargin" : 38.81,
    "netProfit" : 170.93
  }, {
    "date" : "2010-09-30",
    "sales" : 424.78,
    "salesGrowthYoY" : 32.58,
    "grossProfitMargin" : 100.00,
    "grossProfit" : 424.78,
    "operatingProfitMargin" : 78.23,
    "operatingProfit" : 332.31,
    "netProfitMargin" : 39.42,
    "netProfit" : 167.45
  }, {
    "date" : "2010-12-31",
    "sales" : 597.99,
    "salesGrowthYoY" : 51.36,
    "grossProfitMargin" : 100.00,
    "grossProfit" : 597.99,
    "operatingProfitMargin" : 83.92,
    "operatingProfit" : 501.83,
    "netProfitMargin" : 37.71,
    "netProfit" : 225.50
  }, {
    "date" : "2011-03-31",
    "sales" : 460.50,
    "salesGrowthYoY" : 17.51,
    "grossProfitMargin" : 100.00,
    "grossProfit" : 460.50,
    "operatingProfitMargin" : 79.02,
    "operatingProfit" : 363.89,
    "netProfitMargin" : 45.24,
    "netProfit" : 208.33
  }, {
    "date" : "2011-06-30",
    "sales" : 453.99,
    "salesGrowthYoY" : 3.08,
    "grossProfitMargin" : 100.00,
    "grossProfit" : 453.99,
    "operatingProfitMargin" : 80.60,
    "operatingProfit" : 365.92,
    "netProfitMargin" : 41.33,
    "netProfit" : 187.63
  }, {
    "date" : "2011-09-30",
    "sales" : 451.26,
    "salesGrowthYoY" : 6.23,
    "grossProfitMargin" : 100.00,
    "grossProfit" : 451.26,
    "operatingProfitMargin" : 80.98,
    "operatingProfit" : 365.43,
    "netProfitMargin" : 39.91,
    "netProfit" : 180.10
  }, {
    "date" : "2011-12-31",
    "sales" : 425.11,
    "salesGrowthYoY" : -28.91,
    "grossProfitMargin" : 100.00,
    "grossProfit" : 425.11,
    "operatingProfitMargin" : 80.25,
    "operatingProfit" : 341.15,
    "netProfitMargin" : 39.49,
    "netProfit" : 167.88
  }, {
    "date" : "2012-03-31",
    "sales" : 427.01,
    "salesGrowthYoY" : -7.27,
    "grossProfitMargin" : 100.00,
    "grossProfit" : 427.01,
    "operatingProfitMargin" : 76.86,
    "operatingProfit" : 328.20,
    "netProfitMargin" : 37.24,
    "netProfit" : 159.02
  }, {
    "date" : "2012-06-30",
    "sales" : 425.75,
    "salesGrowthYoY" : -6.22,
    "grossProfitMargin" : 100.00,
    "grossProfit" : 425.75,
    "operatingProfitMargin" : 75.86,
    "operatingProfit" : 322.97,
    "netProfitMargin" : 38.59,
    "netProfit" : 164.30
  }, {
    "date" : "2012-09-30",
    "sales" : 433.34,
    "salesGrowthYoY" : -3.97,
    "grossProfitMargin" : 100.00,
    "grossProfit" : 433.34,
    "operatingProfitMargin" : 75.92,
    "operatingProfit" : 328.99,
    "netProfitMargin" : 35.00,
    "netProfit" : 151.67
  }, {
    "date" : "2012-12-31",
    "sales" : 485.86,
    "salesGrowthYoY" : 14.29,
    "grossProfitMargin" : 100.00,
    "grossProfit" : 485.86,
    "operatingProfitMargin" : 77.46,
    "operatingProfit" : 376.35,
    "netProfitMargin" : 39.08,
    "netProfit" : 189.87
  }, {
    "date" : "2013-03-31",
    "sales" : 472.67,
    "salesGrowthYoY" : 10.69,
    "grossProfitMargin" : 100.00,
    "grossProfit" : 472.67,
    "operatingProfitMargin" : 73.74,
    "operatingProfit" : 348.55,
    "netProfitMargin" : 37.55,
    "netProfit" : 177.49
  }, {
    "date" : "2013-06-30",
    "sales" : 601.85,
    "salesGrowthYoY" : 41.36,
    "grossProfitMargin" : 100.00,
    "grossProfit" : 601.85,
    "operatingProfitMargin" : 58.76,
    "operatingProfit" : 353.65,
    "netProfitMargin" : 27.32,
    "netProfit" : 164.43
  }, {
    "date" : "2013-09-30",
    "sales" : 466.41,
    "salesGrowthYoY" : 7.63,
    "grossProfitMargin" : 100.00,
    "grossProfit" : 466.41,
    "operatingProfitMargin" : 72.40,
    "operatingProfit" : 337.68,
    "netProfitMargin" : 36.27,
    "netProfit" : 169.17
  }, {
    "date" : "2013-12-31",
    "sales" : 508.34,
    "salesGrowthYoY" : 4.63,
    "grossProfitMargin" : 100.00,
    "grossProfit" : 508.34,
    "operatingProfitMargin" : 73.18,
    "operatingProfit" : 372.00,
    "netProfitMargin" : 36.55,
    "netProfit" : 185.80
  }, {
    "date" : "2014-03-31",
    "sales" : 520.18,
    "salesGrowthYoY" : 10.05,
    "grossProfitMargin" : 100.00,
    "grossProfit" : 520.18,
    "operatingProfitMargin" : 76.88,
    "operatingProfit" : 399.91,
    "netProfitMargin" : 37.98,
    "netProfit" : 197.56
  }, {
    "date" : "2014-06-30",
    "sales" : 633.58,
    "salesGrowthYoY" : 5.27,
    "grossProfitMargin" : 100.00,
    "grossProfit" : 633.58,
    "operatingProfitMargin" : 58.01,
    "operatingProfit" : 367.54,
    "netProfitMargin" : 26.14,
    "netProfit" : 165.62
  }, {
    "date" : "2014-09-30",
    "sales" : 509.02,
    "salesGrowthYoY" : 9.14,
    "grossProfitMargin" : 100.00,
    "grossProfit" : 509.02,
    "operatingProfitMargin" : 77.69,
    "operatingProfit" : 395.46,
    "netProfitMargin" : 30.35,
    "netProfit" : 154.49
  }, {
    "date" : "2014-12-31",
    "sales" : 552.44,
    "salesGrowthYoY" : 8.68,
    "grossProfitMargin" : 100.00,
    "grossProfit" : 552.44,
    "operatingProfitMargin" : 77.44,
    "operatingProfit" : 427.81,
    "netProfitMargin" : 38.76,
    "netProfit" : 214.13
  }, {
    "date" : "2015-03-31",
    "sales" : 548.58,
    "salesGrowthYoY" : 5.46,
    "grossProfitMargin" : 100.00,
    "grossProfit" : 548.58,
    "operatingProfitMargin" : 77.16,
    "operatingProfit" : 423.28,
    "netProfitMargin" : 37.00,
    "netProfit" : 202.97
  }, {
    "date" : "2015-06-30",
    "sales" : 689.45,
    "salesGrowthYoY" : 8.82,
    "grossProfitMargin" : 100.00,
    "grossProfit" : 689.45,
    "operatingProfitMargin" : 59.02,
    "operatingProfit" : 406.91,
    "netProfitMargin" : 28.40,
    "netProfit" : 195.80
  }, {
    "date" : "2015-09-30",
    "sales" : 567.55,
    "salesGrowthYoY" : 11.50,
    "grossProfitMargin" : 100.00,
    "grossProfit" : 567.55,
    "operatingProfitMargin" : 75.86,
    "operatingProfit" : 430.54,
    "netProfitMargin" : 39.13,
    "netProfit" : 222.08
  }, {
    "date" : "2015-12-31",
    "sales" : 573.24,
    "salesGrowthYoY" : 3.77,
    "grossProfitMargin" : 100.00,
    "grossProfit" : 573.24,
    "operatingProfitMargin" : 76.28,
    "operatingProfit" : 437.27,
    "netProfitMargin" : 37.74,
    "netProfit" : 216.34
  }, {
    "date" : "2016-03-31",
    "sales" : 564.97,
    "salesGrowthYoY" : 2.99,
    "grossProfitMargin" : 100.00,
    "grossProfit" : 564.97,
    "operatingProfitMargin" : 74.55,
    "operatingProfit" : 421.19,
    "netProfitMargin" : 39.63,
    "netProfit" : 223.90
  }, {
    "date" : "2016-06-30",
    "sales" : 760.83,
    "salesGrowthYoY" : 10.35,
    "grossProfitMargin" : 100.00,
    "grossProfit" : 760.83,
    "operatingProfitMargin" : 57.36,
    "operatingProfit" : 436.41,
    "netProfitMargin" : 30.63,
    "netProfit" : 233.04
  }, {
    "date" : "2016-09-30",
    "sales" : 625.49,
    "salesGrowthYoY" : 10.21,
    "grossProfitMargin" : 100.00,
    "grossProfit" : 625.49,
    "operatingProfitMargin" : 74.34,
    "operatingProfit" : 464.99,
    "netProfitMargin" : 43.22,
    "netProfit" : 270.34
  }, {
    "date" : "2016-12-31",
    "sales" : 589.43,
    "salesGrowthYoY" : 2.82,
    "grossProfitMargin" : 100.00,
    "grossProfit" : 589.43,
    "operatingProfitMargin" : 74.60,
    "operatingProfit" : 439.71,
    "netProfitMargin" : 40.73,
    "netProfit" : 240.07
  }, {
    "date" : "2017-03-31",
    "sales" : 582.50,
    "salesGrowthYoY" : 3.10,
    "grossProfitMargin" : 100.00,
    "grossProfit" : 582.50,
    "operatingProfitMargin" : 67.58,
    "operatingProfit" : 393.65,
    "netProfitMargin" : 40.50,
    "netProfit" : 235.91
  }, {
    "date" : "2017-06-30",
    "sales" : 786.32,
    "salesGrowthYoY" : 3.35,
    "grossProfitMargin" : 100.00,
    "grossProfit" : 786.32,
    "operatingProfitMargin" : 57.02,
    "operatingProfit" : 448.36,
    "netProfitMargin" : 32.00,
    "netProfit" : 251.62
  }, {
    "date" : "2017-09-30",
    "sales" : 675.90,
    "salesGrowthYoY" : 8.06,
    "grossProfitMargin" : 100.00,
    "grossProfit" : 675.90,
    "operatingProfitMargin" : 73.40,
    "operatingProfit" : 496.11,
    "netProfitMargin" : 42.12,
    "netProfit" : 284.69
  }, {
    "date" : "2017-12-31",
    "sales" : 683.28,
    "salesGrowthYoY" : 15.92,
    "grossProfitMargin" : 100.00,
    "grossProfit" : 683.28,
    "operatingProfitMargin" : 72.01,
    "operatingProfit" : 492.03,
    "netProfitMargin" : 39.07,
    "netProfit" : 266.96
  }, {
    "date" : "2018-03-31",
    "sales" : 716.95,
    "salesGrowthYoY" : 23.08,
    "grossProfitMargin" : 100.00,
    "grossProfit" : 716.95,
    "operatingProfitMargin" : 72.86,
    "operatingProfit" : 522.37,
    "netProfitMargin" : 40.42,
    "netProfit" : 289.79
  }, {
    "date" : "2018-06-30",
    "sales" : 1120.39,
    "salesGrowthYoY" : 42.49,
    "grossProfitMargin" : 100.00,
    "grossProfit" : 1120.39,
    "operatingProfitMargin" : 65.58,
    "operatingProfit" : 734.75,
    "netProfitMargin" : 36.52,
    "netProfit" : 409.17
  }, {
    "date" : "2018-09-30",
    "sales" : 749.55,
    "salesGrowthYoY" : 10.90,
    "grossProfitMargin" : 100.00,
    "grossProfit" : 749.55,
    "operatingProfitMargin" : 73.91,
    "operatingProfit" : 553.99,
    "netProfitMargin" : 46.87,
    "netProfit" : 351.31
  }, {
    "date" : "2018-12-31",
    "sales" : 904.45,
    "salesGrowthYoY" : 32.37,
    "grossProfitMargin" : 100.00,
    "grossProfit" : 904.45,
    "operatingProfitMargin" : 73.77,
    "operatingProfit" : 667.21,
    "netProfitMargin" : 38.84,
    "netProfit" : 351.29
  }, {
    "date" : "2019-03-31",
    "sales" : 888.88,
    "salesGrowthYoY" : 23.98,
    "grossProfitMargin" : 100.00,
    "grossProfit" : 888.88,
    "operatingProfitMargin" : 68.45,
    "operatingProfit" : 608.44,
    "netProfitMargin" : 31.85,
    "netProfit" : 283.11
  }, {
    "date" : "2019-06-30",
    "sales" : 1080.36,
    "salesGrowthYoY" : -3.57,
    "grossProfitMargin" : 100.00,
    "grossProfit" : 1080.36,
    "operatingProfitMargin" : 63.21,
    "operatingProfit" : 682.90,
    "netProfitMargin" : 35.35,
    "netProfit" : 381.91
  }, {
    "date" : "2019-09-30",
    "sales" : 773.93,
    "salesGrowthYoY" : 3.25,
    "grossProfitMargin" : 100.00,
    "grossProfit" : 773.93,
    "operatingProfitMargin" : 60.57,
    "operatingProfit" : 468.77,
    "netProfitMargin" : 47.36,
    "netProfit" : 366.53
  }, {
    "date" : "2019-12-31",
    "sales" : 814.97,
    "salesGrowthYoY" : -9.89,
    "grossProfitMargin" : 100.00,
    "grossProfit" : 814.97,
    "operatingProfitMargin" : 71.22,
    "operatingProfit" : 580.42,
    "netProfitMargin" : 45.82,
    "netProfit" : 373.42
  }, {
    "date" : "2020-03-31",
    "sales" : 735.16,
    "salesGrowthYoY" : -17.29,
    "grossProfitMargin" : 100.00,
    "grossProfit" : 735.16,
    "operatingProfitMargin" : 68.49,
    "operatingProfit" : 503.51,
    "netProfitMargin" : 34.01,
    "netProfit" : 250.03
  }, {
    "date" : "2020-06-30",
    "sales" : 606.10,
    "salesGrowthYoY" : -43.90,
    "grossProfitMargin" : 100.00,
    "grossProfit" : 606.10,
    "operatingProfitMargin" : 68.94,
    "operatingProfit" : 417.85,
    "netProfitMargin" : 46.66,
    "netProfit" : 282.81
  }, {
    "date" : "2020-09-30",
    "sales" : 756.16,
    "salesGrowthYoY" : -2.30,
    "grossProfitMargin" : 100.00,
    "grossProfit" : 756.16,
    "operatingProfitMargin" : 66.39,
    "operatingProfit" : 502.01,
    "netProfitMargin" : 45.75,
    "netProfit" : 345.94
  }, {
    "date" : "2020-12-31",
    "sales" : 972.34,
    "salesGrowthYoY" : 19.31,
    "grossProfitMargin" : 100.00,
    "grossProfit" : 972.34,
    "operatingProfitMargin" : 61.78,
    "operatingProfit" : 600.71,
    "netProfitMargin" : 45.44,
    "netProfit" : 441.83
  }, {
    "date" : "2021-03-31",
    "sales" : 781.99,
    "salesGrowthYoY" : 6.37,
    "grossProfitMargin" : 100.00,
    "grossProfit" : 781.99,
    "operatingProfitMargin" : 69.92,
    "operatingProfit" : 546.77,
    "netProfitMargin" : 57.53,
    "netProfit" : 449.88
  }, {
    "date" : "2021-06-30",
    "sales" : 810.10,
    "salesGrowthYoY" : 33.66,
    "grossProfitMargin" : 100.00,
    "grossProfit" : 810.10,
    "operatingProfitMargin" : 57.77,
    "operatingProfit" : 467.99,
    "netProfitMargin" : 48.11,
    "netProfit" : 389.74
  }, {
    "date" : "2021-09-30",
    "sales" : 828.67,
    "salesGrowthYoY" : 9.59,
    "grossProfitMargin" : 100.00,
    "grossProfit" : 828.67,
    "operatingProfitMargin" : 62.82,
    "operatingProfit" : 520.57,
    "netProfitMargin" : 47.46,
    "netProfit" : 393.29
  }, {
    "date" : "2021-12-31",
    "sales" : 1033.10,
    "salesGrowthYoY" : 6.25,
    "grossProfitMargin" : 100.00,
    "grossProfit" : 1033.10,
    "operatingProfitMargin" : 69.87,
    "operatingProfit" : 721.83,
    "netProfitMargin" : 44.27,
    "netProfit" : 457.35
  }, {
    "date" : "2022-03-31",
    "sales" : 833.01,
    "salesGrowthYoY" : 6.52,
    "grossProfitMargin" : 100.00,
    "grossProfit" : 833.01,
    "operatingProfitMargin" : 66.42,
    "operatingProfit" : 553.29,
    "netProfitMargin" : 48.54,
    "netProfit" : 404.34
  }, {
    "date" : "2022-06-30",
    "sales" : 1193.90,
    "salesGrowthYoY" : 47.38,
    "grossProfitMargin" : 100.00,
    "grossProfit" : 1193.90,
    "operatingProfitMargin" : 63.98,
    "operatingProfit" : 763.86,
    "netProfitMargin" : 41.18,
    "netProfit" : 491.65
  }, {
    "date" : "2022-09-30",
    "sales" : 796.43,
    "salesGrowthYoY" : -3.89,
    "grossProfitMargin" : 100.00,
    "grossProfit" : 796.43,
    "operatingProfitMargin" : 65.89,
    "operatingProfit" : 524.77,
    "netProfitMargin" : 50.31,
    "netProfit" : 400.68
  }, {
    "date" : "2022-12-31",
    "sales" : 857.51,
    "salesGrowthYoY" : -17.00,
    "grossProfitMargin" : 100.00,
    "grossProfit" : 857.51,
    "operatingProfitMargin" : 66.83,
    "operatingProfit" : 573.07,
    "netProfitMargin" : 48.55,
    "netProfit" : 416.32
  }, {
    "date" : "2023-03-31",
    "sales" : 813.53,
    "salesGrowthYoY" : -2.34,
    "grossProfitMargin" : 100.00,
    "grossProfit" : 813.53,
    "operatingProfitMargin" : 59.94,
    "operatingProfit" : 487.63,
    "netProfitMargin" : 44.97,
    "netProfit" : 365.84
  }, {
    "date" : "2023-06-30",
    "sales" : 1317.78,
    "salesGrowthYoY" : 10.38,
    "grossProfitMargin" : 100.00,
    "grossProfit" : 1317.78,
    "operatingProfitMargin" : 59.68,
    "operatingProfit" : 786.45,
    "netProfitMargin" : 44.23,
    "netProfit" : 582.85
  }, {
    "date" : "2023-09-30",
    "sales" : 1017.98,
    "salesGrowthYoY" : 27.82,
    "grossProfitMargin" : 100.00,
    "grossProfit" : 1017.98,
    "operatingProfitMargin" : 70.36,
    "operatingProfit" : 716.25,
    "netProfitMargin" : 44.82,
    "netProfit" : 456.26
  }, {
    "date" : "2023-12-31",
    "sales" : 885.48,
    "salesGrowthYoY" : 3.26,
    "grossProfitMargin" : 100.00,
    "grossProfit" : 885.48,
    "operatingProfitMargin" : 64.80,
    "operatingProfit" : 573.79,
    "netProfitMargin" : 49.39,
    "netProfit" : 437.34
  }, {
    "date" : "2024-03-31",
    "sales" : 927.12,
    "salesGrowthYoY" : 13.96,
    "grossProfitMargin" : 100.00,
    "grossProfit" : 927.12,
    "operatingProfitMargin" : 54.85,
    "operatingProfit" : 508.53,
    "netProfitMargin" : 43.01,
    "netProfit" : 398.75
  }, {
    "date" : "2024-06-30",
    "sales" : 1276.11,
    "salesGrowthYoY" : -3.16,
    "grossProfitMargin" : 100.00,
    "grossProfit" : 1276.11,
    "operatingProfitMargin" : 55.35,
    "operatingProfit" : 706.33,
    "netProfitMargin" : 42.86,
    "netProfit" : 546.94
  }, {
    "date" : "2024-09-30",
    "sales" : 900.16,
    "salesGrowthYoY" : -11.57,
    "grossProfitMargin" : 100.00,
    "grossProfit" : 900.16,
    "operatingProfitMargin" : 58.77,
    "operatingProfit" : 529.02,
    "netProfitMargin" : 44.23,
    "netProfit" : 398.14
  }, {
    "date" : "2024-12-31",
    "sales" : 793.58,
    "salesGrowthYoY" : -10.38,
    "grossProfitMargin" : 100.00,
    "grossProfit" : 793.58,
    "operatingProfitMargin" : 54.45,
    "operatingProfit" : 432.10,
    "netProfitMargin" : 43.75,
    "netProfit" : 347.19
  }, {
    "date" : "2025-03-31",
    "sales" : 909.01,
    "salesGrowthYoY" : -1.95,
    "grossProfitMargin" : 100.00,
    "grossProfit" : 909.01,
    "operatingProfitMargin" : 46.96,
    "operatingProfit" : 426.87,
    "netProfitMargin" : 45.86,
    "netProfit" : 416.87
  }, {
    "date" : "2025-06-30",
    "sales" : 1256.79,
    "salesGrowthYoY" : -1.51,
    "grossProfitMargin" : 100.00,
    "grossProfit" : 1256.79,
    "operatingProfitMargin" : 49.11,
    "operatingProfit" : 617.21,
    "netProfitMargin" : 42.06,
    "netProfit" : 528.61
  }, {
    "date" : "2025-09-30",
    "sales" : 1168.99,
    "salesGrowthYoY" : 29.86,
    "grossProfitMargin" : 100.00,
    "grossProfit" : 1168.99,
    "operatingProfitMargin" : 64.15,
    "operatingProfit" : 749.91,
    "netProfitMargin" : 29.92,
    "netProfit" : 349.76
  } ],
  "latestQuarterlyResult" : {
    "date" : "2025-09-30",
    "sales" : 1168.99,
    "salesGrowthYoY" : 29.86,
    "grossProfitMargin" : 100.00,
    "grossProfit" : 1168.99,
    "operatingProfitMargin" : 64.15,
    "operatingProfit" : 749.91,
    "netProfitMargin" : 29.92,
    "netProfit" : 349.76
  },
  "companyScore" : {
    "priceHigherThanDma50" : 0.00,
    "priceHigherThanDma100" : 0.00,
    "priceHigherThanDma200" : 0.00,
    "dma50HigherThanDma100" : 0.00,
    "dma50HigherThanDma200" : 0.00,
    "dma100HigherThanDma200" : 0.00,
    "pricePercentageAboveDma50" : 5.09,
    "pricePercentageAboveDma100" : 5.13,
    "pricePercentageAboveDma200" : 5.38,
    "weeklyVolumeHigherThanYearlyVolume" : 5.00,
    "salesGrowthPercentile" : 16.15,
    "operatingProfitMarginPercentile" : 9.18,
    "netProfitMarginPercentile" : 1.20,
    "totalTechnicalScore" : 20.60,
    "totalFundamentalScore" : 26.54,
    "totalScore" : 47.14
  }
}