{
  "metadata" : {
    "screenerCompanyId" : "3267",
    "companyCode" : "SUNTECK",
    "companyName" : "Sunteck Realty",
    "screenerCompanyLink" : "https://www.screener.in/company/SUNTECK/consolidated/",
    "screenerTechnicalHistoryLink" : "https://www.screener.in/api/company/3267/chart/?q=Price-DMA50-DMA200-Volume&days=365",
    "screenerQuarterlyResultsLink" : "https://www.screener.in/api/company/3267/chart/?q=GPM-OPM-NPM-Quarter+Sales&days=10000",
    "attributes" : {
      "companyCode" : "SUNTECK",
      "companyName" : "Sunteck Realty",
      "marketCap" : 5400.00,
      "peRatio" : 30.80,
      "description" : "Sunteck Realty Limited is a Mumbai-based real estate developer focused on developing premium residential and commercial properties across Mumbai Metropolitan Region (MMR).[1]"
    },
    "companyScore" : {
      "priceHigherThanDma50" : 0.00,
      "priceHigherThanDma100" : 0.00,
      "priceHigherThanDma200" : 0.00,
      "dma50HigherThanDma100" : 0.00,
      "dma50HigherThanDma200" : 0.00,
      "dma100HigherThanDma200" : 0.00,
      "pricePercentageAboveDma50" : 5.52,
      "pricePercentageAboveDma100" : 5.64,
      "pricePercentageAboveDma200" : 5.67,
      "weeklyVolumeHigherThanYearlyVolume" : 0.00,
      "salesGrowthPercentile" : 1.77,
      "operatingProfitMarginPercentile" : 15.09,
      "netProfitMarginPercentile" : 2.65,
      "totalTechnicalScore" : 16.84,
      "totalFundamentalScore" : 19.51,
      "totalScore" : 36.35
    }
  },
  "attributes" : {
    "companyCode" : "SUNTECK",
    "companyName" : "Sunteck Realty",
    "marketCap" : 5400.00,
    "peRatio" : 30.80,
    "description" : "Sunteck Realty Limited is a Mumbai-based real estate developer focused on developing premium residential and commercial properties across Mumbai Metropolitan Region (MMR).[1]"
  },
  "technicalHistory" : [ {
    "date" : "2025-01-24",
    "price" : 473.45,
    "dma50" : 501.11,
    "dma100" : null,
    "dma200" : 514.12,
    "volume" : 529218.00
  }, {
    "date" : "2025-01-27",
    "price" : 460.40,
    "dma50" : 499.52,
    "dma100" : null,
    "dma200" : 513.59,
    "volume" : 335763.00
  }, {
    "date" : "2025-01-28",
    "price" : 471.40,
    "dma50" : 498.41,
    "dma100" : null,
    "dma200" : 513.17,
    "volume" : 777631.00
  }, {
    "date" : "2025-01-29",
    "price" : 468.75,
    "dma50" : 497.25,
    "dma100" : null,
    "dma200" : 512.73,
    "volume" : 214122.00
  }, {
    "date" : "2025-01-30",
    "price" : 470.20,
    "dma50" : 496.19,
    "dma100" : null,
    "dma200" : 512.30,
    "volume" : 271932.00
  }, {
    "date" : "2025-01-31",
    "price" : 476.25,
    "dma50" : 495.41,
    "dma100" : null,
    "dma200" : 511.94,
    "volume" : 169296.00
  }, {
    "date" : "2025-02-01",
    "price" : 470.00,
    "dma50" : 494.41,
    "dma100" : null,
    "dma200" : 511.53,
    "volume" : 203267.00
  }, {
    "date" : "2025-02-03",
    "price" : 466.20,
    "dma50" : 493.30,
    "dma100" : null,
    "dma200" : 511.08,
    "volume" : 103599.00
  }, {
    "date" : "2025-02-04",
    "price" : 480.90,
    "dma50" : 492.82,
    "dma100" : null,
    "dma200" : 510.78,
    "volume" : 167185.00
  }, {
    "date" : "2025-02-05",
    "price" : 479.20,
    "dma50" : 492.28,
    "dma100" : null,
    "dma200" : 510.46,
    "volume" : 96116.00
  }, {
    "date" : "2025-02-06",
    "price" : 494.70,
    "dma50" : 492.38,
    "dma100" : null,
    "dma200" : 510.31,
    "volume" : 213210.00
  }, {
    "date" : "2025-02-07",
    "price" : 499.65,
    "dma50" : 492.66,
    "dma100" : null,
    "dma200" : 510.20,
    "volume" : 296896.00
  }, {
    "date" : "2025-02-10",
    "price" : 473.55,
    "dma50" : 491.91,
    "dma100" : null,
    "dma200" : 509.83,
    "volume" : 187768.00
  }, {
    "date" : "2025-02-11",
    "price" : 454.05,
    "dma50" : 490.43,
    "dma100" : null,
    "dma200" : 509.28,
    "volume" : 277059.00
  }, {
    "date" : "2025-02-12",
    "price" : 436.45,
    "dma50" : 488.31,
    "dma100" : null,
    "dma200" : 508.55,
    "volume" : 330065.00
  }, {
    "date" : "2025-02-13",
    "price" : 441.30,
    "dma50" : 486.47,
    "dma100" : null,
    "dma200" : 507.89,
    "volume" : 316263.00
  }, {
    "date" : "2025-02-14",
    "price" : 421.05,
    "dma50" : 483.90,
    "dma100" : null,
    "dma200" : 507.02,
    "volume" : 352774.00
  }, {
    "date" : "2025-02-17",
    "price" : 418.35,
    "dma50" : 481.33,
    "dma100" : null,
    "dma200" : 506.14,
    "volume" : 391818.00
  }, {
    "date" : "2025-02-18",
    "price" : 405.40,
    "dma50" : 478.36,
    "dma100" : null,
    "dma200" : 505.14,
    "volume" : 340233.00
  }, {
    "date" : "2025-02-19",
    "price" : 403.70,
    "dma50" : 475.43,
    "dma100" : null,
    "dma200" : 504.13,
    "volume" : 444784.00
  }, {
    "date" : "2025-02-20",
    "price" : 404.20,
    "dma50" : 472.63,
    "dma100" : null,
    "dma200" : 503.13,
    "volume" : 288148.00
  }, {
    "date" : "2025-02-21",
    "price" : 398.95,
    "dma50" : 469.74,
    "dma100" : null,
    "dma200" : 502.10,
    "volume" : 306625.00
  }, {
    "date" : "2025-02-24",
    "price" : 389.00,
    "dma50" : 466.58,
    "dma100" : null,
    "dma200" : 500.97,
    "volume" : 348687.00
  }, {
    "date" : "2025-02-25",
    "price" : 378.30,
    "dma50" : 463.12,
    "dma100" : null,
    "dma200" : 499.75,
    "volume" : 330807.00
  }, {
    "date" : "2025-02-27",
    "price" : 377.55,
    "dma50" : 459.76,
    "dma100" : null,
    "dma200" : 498.53,
    "volume" : 497986.00
  }, {
    "date" : "2025-02-28",
    "price" : 365.50,
    "dma50" : 456.06,
    "dma100" : null,
    "dma200" : 497.21,
    "volume" : 357670.00
  }, {
    "date" : "2025-03-03",
    "price" : 357.20,
    "dma50" : 452.19,
    "dma100" : null,
    "dma200" : 495.82,
    "volume" : 659648.00
  }, {
    "date" : "2025-03-04",
    "price" : 373.70,
    "dma50" : 449.11,
    "dma100" : null,
    "dma200" : 494.60,
    "volume" : 403709.00
  }, {
    "date" : "2025-03-05",
    "price" : 386.35,
    "dma50" : 446.65,
    "dma100" : null,
    "dma200" : 493.53,
    "volume" : 441481.00
  }, {
    "date" : "2025-03-06",
    "price" : 400.50,
    "dma50" : 444.84,
    "dma100" : null,
    "dma200" : 492.60,
    "volume" : 437017.00
  }, {
    "date" : "2025-03-07",
    "price" : 396.35,
    "dma50" : 442.94,
    "dma100" : null,
    "dma200" : 491.64,
    "volume" : 602031.00
  }, {
    "date" : "2025-03-10",
    "price" : 387.45,
    "dma50" : 440.76,
    "dma100" : null,
    "dma200" : 490.61,
    "volume" : 307480.00
  }, {
    "date" : "2025-03-11",
    "price" : 384.55,
    "dma50" : 438.56,
    "dma100" : null,
    "dma200" : 489.55,
    "volume" : 246190.00
  }, {
    "date" : "2025-03-12",
    "price" : 375.80,
    "dma50" : 436.10,
    "dma100" : null,
    "dma200" : 488.42,
    "volume" : 238120.00
  }, {
    "date" : "2025-03-13",
    "price" : 369.45,
    "dma50" : 433.48,
    "dma100" : null,
    "dma200" : 487.23,
    "volume" : 196954.00
  }, {
    "date" : "2025-03-17",
    "price" : 364.70,
    "dma50" : 430.78,
    "dma100" : null,
    "dma200" : 486.02,
    "volume" : 326036.00
  }, {
    "date" : "2025-03-18",
    "price" : 385.20,
    "dma50" : 429.00,
    "dma100" : null,
    "dma200" : 485.01,
    "volume" : 395242.00
  }, {
    "date" : "2025-03-19",
    "price" : 407.95,
    "dma50" : 428.17,
    "dma100" : null,
    "dma200" : 484.25,
    "volume" : 457981.00
  }, {
    "date" : "2025-03-20",
    "price" : 394.75,
    "dma50" : 426.86,
    "dma100" : null,
    "dma200" : 483.36,
    "volume" : 557995.00
  }, {
    "date" : "2025-03-21",
    "price" : 400.05,
    "dma50" : 425.81,
    "dma100" : null,
    "dma200" : 482.53,
    "volume" : 695909.00
  }, {
    "date" : "2025-03-24",
    "price" : 405.50,
    "dma50" : 425.01,
    "dma100" : null,
    "dma200" : 481.76,
    "volume" : 321806.00
  }, {
    "date" : "2025-03-25",
    "price" : 399.20,
    "dma50" : 424.00,
    "dma100" : null,
    "dma200" : 480.94,
    "volume" : 416558.00
  }, {
    "date" : "2025-03-26",
    "price" : 386.40,
    "dma50" : 422.53,
    "dma100" : null,
    "dma200" : 480.00,
    "volume" : 204747.00
  }, {
    "date" : "2025-03-27",
    "price" : 399.75,
    "dma50" : 421.63,
    "dma100" : null,
    "dma200" : 479.20,
    "volume" : 485449.00
  }, {
    "date" : "2025-03-28",
    "price" : 387.30,
    "dma50" : 420.29,
    "dma100" : null,
    "dma200" : 478.28,
    "volume" : 294597.00
  }, {
    "date" : "2025-04-01",
    "price" : 396.70,
    "dma50" : 419.36,
    "dma100" : null,
    "dma200" : 477.47,
    "volume" : 209080.00
  }, {
    "date" : "2025-04-02",
    "price" : 399.60,
    "dma50" : 418.59,
    "dma100" : null,
    "dma200" : 476.70,
    "volume" : 183473.00
  }, {
    "date" : "2025-04-03",
    "price" : 404.50,
    "dma50" : 418.03,
    "dma100" : null,
    "dma200" : 475.98,
    "volume" : 144252.00
  }, {
    "date" : "2025-04-04",
    "price" : 385.15,
    "dma50" : 416.74,
    "dma100" : null,
    "dma200" : 475.08,
    "volume" : 232614.00
  }, {
    "date" : "2025-04-07",
    "price" : 361.05,
    "dma50" : 414.56,
    "dma100" : null,
    "dma200" : 473.94,
    "volume" : 504067.00
  }, {
    "date" : "2025-04-08",
    "price" : 369.30,
    "dma50" : 412.79,
    "dma100" : null,
    "dma200" : 472.90,
    "volume" : 188200.00
  }, {
    "date" : "2025-04-09",
    "price" : 354.45,
    "dma50" : 410.50,
    "dma100" : null,
    "dma200" : 471.72,
    "volume" : 223690.00
  }, {
    "date" : "2025-04-11",
    "price" : 373.50,
    "dma50" : 409.05,
    "dma100" : null,
    "dma200" : 470.74,
    "volume" : 249151.00
  }, {
    "date" : "2025-04-15",
    "price" : 394.55,
    "dma50" : 408.48,
    "dma100" : null,
    "dma200" : 469.99,
    "volume" : 171579.00
  }, {
    "date" : "2025-04-16",
    "price" : 396.35,
    "dma50" : 408.00,
    "dma100" : null,
    "dma200" : 469.25,
    "volume" : 137835.00
  }, {
    "date" : "2025-04-17",
    "price" : 394.05,
    "dma50" : 407.46,
    "dma100" : null,
    "dma200" : 468.50,
    "volume" : 125389.00
  }, {
    "date" : "2025-04-21",
    "price" : 397.85,
    "dma50" : 407.08,
    "dma100" : null,
    "dma200" : 467.80,
    "volume" : 201441.00
  }, {
    "date" : "2025-04-22",
    "price" : 402.80,
    "dma50" : 406.91,
    "dma100" : null,
    "dma200" : 467.16,
    "volume" : 243969.00
  }, {
    "date" : "2025-04-23",
    "price" : 411.25,
    "dma50" : 407.08,
    "dma100" : null,
    "dma200" : 466.60,
    "volume" : 354525.00
  }, {
    "date" : "2025-04-24",
    "price" : 409.00,
    "dma50" : 407.16,
    "dma100" : null,
    "dma200" : 466.03,
    "volume" : 105537.00
  }, {
    "date" : "2025-04-25",
    "price" : 402.60,
    "dma50" : 406.98,
    "dma100" : null,
    "dma200" : 465.39,
    "volume" : 196153.00
  }, {
    "date" : "2025-04-28",
    "price" : 406.55,
    "dma50" : 406.96,
    "dma100" : null,
    "dma200" : 464.81,
    "volume" : 155667.00
  }, {
    "date" : "2025-04-29",
    "price" : 410.90,
    "dma50" : 407.12,
    "dma100" : null,
    "dma200" : 464.27,
    "volume" : 125225.00
  }, {
    "date" : "2025-04-30",
    "price" : 400.90,
    "dma50" : 406.87,
    "dma100" : null,
    "dma200" : 463.64,
    "volume" : 197436.00
  }, {
    "date" : "2025-05-02",
    "price" : 392.50,
    "dma50" : 406.31,
    "dma100" : null,
    "dma200" : 462.93,
    "volume" : 304725.00
  }, {
    "date" : "2025-05-05",
    "price" : 401.15,
    "dma50" : 406.11,
    "dma100" : null,
    "dma200" : 462.32,
    "volume" : 326800.00
  }, {
    "date" : "2025-05-06",
    "price" : 396.55,
    "dma50" : 405.73,
    "dma100" : null,
    "dma200" : 461.67,
    "volume" : 217149.00
  }, {
    "date" : "2025-05-07",
    "price" : 395.55,
    "dma50" : 405.33,
    "dma100" : null,
    "dma200" : 461.01,
    "volume" : 239777.00
  }, {
    "date" : "2025-05-08",
    "price" : 383.50,
    "dma50" : 404.48,
    "dma100" : null,
    "dma200" : 460.24,
    "volume" : 144804.00
  }, {
    "date" : "2025-05-09",
    "price" : 377.95,
    "dma50" : 403.44,
    "dma100" : null,
    "dma200" : 459.42,
    "volume" : 187154.00
  }, {
    "date" : "2025-05-12",
    "price" : 395.60,
    "dma50" : 403.13,
    "dma100" : null,
    "dma200" : 458.78,
    "volume" : 231105.00
  }, {
    "date" : "2025-05-13",
    "price" : 405.25,
    "dma50" : 403.21,
    "dma100" : null,
    "dma200" : 458.25,
    "volume" : 367804.00
  }, {
    "date" : "2025-05-14",
    "price" : 404.85,
    "dma50" : 403.28,
    "dma100" : null,
    "dma200" : 457.72,
    "volume" : 363840.00
  }, {
    "date" : "2025-05-15",
    "price" : 399.80,
    "dma50" : 403.14,
    "dma100" : null,
    "dma200" : 457.14,
    "volume" : 506609.00
  }, {
    "date" : "2025-05-16",
    "price" : 400.50,
    "dma50" : 403.04,
    "dma100" : null,
    "dma200" : 456.58,
    "volume" : 393702.00
  }, {
    "date" : "2025-05-19",
    "price" : 407.25,
    "dma50" : 403.20,
    "dma100" : null,
    "dma200" : 456.09,
    "volume" : 446195.00
  }, {
    "date" : "2025-05-20",
    "price" : 417.75,
    "dma50" : 403.77,
    "dma100" : null,
    "dma200" : 455.71,
    "volume" : 1256461.00
  }, {
    "date" : "2025-05-21",
    "price" : 413.10,
    "dma50" : 404.14,
    "dma100" : null,
    "dma200" : 455.28,
    "volume" : 450055.00
  }, {
    "date" : "2025-05-22",
    "price" : 415.50,
    "dma50" : 404.58,
    "dma100" : null,
    "dma200" : 454.89,
    "volume" : 186518.00
  }, {
    "date" : "2025-05-23",
    "price" : 411.85,
    "dma50" : 404.87,
    "dma100" : null,
    "dma200" : 454.46,
    "volume" : 138557.00
  }, {
    "date" : "2025-05-26",
    "price" : 413.75,
    "dma50" : 405.22,
    "dma100" : null,
    "dma200" : 454.05,
    "volume" : 248164.00
  }, {
    "date" : "2025-05-27",
    "price" : 417.55,
    "dma50" : 405.70,
    "dma100" : null,
    "dma200" : 453.69,
    "volume" : 179075.00
  }, {
    "date" : "2025-05-28",
    "price" : 410.05,
    "dma50" : 405.87,
    "dma100" : null,
    "dma200" : 453.26,
    "volume" : 160184.00
  }, {
    "date" : "2025-05-29",
    "price" : 413.80,
    "dma50" : 406.18,
    "dma100" : null,
    "dma200" : 452.86,
    "volume" : 282705.00
  }, {
    "date" : "2025-05-30",
    "price" : 415.35,
    "dma50" : 406.54,
    "dma100" : null,
    "dma200" : 452.49,
    "volume" : 273101.00
  }, {
    "date" : "2025-06-02",
    "price" : 425.80,
    "dma50" : 407.30,
    "dma100" : null,
    "dma200" : 452.22,
    "volume" : 480189.00
  }, {
    "date" : "2025-06-03",
    "price" : 432.45,
    "dma50" : 408.28,
    "dma100" : null,
    "dma200" : 452.03,
    "volume" : 409763.00
  }, {
    "date" : "2025-06-04",
    "price" : 434.95,
    "dma50" : 409.33,
    "dma100" : null,
    "dma200" : 451.86,
    "volume" : 379246.00
  }, {
    "date" : "2025-06-05",
    "price" : 432.50,
    "dma50" : 410.24,
    "dma100" : null,
    "dma200" : 451.66,
    "volume" : 291180.00
  }, {
    "date" : "2025-06-06",
    "price" : 456.10,
    "dma50" : 412.04,
    "dma100" : null,
    "dma200" : 451.71,
    "volume" : 1004866.00
  }, {
    "date" : "2025-06-09",
    "price" : 463.60,
    "dma50" : 414.06,
    "dma100" : null,
    "dma200" : 451.83,
    "volume" : 763361.00
  }, {
    "date" : "2025-06-10",
    "price" : 452.95,
    "dma50" : 415.58,
    "dma100" : null,
    "dma200" : 451.84,
    "volume" : 377184.00
  }, {
    "date" : "2025-06-11",
    "price" : 461.45,
    "dma50" : 417.38,
    "dma100" : null,
    "dma200" : 451.93,
    "volume" : 306257.00
  }, {
    "date" : "2025-06-12",
    "price" : 444.95,
    "dma50" : 418.46,
    "dma100" : null,
    "dma200" : 451.86,
    "volume" : 269822.00
  }, {
    "date" : "2025-06-13",
    "price" : 447.30,
    "dma50" : 419.59,
    "dma100" : null,
    "dma200" : 451.82,
    "volume" : 1720436.00
  }, {
    "date" : "2025-06-16",
    "price" : 445.95,
    "dma50" : 420.63,
    "dma100" : null,
    "dma200" : 451.76,
    "volume" : 329483.00
  }, {
    "date" : "2025-06-17",
    "price" : 445.80,
    "dma50" : 421.61,
    "dma100" : null,
    "dma200" : 451.70,
    "volume" : 817138.00
  }, {
    "date" : "2025-06-18",
    "price" : 445.60,
    "dma50" : 422.56,
    "dma100" : null,
    "dma200" : 451.64,
    "volume" : 204460.00
  }, {
    "date" : "2025-06-19",
    "price" : 440.00,
    "dma50" : 423.24,
    "dma100" : null,
    "dma200" : 451.52,
    "volume" : 173892.00
  }, {
    "date" : "2025-06-20",
    "price" : 439.95,
    "dma50" : 423.89,
    "dma100" : null,
    "dma200" : 451.41,
    "volume" : 235201.00
  }, {
    "date" : "2025-06-23",
    "price" : 432.95,
    "dma50" : 424.25,
    "dma100" : 414.30,
    "dma200" : 451.23,
    "volume" : 162282.00
  }, {
    "date" : "2025-06-24",
    "price" : 441.70,
    "dma50" : 424.93,
    "dma100" : 414.11,
    "dma200" : 451.13,
    "volume" : 142711.00
  }, {
    "date" : "2025-06-25",
    "price" : 447.05,
    "dma50" : 425.80,
    "dma100" : 413.87,
    "dma200" : 451.09,
    "volume" : 190131.00
  }, {
    "date" : "2025-06-26",
    "price" : 442.05,
    "dma50" : 426.44,
    "dma100" : 413.60,
    "dma200" : 451.00,
    "volume" : 129436.00
  }, {
    "date" : "2025-06-27",
    "price" : 443.55,
    "dma50" : 427.11,
    "dma100" : 413.33,
    "dma200" : 450.93,
    "volume" : 209869.00
  }, {
    "date" : "2025-06-30",
    "price" : 445.55,
    "dma50" : 427.83,
    "dma100" : 413.03,
    "dma200" : 450.87,
    "volume" : 114136.00
  }, {
    "date" : "2025-07-01",
    "price" : 439.35,
    "dma50" : 428.28,
    "dma100" : 412.72,
    "dma200" : 450.76,
    "volume" : 154562.00
  }, {
    "date" : "2025-07-02",
    "price" : 435.05,
    "dma50" : 428.55,
    "dma100" : 412.41,
    "dma200" : 450.60,
    "volume" : 195386.00
  }, {
    "date" : "2025-07-03",
    "price" : 441.25,
    "dma50" : 429.05,
    "dma100" : 412.01,
    "dma200" : 450.51,
    "volume" : 246855.00
  }, {
    "date" : "2025-07-04",
    "price" : 441.40,
    "dma50" : 429.53,
    "dma100" : 411.63,
    "dma200" : 450.42,
    "volume" : 109674.00
  }, {
    "date" : "2025-07-07",
    "price" : 443.55,
    "dma50" : 430.08,
    "dma100" : 411.12,
    "dma200" : 450.35,
    "volume" : 137069.00
  }, {
    "date" : "2025-07-08",
    "price" : 439.85,
    "dma50" : 430.46,
    "dma100" : 410.52,
    "dma200" : 450.25,
    "volume" : 237472.00
  }, {
    "date" : "2025-07-09",
    "price" : 437.15,
    "dma50" : 430.73,
    "dma100" : 410.16,
    "dma200" : 450.12,
    "volume" : 97181.00
  }, {
    "date" : "2025-07-10",
    "price" : 443.95,
    "dma50" : 431.25,
    "dma100" : 410.06,
    "dma200" : 450.05,
    "volume" : 166718.00
  }, {
    "date" : "2025-07-11",
    "price" : 438.85,
    "dma50" : 431.54,
    "dma100" : 410.08,
    "dma200" : 449.94,
    "volume" : 108287.00
  }, {
    "date" : "2025-07-14",
    "price" : 439.85,
    "dma50" : 431.87,
    "dma100" : 410.07,
    "dma200" : 449.84,
    "volume" : 112454.00
  }, {
    "date" : "2025-07-15",
    "price" : 438.40,
    "dma50" : 432.13,
    "dma100" : 410.24,
    "dma200" : 449.73,
    "volume" : 158691.00
  }, {
    "date" : "2025-07-16",
    "price" : 441.95,
    "dma50" : 432.51,
    "dma100" : 410.48,
    "dma200" : 449.65,
    "volume" : 315886.00
  }, {
    "date" : "2025-07-17",
    "price" : 437.35,
    "dma50" : 432.70,
    "dma100" : 410.80,
    "dma200" : 449.53,
    "volume" : 260993.00
  }, {
    "date" : "2025-07-18",
    "price" : 426.85,
    "dma50" : 432.47,
    "dma100" : 411.03,
    "dma200" : 449.30,
    "volume" : 824221.00
  }, {
    "date" : "2025-07-21",
    "price" : 430.95,
    "dma50" : 432.41,
    "dma100" : 411.30,
    "dma200" : 449.12,
    "volume" : 248551.00
  }, {
    "date" : "2025-07-22",
    "price" : 444.90,
    "dma50" : 432.90,
    "dma100" : 411.76,
    "dma200" : 449.08,
    "volume" : 454569.00
  }, {
    "date" : "2025-07-23",
    "price" : 437.55,
    "dma50" : 433.08,
    "dma100" : 412.24,
    "dma200" : 448.96,
    "volume" : 206773.00
  }, {
    "date" : "2025-07-24",
    "price" : 430.35,
    "dma50" : 432.98,
    "dma100" : 412.76,
    "dma200" : 448.78,
    "volume" : 302453.00
  }, {
    "date" : "2025-07-25",
    "price" : 419.65,
    "dma50" : 432.45,
    "dma100" : 413.18,
    "dma200" : 448.49,
    "volume" : 185705.00
  }, {
    "date" : "2025-07-28",
    "price" : 402.85,
    "dma50" : 431.29,
    "dma100" : 413.56,
    "dma200" : 448.03,
    "volume" : 184367.00
  }, {
    "date" : "2025-07-29",
    "price" : 408.45,
    "dma50" : 430.40,
    "dma100" : 414.07,
    "dma200" : 447.64,
    "volume" : 122370.00
  }, {
    "date" : "2025-07-30",
    "price" : 399.95,
    "dma50" : 429.20,
    "dma100" : 414.33,
    "dma200" : 447.17,
    "volume" : 204217.00
  }, {
    "date" : "2025-07-31",
    "price" : 392.90,
    "dma50" : 427.78,
    "dma100" : 414.40,
    "dma200" : 446.63,
    "volume" : 194005.00
  }, {
    "date" : "2025-08-01",
    "price" : 388.25,
    "dma50" : 426.23,
    "dma100" : 414.27,
    "dma200" : 446.05,
    "volume" : 151410.00
  }, {
    "date" : "2025-08-04",
    "price" : 384.65,
    "dma50" : 424.60,
    "dma100" : 414.16,
    "dma200" : 445.43,
    "volume" : 143058.00
  }, {
    "date" : "2025-08-05",
    "price" : 382.35,
    "dma50" : 422.94,
    "dma100" : 414.11,
    "dma200" : 444.81,
    "volume" : 157557.00
  }, {
    "date" : "2025-08-06",
    "price" : 383.85,
    "dma50" : 421.41,
    "dma100" : 414.10,
    "dma200" : 444.20,
    "volume" : 213317.00
  }, {
    "date" : "2025-08-07",
    "price" : 378.45,
    "dma50" : 419.72,
    "dma100" : 414.13,
    "dma200" : 443.55,
    "volume" : 192324.00
  }, {
    "date" : "2025-08-08",
    "price" : 384.55,
    "dma50" : 418.34,
    "dma100" : 414.28,
    "dma200" : 442.96,
    "volume" : 132746.00
  }, {
    "date" : "2025-08-11",
    "price" : 381.10,
    "dma50" : 416.88,
    "dma100" : 414.44,
    "dma200" : 442.34,
    "volume" : 110274.00
  }, {
    "date" : "2025-08-12",
    "price" : 382.85,
    "dma50" : 415.55,
    "dma100" : 414.42,
    "dma200" : 441.75,
    "volume" : 185377.00
  }, {
    "date" : "2025-08-13",
    "price" : 379.05,
    "dma50" : 414.12,
    "dma100" : 414.13,
    "dma200" : 441.13,
    "volume" : 90104.00
  }, {
    "date" : "2025-08-14",
    "price" : 376.05,
    "dma50" : 412.63,
    "dma100" : 413.94,
    "dma200" : 440.48,
    "volume" : 92176.00
  }, {
    "date" : "2025-08-18",
    "price" : 377.40,
    "dma50" : 411.24,
    "dma100" : 413.71,
    "dma200" : 439.85,
    "volume" : 222282.00
  }, {
    "date" : "2025-08-19",
    "price" : 389.00,
    "dma50" : 410.37,
    "dma100" : 413.55,
    "dma200" : 439.35,
    "volume" : 199777.00
  }, {
    "date" : "2025-08-20",
    "price" : 393.00,
    "dma50" : 409.69,
    "dma100" : 413.49,
    "dma200" : 438.88,
    "volume" : 205434.00
  }, {
    "date" : "2025-08-21",
    "price" : 394.10,
    "dma50" : 409.08,
    "dma100" : 413.56,
    "dma200" : 438.44,
    "volume" : 155112.00
  }, {
    "date" : "2025-08-22",
    "price" : 389.50,
    "dma50" : 408.31,
    "dma100" : 413.46,
    "dma200" : 437.95,
    "volume" : 432146.00
  }, {
    "date" : "2025-08-25",
    "price" : 393.65,
    "dma50" : 407.74,
    "dma100" : 413.53,
    "dma200" : 437.51,
    "volume" : 162707.00
  }, {
    "date" : "2025-08-26",
    "price" : 388.70,
    "dma50" : 406.99,
    "dma100" : 413.45,
    "dma200" : 437.03,
    "volume" : 128651.00
  }, {
    "date" : "2025-08-28",
    "price" : 386.30,
    "dma50" : 406.18,
    "dma100" : 413.31,
    "dma200" : 436.52,
    "volume" : 135938.00
  }, {
    "date" : "2025-08-29",
    "price" : 380.15,
    "dma50" : 405.16,
    "dma100" : 413.07,
    "dma200" : 435.96,
    "volume" : 79847.00
  }, {
    "date" : "2025-09-01",
    "price" : 382.95,
    "dma50" : 404.29,
    "dma100" : 413.05,
    "dma200" : 435.43,
    "volume" : 78059.00
  }, {
    "date" : "2025-09-02",
    "price" : 384.75,
    "dma50" : 403.52,
    "dma100" : 413.28,
    "dma200" : 434.93,
    "volume" : 107334.00
  }, {
    "date" : "2025-09-03",
    "price" : 394.10,
    "dma50" : 403.15,
    "dma100" : 413.53,
    "dma200" : 434.52,
    "volume" : 414468.00
  }, {
    "date" : "2025-09-04",
    "price" : 392.35,
    "dma50" : 402.73,
    "dma100" : 413.91,
    "dma200" : 434.10,
    "volume" : 347913.00
  }, {
    "date" : "2025-09-05",
    "price" : 447.70,
    "dma50" : 404.49,
    "dma100" : 414.65,
    "dma200" : 434.24,
    "volume" : 7010131.00
  }, {
    "date" : "2025-09-08",
    "price" : 456.05,
    "dma50" : 406.51,
    "dma100" : 415.27,
    "dma200" : 434.45,
    "volume" : 2269907.00
  }, {
    "date" : "2025-09-09",
    "price" : 444.15,
    "dma50" : 407.99,
    "dma100" : 415.75,
    "dma200" : 434.55,
    "volume" : 646279.00
  }, {
    "date" : "2025-09-10",
    "price" : 446.95,
    "dma50" : 409.52,
    "dma100" : 416.27,
    "dma200" : 434.67,
    "volume" : 743776.00
  }, {
    "date" : "2025-09-11",
    "price" : 443.45,
    "dma50" : 410.85,
    "dma100" : 416.73,
    "dma200" : 434.76,
    "volume" : 262596.00
  }, {
    "date" : "2025-09-12",
    "price" : 441.00,
    "dma50" : 412.03,
    "dma100" : 417.11,
    "dma200" : 434.82,
    "volume" : 347025.00
  }, {
    "date" : "2025-09-15",
    "price" : 450.15,
    "dma50" : 413.53,
    "dma100" : 417.50,
    "dma200" : 434.98,
    "volume" : 375908.00
  }, {
    "date" : "2025-09-16",
    "price" : 445.15,
    "dma50" : 414.77,
    "dma100" : 417.86,
    "dma200" : 435.08,
    "volume" : 207287.00
  }, {
    "date" : "2025-09-17",
    "price" : 444.30,
    "dma50" : 415.92,
    "dma100" : 418.28,
    "dma200" : 435.17,
    "volume" : 322028.00
  }, {
    "date" : "2025-09-18",
    "price" : 452.70,
    "dma50" : 417.37,
    "dma100" : 418.74,
    "dma200" : 435.34,
    "volume" : 325284.00
  }, {
    "date" : "2025-09-19",
    "price" : 450.05,
    "dma50" : 418.65,
    "dma100" : 419.13,
    "dma200" : 435.49,
    "volume" : 209670.00
  }, {
    "date" : "2025-09-22",
    "price" : 445.85,
    "dma50" : 419.71,
    "dma100" : 419.58,
    "dma200" : 435.59,
    "volume" : 262605.00
  }, {
    "date" : "2025-09-23",
    "price" : 439.10,
    "dma50" : 420.47,
    "dma100" : 420.05,
    "dma200" : 435.63,
    "volume" : 122046.00
  }, {
    "date" : "2025-09-24",
    "price" : 427.55,
    "dma50" : 420.75,
    "dma100" : 420.31,
    "dma200" : 435.55,
    "volume" : 442216.00
  }, {
    "date" : "2025-09-25",
    "price" : 423.50,
    "dma50" : 420.86,
    "dma100" : 420.58,
    "dma200" : 435.43,
    "volume" : 191079.00
  }, {
    "date" : "2025-09-26",
    "price" : 409.60,
    "dma50" : 420.42,
    "dma100" : 420.72,
    "dma200" : 435.17,
    "volume" : 179783.00
  }, {
    "date" : "2025-09-29",
    "price" : 421.95,
    "dma50" : 420.48,
    "dma100" : 421.11,
    "dma200" : 435.04,
    "volume" : 1695128.00
  }, {
    "date" : "2025-09-30",
    "price" : 415.15,
    "dma50" : 420.27,
    "dma100" : 421.48,
    "dma200" : 434.84,
    "volume" : 236384.00
  }, {
    "date" : "2025-10-01",
    "price" : 436.10,
    "dma50" : 420.89,
    "dma100" : 421.88,
    "dma200" : 434.85,
    "volume" : 557640.00
  }, {
    "date" : "2025-10-03",
    "price" : 440.75,
    "dma50" : 421.67,
    "dma100" : 422.24,
    "dma200" : 434.91,
    "volume" : 173412.00
  }, {
    "date" : "2025-10-06",
    "price" : 436.85,
    "dma50" : 422.26,
    "dma100" : 422.56,
    "dma200" : 434.93,
    "volume" : 139276.00
  }, {
    "date" : "2025-10-07",
    "price" : 442.15,
    "dma50" : 423.04,
    "dma100" : 422.98,
    "dma200" : 435.00,
    "volume" : 201800.00
  }, {
    "date" : "2025-10-08",
    "price" : 429.65,
    "dma50" : 423.30,
    "dma100" : 423.27,
    "dma200" : 434.95,
    "volume" : 254679.00
  }, {
    "date" : "2025-10-09",
    "price" : 433.45,
    "dma50" : 423.70,
    "dma100" : 423.54,
    "dma200" : 434.94,
    "volume" : 208767.00
  }, {
    "date" : "2025-10-10",
    "price" : 444.40,
    "dma50" : 424.51,
    "dma100" : 423.80,
    "dma200" : 435.03,
    "volume" : 427044.00
  }, {
    "date" : "2025-10-13",
    "price" : 434.70,
    "dma50" : 424.91,
    "dma100" : 424.02,
    "dma200" : 435.03,
    "volume" : 145878.00
  }, {
    "date" : "2025-10-14",
    "price" : 424.75,
    "dma50" : 424.91,
    "dma100" : 424.11,
    "dma200" : 434.92,
    "volume" : 187060.00
  }, {
    "date" : "2025-10-15",
    "price" : 442.00,
    "dma50" : 425.58,
    "dma100" : 424.41,
    "dma200" : 434.99,
    "volume" : 300736.00
  }, {
    "date" : "2025-10-16",
    "price" : 436.10,
    "dma50" : 425.99,
    "dma100" : 424.64,
    "dma200" : 435.01,
    "volume" : 414196.00
  }, {
    "date" : "2025-10-17",
    "price" : 428.55,
    "dma50" : 426.09,
    "dma100" : 424.75,
    "dma200" : 434.94,
    "volume" : 1730254.00
  }, {
    "date" : "2025-10-20",
    "price" : 431.80,
    "dma50" : 426.31,
    "dma100" : 424.96,
    "dma200" : 434.91,
    "volume" : 361099.00
  }, {
    "date" : "2025-10-21",
    "price" : 437.05,
    "dma50" : 426.73,
    "dma100" : 425.20,
    "dma200" : 434.93,
    "volume" : 71234.00
  }, {
    "date" : "2025-10-23",
    "price" : 432.75,
    "dma50" : 426.97,
    "dma100" : 425.37,
    "dma200" : 434.91,
    "volume" : 156696.00
  }, {
    "date" : "2025-10-24",
    "price" : 434.75,
    "dma50" : 427.28,
    "dma100" : 425.46,
    "dma200" : 434.91,
    "volume" : 228920.00
  }, {
    "date" : "2025-10-27",
    "price" : 434.40,
    "dma50" : 427.55,
    "dma100" : 425.48,
    "dma200" : 434.90,
    "volume" : 195032.00
  }, {
    "date" : "2025-10-28",
    "price" : 439.75,
    "dma50" : 428.03,
    "dma100" : 425.53,
    "dma200" : 434.95,
    "volume" : 303990.00
  }, {
    "date" : "2025-10-29",
    "price" : 444.65,
    "dma50" : 428.68,
    "dma100" : 425.65,
    "dma200" : 435.05,
    "volume" : 456515.00
  }, {
    "date" : "2025-10-30",
    "price" : 454.40,
    "dma50" : 429.69,
    "dma100" : 425.63,
    "dma200" : 435.24,
    "volume" : 440136.00
  }, {
    "date" : "2025-10-31",
    "price" : 442.45,
    "dma50" : 430.19,
    "dma100" : 425.42,
    "dma200" : 435.31,
    "volume" : 159161.00
  }, {
    "date" : "2025-11-03",
    "price" : 462.95,
    "dma50" : 431.48,
    "dma100" : 425.52,
    "dma200" : 435.59,
    "volume" : 1208539.00
  }, {
    "date" : "2025-11-04",
    "price" : 460.10,
    "dma50" : 432.60,
    "dma100" : 425.51,
    "dma200" : 435.83,
    "volume" : 306176.00
  }, {
    "date" : "2025-11-06",
    "price" : 447.60,
    "dma50" : 433.19,
    "dma100" : 425.53,
    "dma200" : 435.95,
    "volume" : 289457.00
  }, {
    "date" : "2025-11-07",
    "price" : 442.80,
    "dma50" : 433.57,
    "dma100" : 425.49,
    "dma200" : 436.02,
    "volume" : 167669.00
  }, {
    "date" : "2025-11-10",
    "price" : 443.30,
    "dma50" : 433.95,
    "dma100" : 425.46,
    "dma200" : 436.09,
    "volume" : 122200.00
  }, {
    "date" : "2025-11-11",
    "price" : 440.65,
    "dma50" : 434.21,
    "dma100" : 425.41,
    "dma200" : 436.13,
    "volume" : 120473.00
  }, {
    "date" : "2025-11-12",
    "price" : 444.90,
    "dma50" : 434.63,
    "dma100" : 425.40,
    "dma200" : 436.22,
    "volume" : 125824.00
  }, {
    "date" : "2025-11-13",
    "price" : 448.40,
    "dma50" : 435.17,
    "dma100" : 425.49,
    "dma200" : 436.34,
    "volume" : 220398.00
  }, {
    "date" : "2025-11-14",
    "price" : 446.25,
    "dma50" : 435.60,
    "dma100" : 425.55,
    "dma200" : 436.44,
    "volume" : 110355.00
  }, {
    "date" : "2025-11-17",
    "price" : 434.85,
    "dma50" : 435.57,
    "dma100" : 425.57,
    "dma200" : 436.43,
    "volume" : 154619.00
  }, {
    "date" : "2025-11-18",
    "price" : 427.00,
    "dma50" : 435.24,
    "dma100" : 425.42,
    "dma200" : 436.33,
    "volume" : 171616.00
  }, {
    "date" : "2025-11-19",
    "price" : 436.60,
    "dma50" : 435.29,
    "dma100" : 425.32,
    "dma200" : 436.33,
    "volume" : 218282.00
  }, {
    "date" : "2025-11-20",
    "price" : 426.95,
    "dma50" : 434.96,
    "dma100" : 425.17,
    "dma200" : 436.24,
    "volume" : 121878.00
  }, {
    "date" : "2025-11-21",
    "price" : 418.70,
    "dma50" : 434.33,
    "dma100" : 424.92,
    "dma200" : 436.07,
    "volume" : 94350.00
  }, {
    "date" : "2025-11-24",
    "price" : 416.95,
    "dma50" : 433.65,
    "dma100" : 424.63,
    "dma200" : 435.88,
    "volume" : 126658.00
  }, {
    "date" : "2025-11-25",
    "price" : 419.55,
    "dma50" : 433.09,
    "dma100" : 424.43,
    "dma200" : 435.71,
    "volume" : 187918.00
  }, {
    "date" : "2025-11-26",
    "price" : 428.15,
    "dma50" : 432.90,
    "dma100" : 424.37,
    "dma200" : 435.64,
    "volume" : 84539.00
  }, {
    "date" : "2025-11-27",
    "price" : 416.25,
    "dma50" : 432.25,
    "dma100" : 424.12,
    "dma200" : 435.45,
    "volume" : 113954.00
  }, {
    "date" : "2025-11-28",
    "price" : 423.05,
    "dma50" : 431.89,
    "dma100" : 423.93,
    "dma200" : 435.32,
    "volume" : 107950.00
  }, {
    "date" : "2025-12-01",
    "price" : 420.20,
    "dma50" : 431.43,
    "dma100" : 423.70,
    "dma200" : 435.17,
    "volume" : 91175.00
  }, {
    "date" : "2025-12-02",
    "price" : 418.85,
    "dma50" : 430.93,
    "dma100" : 423.49,
    "dma200" : 435.01,
    "volume" : 44484.00
  }, {
    "date" : "2025-12-03",
    "price" : 418.10,
    "dma50" : 430.43,
    "dma100" : 423.30,
    "dma200" : 434.84,
    "volume" : 96233.00
  }, {
    "date" : "2025-12-04",
    "price" : 412.45,
    "dma50" : 429.73,
    "dma100" : 422.98,
    "dma200" : 434.62,
    "volume" : 63046.00
  }, {
    "date" : "2025-12-05",
    "price" : 404.85,
    "dma50" : 428.75,
    "dma100" : 422.64,
    "dma200" : 434.32,
    "volume" : 146814.00
  }, {
    "date" : "2025-12-08",
    "price" : 406.30,
    "dma50" : 427.87,
    "dma100" : 422.31,
    "dma200" : 434.04,
    "volume" : 221703.00
  }, {
    "date" : "2025-12-09",
    "price" : 404.35,
    "dma50" : 426.95,
    "dma100" : 421.97,
    "dma200" : 433.75,
    "volume" : 96333.00
  }, {
    "date" : "2025-12-10",
    "price" : 398.55,
    "dma50" : 425.83,
    "dma100" : 421.53,
    "dma200" : 433.40,
    "volume" : 97836.00
  }, {
    "date" : "2025-12-11",
    "price" : 402.30,
    "dma50" : 424.91,
    "dma100" : 421.18,
    "dma200" : 433.09,
    "volume" : 82454.00
  }, {
    "date" : "2025-12-12",
    "price" : 400.75,
    "dma50" : 423.96,
    "dma100" : 420.92,
    "dma200" : 432.77,
    "volume" : 89116.00
  }, {
    "date" : "2025-12-15",
    "price" : 403.70,
    "dma50" : 423.17,
    "dma100" : 420.65,
    "dma200" : 432.48,
    "volume" : 61742.00
  }, {
    "date" : "2025-12-16",
    "price" : 399.25,
    "dma50" : 422.23,
    "dma100" : 420.19,
    "dma200" : 432.15,
    "volume" : 49479.00
  }, {
    "date" : "2025-12-17",
    "price" : 395.30,
    "dma50" : 421.17,
    "dma100" : 419.77,
    "dma200" : 431.78,
    "volume" : 72761.00
  }, {
    "date" : "2025-12-18",
    "price" : 386.55,
    "dma50" : 419.82,
    "dma100" : 419.33,
    "dma200" : 431.33,
    "volume" : 292539.00
  }, {
    "date" : "2025-12-19",
    "price" : 391.35,
    "dma50" : 418.70,
    "dma100" : 419.05,
    "dma200" : 430.93,
    "volume" : 83719.00
  }, {
    "date" : "2025-12-22",
    "price" : 417.00,
    "dma50" : 418.63,
    "dma100" : 419.19,
    "dma200" : 430.79,
    "volume" : 391841.00
  }, {
    "date" : "2025-12-23",
    "price" : 412.00,
    "dma50" : 418.37,
    "dma100" : 419.23,
    "dma200" : 430.61,
    "volume" : 189273.00
  }, {
    "date" : "2025-12-24",
    "price" : 414.05,
    "dma50" : 418.20,
    "dma100" : 419.37,
    "dma200" : 430.44,
    "volume" : 95790.00
  }, {
    "date" : "2025-12-26",
    "price" : 403.95,
    "dma50" : 417.64,
    "dma100" : 419.48,
    "dma200" : 430.18,
    "volume" : 380244.00
  }, {
    "date" : "2025-12-29",
    "price" : 403.25,
    "dma50" : 417.08,
    "dma100" : 419.63,
    "dma200" : 429.91,
    "volume" : 220922.00
  }, {
    "date" : "2025-12-30",
    "price" : 398.95,
    "dma50" : 416.37,
    "dma100" : 419.77,
    "dma200" : 429.60,
    "volume" : 180892.00
  }, {
    "date" : "2025-12-31",
    "price" : 396.05,
    "dma50" : 415.57,
    "dma100" : 419.91,
    "dma200" : 429.27,
    "volume" : 294124.00
  }, {
    "date" : "2026-01-01",
    "price" : 429.90,
    "dma50" : 416.13,
    "dma100" : 420.37,
    "dma200" : 429.27,
    "volume" : 4854864.00
  }, {
    "date" : "2026-01-02",
    "price" : 431.45,
    "dma50" : 416.73,
    "dma100" : 420.90,
    "dma200" : 429.30,
    "volume" : 852156.00
  }, {
    "date" : "2026-01-05",
    "price" : 422.20,
    "dma50" : 416.95,
    "dma100" : 421.27,
    "dma200" : 429.23,
    "volume" : 143788.00
  }, {
    "date" : "2026-01-06",
    "price" : 422.15,
    "dma50" : 417.15,
    "dma100" : 421.68,
    "dma200" : 429.16,
    "volume" : 129417.00
  }, {
    "date" : "2026-01-07",
    "price" : 419.75,
    "dma50" : 417.26,
    "dma100" : 422.05,
    "dma200" : 429.06,
    "volume" : 94599.00
  }, {
    "date" : "2026-01-08",
    "price" : 425.00,
    "dma50" : 417.56,
    "dma100" : 422.51,
    "dma200" : 429.02,
    "volume" : 200696.00
  }, {
    "date" : "2026-01-09",
    "price" : 420.80,
    "dma50" : 417.69,
    "dma100" : 422.96,
    "dma200" : 428.94,
    "volume" : 190402.00
  }, {
    "date" : "2026-01-12",
    "price" : 419.70,
    "dma50" : 417.76,
    "dma100" : 423.38,
    "dma200" : 428.85,
    "volume" : 269555.00
  }, {
    "date" : "2026-01-13",
    "price" : 420.50,
    "dma50" : 417.87,
    "dma100" : 423.70,
    "dma200" : 428.76,
    "volume" : 188874.00
  }, {
    "date" : "2026-01-14",
    "price" : 423.75,
    "dma50" : 418.10,
    "dma100" : 424.01,
    "dma200" : 428.71,
    "volume" : 239734.00
  }, {
    "date" : "2026-01-16",
    "price" : 417.00,
    "dma50" : 418.06,
    "dma100" : 424.24,
    "dma200" : 428.60,
    "volume" : 94465.00
  }, {
    "date" : "2026-01-19",
    "price" : 405.20,
    "dma50" : 417.56,
    "dma100" : 424.39,
    "dma200" : 428.37,
    "volume" : 112618.00
  }, {
    "date" : "2026-01-20",
    "price" : 402.95,
    "dma50" : 416.98,
    "dma100" : 424.49,
    "dma200" : 428.11,
    "volume" : 198511.00
  }, {
    "date" : "2026-01-21",
    "price" : 385.35,
    "dma50" : 415.74,
    "dma100" : 424.45,
    "dma200" : 427.69,
    "volume" : 347108.00
  }, {
    "date" : "2026-01-22",
    "price" : 388.85,
    "dma50" : 414.69,
    "dma100" : 424.48,
    "dma200" : 427.30,
    "volume" : 219319.00
  }, {
    "date" : "2026-01-23",
    "price" : 369.70,
    "dma50" : 412.92,
    "dma100" : 424.37,
    "dma200" : 426.73,
    "volume" : 445524.00
  } ],
  "latestTechnicalAttributes" : {
    "date" : "2026-01-23",
    "price" : 369.70,
    "dma50" : 412.92,
    "dma100" : 424.37,
    "dma200" : 426.73,
    "volume" : 445524.00
  },
  "quarterlyResults" : [ {
    "date" : "2005-03-31",
    "sales" : 0.01,
    "salesGrowthYoY" : null,
    "grossProfitMargin" : 100.00,
    "grossProfit" : 0.01,
    "operatingProfitMargin" : 0.00,
    "operatingProfit" : 0.00,
    "netProfitMargin" : 0.00,
    "netProfit" : 0.00
  }, {
    "date" : "2005-06-30",
    "sales" : 0.00,
    "salesGrowthYoY" : null,
    "grossProfitMargin" : 0.00,
    "grossProfit" : 0.00,
    "operatingProfitMargin" : 0.00,
    "operatingProfit" : 0.00,
    "netProfitMargin" : 0.00,
    "netProfit" : 0.00
  }, {
    "date" : "2005-09-30",
    "sales" : 0.01,
    "salesGrowthYoY" : null,
    "grossProfitMargin" : 100.00,
    "grossProfit" : 0.01,
    "operatingProfitMargin" : 0.00,
    "operatingProfit" : 0.00,
    "netProfitMargin" : 0.00,
    "netProfit" : 0.00
  }, {
    "date" : "2005-12-31",
    "sales" : 0.01,
    "salesGrowthYoY" : null,
    "grossProfitMargin" : 100.00,
    "grossProfit" : 0.01,
    "operatingProfitMargin" : 0.00,
    "operatingProfit" : 0.00,
    "netProfitMargin" : 0.00,
    "netProfit" : 0.00
  }, {
    "date" : "2006-03-31",
    "sales" : 0.01,
    "salesGrowthYoY" : 0.00,
    "grossProfitMargin" : 100.00,
    "grossProfit" : 0.01,
    "operatingProfitMargin" : 100.00,
    "operatingProfit" : 0.01,
    "netProfitMargin" : 0.00,
    "netProfit" : 0.00
  }, {
    "date" : "2006-06-30",
    "sales" : 0.00,
    "salesGrowthYoY" : 0.00,
    "grossProfitMargin" : 0.00,
    "grossProfit" : 0.00,
    "operatingProfitMargin" : 0.00,
    "operatingProfit" : 0.00,
    "netProfitMargin" : 0.00,
    "netProfit" : 0.00
  }, {
    "date" : "2006-09-30",
    "sales" : 0.12,
    "salesGrowthYoY" : 1100.00,
    "grossProfitMargin" : 100.00,
    "grossProfit" : 0.12,
    "operatingProfitMargin" : 41.67,
    "operatingProfit" : 0.05,
    "netProfitMargin" : 116.67,
    "netProfit" : 0.14
  }, {
    "date" : "2006-12-31",
    "sales" : 0.31,
    "salesGrowthYoY" : 3000.00,
    "grossProfitMargin" : 100.00,
    "grossProfit" : 0.31,
    "operatingProfitMargin" : 38.71,
    "operatingProfit" : 0.12,
    "netProfitMargin" : 54.84,
    "netProfit" : 0.17
  }, {
    "date" : "2007-03-31",
    "sales" : 0.22,
    "salesGrowthYoY" : 2100.00,
    "grossProfitMargin" : 100.00,
    "grossProfit" : 0.22,
    "operatingProfitMargin" : 54.55,
    "operatingProfit" : 0.12,
    "netProfitMargin" : 0.00,
    "netProfit" : 0.00
  }, {
    "date" : "2007-06-30",
    "sales" : 0.41,
    "salesGrowthYoY" : 100.00,
    "grossProfitMargin" : 100.00,
    "grossProfit" : 0.41,
    "operatingProfitMargin" : 68.29,
    "operatingProfit" : 0.28,
    "netProfitMargin" : 46.34,
    "netProfit" : 0.19
  }, {
    "date" : "2007-09-30",
    "sales" : 0.62,
    "salesGrowthYoY" : 416.67,
    "grossProfitMargin" : 100.00,
    "grossProfit" : 0.62,
    "operatingProfitMargin" : 56.45,
    "operatingProfit" : 0.35,
    "netProfitMargin" : 32.26,
    "netProfit" : 0.20
  }, {
    "date" : "2007-12-31",
    "sales" : 1.01,
    "salesGrowthYoY" : 225.81,
    "grossProfitMargin" : 100.00,
    "grossProfit" : 1.01,
    "operatingProfitMargin" : 71.29,
    "operatingProfit" : 0.72,
    "netProfitMargin" : 130.69,
    "netProfit" : 1.32
  }, {
    "date" : "2008-03-31",
    "sales" : 1.03,
    "salesGrowthYoY" : 368.18,
    "grossProfitMargin" : 100.00,
    "grossProfit" : 1.03,
    "operatingProfitMargin" : -10.68,
    "operatingProfit" : -0.11,
    "netProfitMargin" : 103.88,
    "netProfit" : 1.07
  }, {
    "date" : "2008-06-30",
    "sales" : 0.62,
    "salesGrowthYoY" : 51.22,
    "grossProfitMargin" : 100.00,
    "grossProfit" : 0.62,
    "operatingProfitMargin" : 66.13,
    "operatingProfit" : 0.41,
    "netProfitMargin" : 377.42,
    "netProfit" : 2.34
  }, {
    "date" : "2008-09-30",
    "sales" : 0.72,
    "salesGrowthYoY" : 16.13,
    "grossProfitMargin" : 100.00,
    "grossProfit" : 0.72,
    "operatingProfitMargin" : 40.28,
    "operatingProfit" : 0.29,
    "netProfitMargin" : 269.44,
    "netProfit" : 1.94
  }, {
    "date" : "2008-12-31",
    "sales" : 0.21,
    "salesGrowthYoY" : -79.21,
    "grossProfitMargin" : 100.00,
    "grossProfit" : 0.21,
    "operatingProfitMargin" : -200.00,
    "operatingProfit" : -0.42,
    "netProfitMargin" : 2171.43,
    "netProfit" : 4.56
  }, {
    "date" : "2009-03-31",
    "sales" : 0.50,
    "salesGrowthYoY" : -51.46,
    "grossProfitMargin" : 100.00,
    "grossProfit" : 0.50,
    "operatingProfitMargin" : 28.00,
    "operatingProfit" : 0.14,
    "netProfitMargin" : 148.00,
    "netProfit" : 0.74
  }, {
    "date" : "2009-06-30",
    "sales" : 4.65,
    "salesGrowthYoY" : 650.00,
    "grossProfitMargin" : 100.00,
    "grossProfit" : 4.65,
    "operatingProfitMargin" : 51.61,
    "operatingProfit" : 2.40,
    "netProfitMargin" : 43.87,
    "netProfit" : 2.04
  }, {
    "date" : "2009-09-30",
    "sales" : 4.96,
    "salesGrowthYoY" : 588.89,
    "grossProfitMargin" : 100.00,
    "grossProfit" : 4.96,
    "operatingProfitMargin" : 58.47,
    "operatingProfit" : 2.90,
    "netProfitMargin" : 42.94,
    "netProfit" : 2.13
  }, {
    "date" : "2009-12-31",
    "sales" : 1.35,
    "salesGrowthYoY" : 542.86,
    "grossProfitMargin" : 100.00,
    "grossProfit" : 1.35,
    "operatingProfitMargin" : 17.78,
    "operatingProfit" : 0.24,
    "netProfitMargin" : 44.44,
    "netProfit" : 0.60
  }, {
    "date" : "2010-03-31",
    "sales" : 5.43,
    "salesGrowthYoY" : 986.00,
    "grossProfitMargin" : 100.00,
    "grossProfit" : 5.43,
    "operatingProfitMargin" : 62.62,
    "operatingProfit" : 3.40,
    "netProfitMargin" : 45.30,
    "netProfit" : 2.46
  }, {
    "date" : "2010-06-30",
    "sales" : 3.12,
    "salesGrowthYoY" : -32.90,
    "grossProfitMargin" : 100.00,
    "grossProfit" : 3.12,
    "operatingProfitMargin" : 61.22,
    "operatingProfit" : 1.91,
    "netProfitMargin" : 34.62,
    "netProfit" : 1.08
  }, {
    "date" : "2010-09-30",
    "sales" : 4.02,
    "salesGrowthYoY" : -18.95,
    "grossProfitMargin" : 100.00,
    "grossProfit" : 4.02,
    "operatingProfitMargin" : 73.38,
    "operatingProfit" : 2.95,
    "netProfitMargin" : 73.38,
    "netProfit" : 2.95
  }, {
    "date" : "2010-12-31",
    "sales" : 3.73,
    "salesGrowthYoY" : 176.30,
    "grossProfitMargin" : 100.00,
    "grossProfit" : 3.73,
    "operatingProfitMargin" : 34.32,
    "operatingProfit" : 1.28,
    "netProfitMargin" : 23.32,
    "netProfit" : 0.87
  }, {
    "date" : "2011-03-31",
    "sales" : 3.89,
    "salesGrowthYoY" : -28.36,
    "grossProfitMargin" : 100.00,
    "grossProfit" : 3.89,
    "operatingProfitMargin" : 43.96,
    "operatingProfit" : 1.71,
    "netProfitMargin" : 33.42,
    "netProfit" : 1.30
  }, {
    "date" : "2011-06-30",
    "sales" : 3.36,
    "salesGrowthYoY" : 7.69,
    "grossProfitMargin" : 100.00,
    "grossProfit" : 3.36,
    "operatingProfitMargin" : 68.15,
    "operatingProfit" : 2.29,
    "netProfitMargin" : 72.62,
    "netProfit" : 2.44
  }, {
    "date" : "2011-09-30",
    "sales" : 3.21,
    "salesGrowthYoY" : -20.15,
    "grossProfitMargin" : 100.00,
    "grossProfit" : 3.21,
    "operatingProfitMargin" : 71.34,
    "operatingProfit" : 2.29,
    "netProfitMargin" : 143.61,
    "netProfit" : 4.61
  }, {
    "date" : "2011-12-31",
    "sales" : 3.36,
    "salesGrowthYoY" : -9.92,
    "grossProfitMargin" : 100.00,
    "grossProfit" : 3.36,
    "operatingProfitMargin" : 41.67,
    "operatingProfit" : 1.40,
    "netProfitMargin" : 51.49,
    "netProfit" : 1.73
  }, {
    "date" : "2012-03-31",
    "sales" : 3.84,
    "salesGrowthYoY" : -1.29,
    "grossProfitMargin" : 100.00,
    "grossProfit" : 3.84,
    "operatingProfitMargin" : 79.17,
    "operatingProfit" : 3.04,
    "netProfitMargin" : 79.43,
    "netProfit" : 3.05
  }, {
    "date" : "2012-06-30",
    "sales" : 3.97,
    "salesGrowthYoY" : 18.15,
    "grossProfitMargin" : 100.00,
    "grossProfit" : 3.97,
    "operatingProfitMargin" : 62.72,
    "operatingProfit" : 2.49,
    "netProfitMargin" : 61.96,
    "netProfit" : 2.46
  }, {
    "date" : "2012-09-30",
    "sales" : 4.84,
    "salesGrowthYoY" : 50.78,
    "grossProfitMargin" : 100.00,
    "grossProfit" : 4.84,
    "operatingProfitMargin" : 60.33,
    "operatingProfit" : 2.92,
    "netProfitMargin" : 69.42,
    "netProfit" : 3.36
  }, {
    "date" : "2012-12-31",
    "sales" : 4.76,
    "salesGrowthYoY" : 41.67,
    "grossProfitMargin" : 100.00,
    "grossProfit" : 4.76,
    "operatingProfitMargin" : 57.35,
    "operatingProfit" : 2.73,
    "netProfitMargin" : 52.10,
    "netProfit" : 2.48
  }, {
    "date" : "2013-03-31",
    "sales" : 18.29,
    "salesGrowthYoY" : 376.30,
    "grossProfitMargin" : 100.00,
    "grossProfit" : 18.29,
    "operatingProfitMargin" : 43.96,
    "operatingProfit" : 8.04,
    "netProfitMargin" : 2.73,
    "netProfit" : 0.50
  }, {
    "date" : "2013-06-30",
    "sales" : 15.61,
    "salesGrowthYoY" : 293.20,
    "grossProfitMargin" : 100.00,
    "grossProfit" : 15.61,
    "operatingProfitMargin" : 60.28,
    "operatingProfit" : 9.41,
    "netProfitMargin" : 42.34,
    "netProfit" : 6.61
  }, {
    "date" : "2013-09-30",
    "sales" : 2.81,
    "salesGrowthYoY" : -41.94,
    "grossProfitMargin" : 100.00,
    "grossProfit" : 2.81,
    "operatingProfitMargin" : 17.08,
    "operatingProfit" : 0.48,
    "netProfitMargin" : 77.22,
    "netProfit" : 2.17
  }, {
    "date" : "2013-12-31",
    "sales" : 16.53,
    "salesGrowthYoY" : 247.27,
    "grossProfitMargin" : 100.00,
    "grossProfit" : 16.53,
    "operatingProfitMargin" : 62.19,
    "operatingProfit" : 10.28,
    "netProfitMargin" : 30.97,
    "netProfit" : 5.12
  }, {
    "date" : "2014-03-31",
    "sales" : 127.89,
    "salesGrowthYoY" : 599.23,
    "grossProfitMargin" : 100.00,
    "grossProfit" : 127.89,
    "operatingProfitMargin" : 96.59,
    "operatingProfit" : 123.53,
    "netProfitMargin" : 96.52,
    "netProfit" : 123.44
  }, {
    "date" : "2014-06-30",
    "sales" : 0.84,
    "salesGrowthYoY" : -94.62,
    "grossProfitMargin" : 251.19,
    "grossProfit" : 2.11,
    "operatingProfitMargin" : -28.57,
    "operatingProfit" : -0.24,
    "netProfitMargin" : 146.43,
    "netProfit" : 1.23
  }, {
    "date" : "2014-09-30",
    "sales" : 23.21,
    "salesGrowthYoY" : 725.98,
    "grossProfitMargin" : 100.00,
    "grossProfit" : 23.21,
    "operatingProfitMargin" : 77.51,
    "operatingProfit" : 17.99,
    "netProfitMargin" : 73.33,
    "netProfit" : 17.02
  }, {
    "date" : "2014-12-31",
    "sales" : 22.01,
    "salesGrowthYoY" : 33.15,
    "grossProfitMargin" : 100.00,
    "grossProfit" : 22.01,
    "operatingProfitMargin" : 87.37,
    "operatingProfit" : 19.23,
    "netProfitMargin" : 77.78,
    "netProfit" : 17.12
  }, {
    "date" : "2015-03-31",
    "sales" : 43.57,
    "salesGrowthYoY" : -65.93,
    "grossProfitMargin" : 100.00,
    "grossProfit" : 43.57,
    "operatingProfitMargin" : 83.91,
    "operatingProfit" : 36.56,
    "netProfitMargin" : 90.29,
    "netProfit" : 39.34
  }, {
    "date" : "2015-06-30",
    "sales" : 18.58,
    "salesGrowthYoY" : 2111.90,
    "grossProfitMargin" : 100.00,
    "grossProfit" : 18.58,
    "operatingProfitMargin" : -46.29,
    "operatingProfit" : -8.60,
    "netProfitMargin" : -4.36,
    "netProfit" : -0.81
  }, {
    "date" : "2015-09-30",
    "sales" : 15.47,
    "salesGrowthYoY" : -33.35,
    "grossProfitMargin" : 100.00,
    "grossProfit" : 15.47,
    "operatingProfitMargin" : 76.21,
    "operatingProfit" : 11.79,
    "netProfitMargin" : 82.61,
    "netProfit" : 12.78
  }, {
    "date" : "2015-12-31",
    "sales" : 56.72,
    "salesGrowthYoY" : 157.70,
    "grossProfitMargin" : 100.00,
    "grossProfit" : 56.72,
    "operatingProfitMargin" : 25.55,
    "operatingProfit" : 14.49,
    "netProfitMargin" : 20.08,
    "netProfit" : 11.39
  }, {
    "date" : "2016-03-31",
    "sales" : 133.32,
    "salesGrowthYoY" : 205.99,
    "grossProfitMargin" : 100.00,
    "grossProfit" : 133.32,
    "operatingProfitMargin" : 96.30,
    "operatingProfit" : 128.39,
    "netProfitMargin" : 92.36,
    "netProfit" : 123.13
  }, {
    "date" : "2016-06-30",
    "sales" : 68.59,
    "salesGrowthYoY" : 269.16,
    "grossProfitMargin" : 100.00,
    "grossProfit" : 68.59,
    "operatingProfitMargin" : 90.80,
    "operatingProfit" : 62.28,
    "netProfitMargin" : 104.62,
    "netProfit" : 71.76
  }, {
    "date" : "2016-09-30",
    "sales" : 39.88,
    "salesGrowthYoY" : 157.79,
    "grossProfitMargin" : 100.00,
    "grossProfit" : 39.88,
    "operatingProfitMargin" : 76.86,
    "operatingProfit" : 30.65,
    "netProfitMargin" : 114.94,
    "netProfit" : 45.84
  }, {
    "date" : "2016-12-31",
    "sales" : 26.36,
    "salesGrowthYoY" : -53.53,
    "grossProfitMargin" : 100.00,
    "grossProfit" : 26.36,
    "operatingProfitMargin" : 72.38,
    "operatingProfit" : 19.08,
    "netProfitMargin" : 118.17,
    "netProfit" : 31.15
  }, {
    "date" : "2017-03-31",
    "sales" : 62.41,
    "salesGrowthYoY" : -53.19,
    "grossProfitMargin" : 100.00,
    "grossProfit" : 62.41,
    "operatingProfitMargin" : 70.12,
    "operatingProfit" : 43.76,
    "netProfitMargin" : 15.38,
    "netProfit" : 9.60
  }, {
    "date" : "2017-06-30",
    "sales" : 56.19,
    "salesGrowthYoY" : -18.08,
    "grossProfitMargin" : 100.00,
    "grossProfit" : 56.19,
    "operatingProfitMargin" : 66.51,
    "operatingProfit" : 37.37,
    "netProfitMargin" : 74.35,
    "netProfit" : 41.78
  }, {
    "date" : "2017-09-30",
    "sales" : 4.59,
    "salesGrowthYoY" : -88.49,
    "grossProfitMargin" : 100.00,
    "grossProfit" : 4.59,
    "operatingProfitMargin" : -43.57,
    "operatingProfit" : -2.00,
    "netProfitMargin" : 288.24,
    "netProfit" : 13.23
  }, {
    "date" : "2017-12-31",
    "sales" : 48.27,
    "salesGrowthYoY" : 83.12,
    "grossProfitMargin" : 100.00,
    "grossProfit" : 48.27,
    "operatingProfitMargin" : 76.47,
    "operatingProfit" : 36.91,
    "netProfitMargin" : 57.47,
    "netProfit" : 27.74
  }, {
    "date" : "2018-03-31",
    "sales" : 66.68,
    "salesGrowthYoY" : 6.84,
    "grossProfitMargin" : 100.00,
    "grossProfit" : 66.68,
    "operatingProfitMargin" : 67.14,
    "operatingProfit" : 44.77,
    "netProfitMargin" : 61.23,
    "netProfit" : 40.83
  }, {
    "date" : "2018-06-30",
    "sales" : 69.33,
    "salesGrowthYoY" : 23.38,
    "grossProfitMargin" : 100.00,
    "grossProfit" : 69.33,
    "operatingProfitMargin" : 84.12,
    "operatingProfit" : 58.32,
    "netProfitMargin" : 89.49,
    "netProfit" : 62.04
  }, {
    "date" : "2018-09-30",
    "sales" : 51.71,
    "salesGrowthYoY" : 1026.58,
    "grossProfitMargin" : 100.00,
    "grossProfit" : 51.71,
    "operatingProfitMargin" : 62.66,
    "operatingProfit" : 32.40,
    "netProfitMargin" : 89.15,
    "netProfit" : 46.10
  }, {
    "date" : "2018-12-31",
    "sales" : 61.94,
    "salesGrowthYoY" : 28.32,
    "grossProfitMargin" : 100.00,
    "grossProfit" : 61.94,
    "operatingProfitMargin" : 70.04,
    "operatingProfit" : 43.38,
    "netProfitMargin" : 84.03,
    "netProfit" : 52.05
  }, {
    "date" : "2019-03-31",
    "sales" : 54.96,
    "salesGrowthYoY" : -17.58,
    "grossProfitMargin" : 100.00,
    "grossProfit" : 54.96,
    "operatingProfitMargin" : 41.83,
    "operatingProfit" : 22.99,
    "netProfitMargin" : 54.82,
    "netProfit" : 30.13
  }, {
    "date" : "2019-06-30",
    "sales" : 63.12,
    "salesGrowthYoY" : -8.96,
    "grossProfitMargin" : 100.00,
    "grossProfit" : 63.12,
    "operatingProfitMargin" : 45.33,
    "operatingProfit" : 28.61,
    "netProfitMargin" : 39.97,
    "netProfit" : 25.23
  }, {
    "date" : "2019-09-30",
    "sales" : 62.76,
    "salesGrowthYoY" : 21.37,
    "grossProfitMargin" : 58.00,
    "grossProfit" : 36.40,
    "operatingProfitMargin" : 45.08,
    "operatingProfit" : 28.29,
    "netProfitMargin" : 46.19,
    "netProfit" : 28.99
  }, {
    "date" : "2019-12-31",
    "sales" : 66.54,
    "salesGrowthYoY" : 7.43,
    "grossProfitMargin" : 59.83,
    "grossProfit" : 39.81,
    "operatingProfitMargin" : 43.55,
    "operatingProfit" : 28.98,
    "netProfitMargin" : 61.53,
    "netProfit" : 40.94
  }, {
    "date" : "2020-03-31",
    "sales" : 50.39,
    "salesGrowthYoY" : -8.32,
    "grossProfitMargin" : 19.75,
    "grossProfit" : 9.95,
    "operatingProfitMargin" : -5.85,
    "operatingProfit" : -2.95,
    "netProfitMargin" : -17.86,
    "netProfit" : -9.00
  }, {
    "date" : "2020-06-30",
    "sales" : 18.19,
    "salesGrowthYoY" : -71.18,
    "grossProfitMargin" : 45.46,
    "grossProfit" : 8.27,
    "operatingProfitMargin" : 18.09,
    "operatingProfit" : 3.29,
    "netProfitMargin" : -25.40,
    "netProfit" : -4.62
  }, {
    "date" : "2020-09-30",
    "sales" : 108.91,
    "salesGrowthYoY" : 73.53,
    "grossProfitMargin" : 31.82,
    "grossProfit" : 34.66,
    "operatingProfitMargin" : 21.09,
    "operatingProfit" : 22.97,
    "netProfitMargin" : 26.43,
    "netProfit" : 28.78
  }, {
    "date" : "2020-12-31",
    "sales" : 116.91,
    "salesGrowthYoY" : 75.70,
    "grossProfitMargin" : 39.75,
    "grossProfit" : 46.47,
    "operatingProfitMargin" : 30.89,
    "operatingProfit" : 36.11,
    "netProfitMargin" : 14.51,
    "netProfit" : 16.96
  }, {
    "date" : "2021-03-31",
    "sales" : 65.14,
    "salesGrowthYoY" : 29.27,
    "grossProfitMargin" : 45.30,
    "grossProfit" : 29.51,
    "operatingProfitMargin" : 15.32,
    "operatingProfit" : 9.98,
    "netProfitMargin" : 2.78,
    "netProfit" : 1.81
  }, {
    "date" : "2021-06-30",
    "sales" : 47.44,
    "salesGrowthYoY" : 160.80,
    "grossProfitMargin" : 53.86,
    "grossProfit" : 25.55,
    "operatingProfitMargin" : 20.19,
    "operatingProfit" : 9.58,
    "netProfitMargin" : 2.74,
    "netProfit" : 1.30
  }, {
    "date" : "2021-09-30",
    "sales" : 48.92,
    "salesGrowthYoY" : -55.08,
    "grossProfitMargin" : 62.59,
    "grossProfit" : 30.62,
    "operatingProfitMargin" : 26.51,
    "operatingProfit" : 12.97,
    "netProfitMargin" : 9.51,
    "netProfit" : 4.65
  }, {
    "date" : "2021-12-31",
    "sales" : 68.61,
    "salesGrowthYoY" : -41.31,
    "grossProfitMargin" : 53.14,
    "grossProfit" : 36.46,
    "operatingProfitMargin" : 17.75,
    "operatingProfit" : 12.18,
    "netProfitMargin" : 2.65,
    "netProfit" : 1.82
  }, {
    "date" : "2022-03-31",
    "sales" : 55.02,
    "salesGrowthYoY" : -15.54,
    "grossProfitMargin" : 65.70,
    "grossProfit" : 36.15,
    "operatingProfitMargin" : 24.77,
    "operatingProfit" : 13.63,
    "netProfitMargin" : 9.32,
    "netProfit" : 5.13
  }, {
    "date" : "2022-06-30",
    "sales" : 40.86,
    "salesGrowthYoY" : -13.87,
    "grossProfitMargin" : 77.90,
    "grossProfit" : 31.83,
    "operatingProfitMargin" : 30.69,
    "operatingProfit" : 12.54,
    "netProfitMargin" : 1.59,
    "netProfit" : 0.65
  }, {
    "date" : "2022-09-30",
    "sales" : 22.97,
    "salesGrowthYoY" : -53.05,
    "grossProfitMargin" : 64.04,
    "grossProfit" : 14.71,
    "operatingProfitMargin" : -24.77,
    "operatingProfit" : -5.69,
    "netProfitMargin" : -43.58,
    "netProfit" : -10.01
  }, {
    "date" : "2022-12-31",
    "sales" : 47.76,
    "salesGrowthYoY" : -30.39,
    "grossProfitMargin" : 54.92,
    "grossProfit" : 26.23,
    "operatingProfitMargin" : 20.88,
    "operatingProfit" : 9.97,
    "netProfitMargin" : 14.68,
    "netProfit" : 7.01
  }, {
    "date" : "2023-03-31",
    "sales" : 21.00,
    "salesGrowthYoY" : -61.83,
    "grossProfitMargin" : 58.05,
    "grossProfit" : 12.19,
    "operatingProfitMargin" : -78.33,
    "operatingProfit" : -16.45,
    "netProfitMargin" : -76.90,
    "netProfit" : -16.15
  }, {
    "date" : "2023-06-30",
    "sales" : 55.67,
    "salesGrowthYoY" : 36.25,
    "grossProfitMargin" : 44.84,
    "grossProfit" : 24.96,
    "operatingProfitMargin" : -8.17,
    "operatingProfit" : -4.55,
    "netProfitMargin" : 1.29,
    "netProfit" : 0.72
  }, {
    "date" : "2023-09-30",
    "sales" : 20.22,
    "salesGrowthYoY" : -11.97,
    "grossProfitMargin" : 76.16,
    "grossProfit" : 15.40,
    "operatingProfitMargin" : -44.26,
    "operatingProfit" : -8.95,
    "netProfitMargin" : -34.52,
    "netProfit" : -6.98
  }, {
    "date" : "2023-12-31",
    "sales" : 20.72,
    "salesGrowthYoY" : -56.62,
    "grossProfitMargin" : 111.49,
    "grossProfit" : 23.10,
    "operatingProfitMargin" : -33.49,
    "operatingProfit" : -6.94,
    "netProfitMargin" : -20.13,
    "netProfit" : -4.17
  }, {
    "date" : "2024-03-31",
    "sales" : 429.79,
    "salesGrowthYoY" : 1946.62,
    "grossProfitMargin" : 47.45,
    "grossProfit" : 203.94,
    "operatingProfitMargin" : 36.80,
    "operatingProfit" : 158.16,
    "netProfitMargin" : 24.91,
    "netProfit" : 107.06
  }, {
    "date" : "2024-06-30",
    "sales" : 296.63,
    "salesGrowthYoY" : 432.84,
    "grossProfitMargin" : 21.14,
    "grossProfit" : 62.71,
    "operatingProfitMargin" : 9.87,
    "operatingProfit" : 29.28,
    "netProfitMargin" : 6.06,
    "netProfit" : 17.98
  }, {
    "date" : "2024-09-30",
    "sales" : 159.45,
    "salesGrowthYoY" : 688.58,
    "grossProfitMargin" : 47.43,
    "grossProfit" : 75.63,
    "operatingProfitMargin" : 29.56,
    "operatingProfit" : 47.13,
    "netProfitMargin" : 24.65,
    "netProfit" : 39.30
  }, {
    "date" : "2024-12-31",
    "sales" : 154.58,
    "salesGrowthYoY" : 646.04,
    "grossProfitMargin" : 64.56,
    "grossProfit" : 99.80,
    "operatingProfitMargin" : 39.26,
    "operatingProfit" : 60.69,
    "netProfitMargin" : 31.14,
    "netProfit" : 48.14
  }, {
    "date" : "2025-03-31",
    "sales" : 198.46,
    "salesGrowthYoY" : -53.82,
    "grossProfitMargin" : 62.51,
    "grossProfit" : 124.06,
    "operatingProfitMargin" : 40.78,
    "operatingProfit" : 80.93,
    "netProfitMargin" : 27.50,
    "netProfit" : 54.58
  }, {
    "date" : "2025-06-30",
    "sales" : 52.53,
    "salesGrowthYoY" : -82.29,
    "grossProfitMargin" : 68.34,
    "grossProfit" : 35.90,
    "operatingProfitMargin" : 13.02,
    "operatingProfit" : 6.84,
    "netProfitMargin" : -3.75,
    "netProfit" : -1.97
  }, {
    "date" : "2025-09-30",
    "sales" : 60.46,
    "salesGrowthYoY" : -62.08,
    "grossProfitMargin" : 74.08,
    "grossProfit" : 44.79,
    "operatingProfitMargin" : 26.33,
    "operatingProfit" : 15.92,
    "netProfitMargin" : 4.78,
    "netProfit" : 2.89
  } ],
  "latestQuarterlyResult" : {
    "date" : "2025-09-30",
    "sales" : 60.46,
    "salesGrowthYoY" : -62.08,
    "grossProfitMargin" : 74.08,
    "grossProfit" : 44.79,
    "operatingProfitMargin" : 26.33,
    "operatingProfit" : 15.92,
    "netProfitMargin" : 4.78,
    "netProfit" : 2.89
  },
  "companyScore" : {
    "priceHigherThanDma50" : 0.00,
    "priceHigherThanDma100" : 0.00,
    "priceHigherThanDma200" : 0.00,
    "dma50HigherThanDma100" : 0.00,
    "dma50HigherThanDma200" : 0.00,
    "dma100HigherThanDma200" : 0.00,
    "pricePercentageAboveDma50" : 5.52,
    "pricePercentageAboveDma100" : 5.64,
    "pricePercentageAboveDma200" : 5.67,
    "weeklyVolumeHigherThanYearlyVolume" : 0.00,
    "salesGrowthPercentile" : 1.77,
    "operatingProfitMarginPercentile" : 15.09,
    "netProfitMarginPercentile" : 2.65,
    "totalTechnicalScore" : 16.84,
    "totalFundamentalScore" : 19.51,
    "totalScore" : 36.35
  }
}