{
  "metadata" : {
    "screenerCompanyId" : "3316",
    "companyCode" : "SWARAJENG",
    "companyName" : "Swaraj Engines",
    "screenerCompanyLink" : "https://www.screener.in/company/SWARAJENG/",
    "screenerTechnicalHistoryLink" : "https://www.screener.in/api/company/3316/chart/?q=Price-DMA50-DMA200-Volume&days=365",
    "screenerQuarterlyResultsLink" : "https://www.screener.in/api/company/3316/chart/?q=GPM-OPM-NPM-Quarter+Sales&days=10000",
    "attributes" : {
      "companyCode" : "SWARAJENG",
      "companyName" : "Swaraj Engines",
      "marketCap" : 4209.00,
      "peRatio" : 22.20,
      "description" : "Swaraj Engines was established in 1989 it manufactures diesel engines specifically for tractors in the range of 22 HP to above 65 HP and hi-tech engine components. [1] [2] [3]"
    },
    "companyScore" : {
      "priceHigherThanDma50" : 0.00,
      "priceHigherThanDma100" : 0.00,
      "priceHigherThanDma200" : 0.00,
      "dma50HigherThanDma100" : 0.00,
      "dma50HigherThanDma200" : 0.00,
      "dma100HigherThanDma200" : 5.00,
      "pricePercentageAboveDma50" : 5.27,
      "pricePercentageAboveDma100" : 5.56,
      "pricePercentageAboveDma200" : 5.42,
      "weeklyVolumeHigherThanYearlyVolume" : 0.00,
      "salesGrowthPercentile" : 17.00,
      "operatingProfitMarginPercentile" : 3.31,
      "netProfitMarginPercentile" : 3.55,
      "totalTechnicalScore" : 21.25,
      "totalFundamentalScore" : 23.87,
      "totalScore" : 45.11
    }
  },
  "attributes" : {
    "companyCode" : "SWARAJENG",
    "companyName" : "Swaraj Engines",
    "marketCap" : 4209.00,
    "peRatio" : 22.20,
    "description" : "Swaraj Engines was established in 1989 it manufactures diesel engines specifically for tractors in the range of 22 HP to above 65 HP and hi-tech engine components. [1] [2] [3]"
  },
  "technicalHistory" : [ {
    "date" : "2025-01-31",
    "price" : 3409.90,
    "dma50" : 3100.84,
    "dma100" : null,
    "dma200" : 2919.04,
    "volume" : 43625.00
  }, {
    "date" : "2025-02-01",
    "price" : 3290.00,
    "dma50" : 3108.26,
    "dma100" : null,
    "dma200" : 2922.73,
    "volume" : 16056.00
  }, {
    "date" : "2025-02-03",
    "price" : 3242.35,
    "dma50" : 3113.52,
    "dma100" : null,
    "dma200" : 2925.91,
    "volume" : 11216.00
  }, {
    "date" : "2025-02-04",
    "price" : 3189.85,
    "dma50" : 3116.51,
    "dma100" : null,
    "dma200" : 2928.54,
    "volume" : 9426.00
  }, {
    "date" : "2025-02-05",
    "price" : 3197.50,
    "dma50" : 3119.68,
    "dma100" : null,
    "dma200" : 2931.21,
    "volume" : 8547.00
  }, {
    "date" : "2025-02-06",
    "price" : 3163.90,
    "dma50" : 3121.42,
    "dma100" : null,
    "dma200" : 2933.53,
    "volume" : 4951.00
  }, {
    "date" : "2025-02-07",
    "price" : 3191.35,
    "dma50" : 3124.16,
    "dma100" : null,
    "dma200" : 2936.09,
    "volume" : 11583.00
  }, {
    "date" : "2025-02-10",
    "price" : 3027.50,
    "dma50" : 3120.37,
    "dma100" : null,
    "dma200" : 2937.00,
    "volume" : 14828.00
  }, {
    "date" : "2025-02-11",
    "price" : 3000.90,
    "dma50" : 3115.69,
    "dma100" : null,
    "dma200" : 2937.64,
    "volume" : 9581.00
  }, {
    "date" : "2025-02-12",
    "price" : 2984.65,
    "dma50" : 3110.55,
    "dma100" : null,
    "dma200" : 2938.11,
    "volume" : 11694.00
  }, {
    "date" : "2025-02-13",
    "price" : 2949.65,
    "dma50" : 3104.24,
    "dma100" : null,
    "dma200" : 2938.22,
    "volume" : 9926.00
  }, {
    "date" : "2025-02-14",
    "price" : 2831.25,
    "dma50" : 3093.53,
    "dma100" : null,
    "dma200" : 2937.16,
    "volume" : 12630.00
  }, {
    "date" : "2025-02-17",
    "price" : 2769.00,
    "dma50" : 3080.80,
    "dma100" : null,
    "dma200" : 2935.48,
    "volume" : 8672.00
  }, {
    "date" : "2025-02-18",
    "price" : 2648.25,
    "dma50" : 3063.84,
    "dma100" : null,
    "dma200" : 2932.63,
    "volume" : 18798.00
  }, {
    "date" : "2025-02-19",
    "price" : 2598.95,
    "dma50" : 3045.61,
    "dma100" : null,
    "dma200" : 2929.31,
    "volume" : 22322.00
  }, {
    "date" : "2025-02-20",
    "price" : 2798.30,
    "dma50" : 3035.91,
    "dma100" : null,
    "dma200" : 2928.00,
    "volume" : 25094.00
  }, {
    "date" : "2025-02-21",
    "price" : 2845.35,
    "dma50" : 3028.44,
    "dma100" : null,
    "dma200" : 2927.18,
    "volume" : 15352.00
  }, {
    "date" : "2025-02-24",
    "price" : 2852.00,
    "dma50" : 3021.52,
    "dma100" : null,
    "dma200" : 2926.43,
    "volume" : 8291.00
  }, {
    "date" : "2025-02-25",
    "price" : 2764.00,
    "dma50" : 3011.42,
    "dma100" : null,
    "dma200" : 2924.81,
    "volume" : 6254.00
  }, {
    "date" : "2025-02-27",
    "price" : 2694.70,
    "dma50" : 2999.00,
    "dma100" : null,
    "dma200" : 2922.53,
    "volume" : 5982.00
  }, {
    "date" : "2025-02-28",
    "price" : 2615.25,
    "dma50" : 2983.95,
    "dma100" : null,
    "dma200" : 2919.47,
    "volume" : 7112.00
  }, {
    "date" : "2025-03-03",
    "price" : 2688.80,
    "dma50" : 2972.38,
    "dma100" : null,
    "dma200" : 2917.17,
    "volume" : 18657.00
  }, {
    "date" : "2025-03-04",
    "price" : 2662.55,
    "dma50" : 2960.23,
    "dma100" : null,
    "dma200" : 2914.64,
    "volume" : 7560.00
  }, {
    "date" : "2025-03-05",
    "price" : 2815.30,
    "dma50" : 2954.54,
    "dma100" : null,
    "dma200" : 2913.65,
    "volume" : 11042.00
  }, {
    "date" : "2025-03-06",
    "price" : 3065.85,
    "dma50" : 2958.91,
    "dma100" : null,
    "dma200" : 2915.16,
    "volume" : 37291.00
  }, {
    "date" : "2025-03-07",
    "price" : 3028.80,
    "dma50" : 2961.65,
    "dma100" : null,
    "dma200" : 2916.30,
    "volume" : 10912.00
  }, {
    "date" : "2025-03-10",
    "price" : 3030.20,
    "dma50" : 2964.34,
    "dma100" : null,
    "dma200" : 2917.43,
    "volume" : 10770.00
  }, {
    "date" : "2025-03-11",
    "price" : 3005.15,
    "dma50" : 2965.94,
    "dma100" : null,
    "dma200" : 2918.30,
    "volume" : 8659.00
  }, {
    "date" : "2025-03-12",
    "price" : 3065.00,
    "dma50" : 2969.82,
    "dma100" : null,
    "dma200" : 2919.76,
    "volume" : 10072.00
  }, {
    "date" : "2025-03-13",
    "price" : 3158.95,
    "dma50" : 2977.24,
    "dma100" : null,
    "dma200" : 2922.14,
    "volume" : 15518.00
  }, {
    "date" : "2025-03-17",
    "price" : 3252.20,
    "dma50" : 2988.02,
    "dma100" : null,
    "dma200" : 2925.43,
    "volume" : 48880.00
  }, {
    "date" : "2025-03-18",
    "price" : 3285.50,
    "dma50" : 2999.69,
    "dma100" : null,
    "dma200" : 2929.01,
    "volume" : 12453.00
  }, {
    "date" : "2025-03-19",
    "price" : 3742.70,
    "dma50" : 3028.83,
    "dma100" : null,
    "dma200" : 2937.10,
    "volume" : 138346.00
  }, {
    "date" : "2025-03-20",
    "price" : 3719.45,
    "dma50" : 3055.91,
    "dma100" : null,
    "dma200" : 2944.89,
    "volume" : 66314.00
  }, {
    "date" : "2025-03-21",
    "price" : 3749.10,
    "dma50" : 3083.09,
    "dma100" : null,
    "dma200" : 2952.89,
    "volume" : 27931.00
  }, {
    "date" : "2025-03-24",
    "price" : 3955.85,
    "dma50" : 3117.32,
    "dma100" : null,
    "dma200" : 2962.87,
    "volume" : 86714.00
  }, {
    "date" : "2025-03-25",
    "price" : 3840.85,
    "dma50" : 3145.69,
    "dma100" : null,
    "dma200" : 2971.61,
    "volume" : 70177.00
  }, {
    "date" : "2025-03-26",
    "price" : 3845.65,
    "dma50" : 3173.14,
    "dma100" : null,
    "dma200" : 2980.30,
    "volume" : 11647.00
  }, {
    "date" : "2025-03-27",
    "price" : 3910.30,
    "dma50" : 3202.05,
    "dma100" : null,
    "dma200" : 2989.56,
    "volume" : 16457.00
  }, {
    "date" : "2025-03-28",
    "price" : 3899.45,
    "dma50" : 3229.40,
    "dma100" : null,
    "dma200" : 2998.61,
    "volume" : 9633.00
  }, {
    "date" : "2025-04-01",
    "price" : 3968.75,
    "dma50" : 3258.39,
    "dma100" : null,
    "dma200" : 3008.26,
    "volume" : 32536.00
  }, {
    "date" : "2025-04-02",
    "price" : 3944.00,
    "dma50" : 3285.28,
    "dma100" : null,
    "dma200" : 3017.58,
    "volume" : 14380.00
  }, {
    "date" : "2025-04-03",
    "price" : 3957.75,
    "dma50" : 3311.65,
    "dma100" : null,
    "dma200" : 3026.93,
    "volume" : 12344.00
  }, {
    "date" : "2025-04-04",
    "price" : 3732.50,
    "dma50" : 3328.16,
    "dma100" : null,
    "dma200" : 3033.95,
    "volume" : 19506.00
  }, {
    "date" : "2025-04-07",
    "price" : 3662.35,
    "dma50" : 3341.26,
    "dma100" : null,
    "dma200" : 3040.20,
    "volume" : 18364.00
  }, {
    "date" : "2025-04-08",
    "price" : 3844.15,
    "dma50" : 3360.98,
    "dma100" : null,
    "dma200" : 3048.20,
    "volume" : 9904.00
  }, {
    "date" : "2025-04-09",
    "price" : 3660.20,
    "dma50" : 3372.72,
    "dma100" : null,
    "dma200" : 3054.29,
    "volume" : 17384.00
  }, {
    "date" : "2025-04-11",
    "price" : 3869.70,
    "dma50" : 3392.21,
    "dma100" : null,
    "dma200" : 3062.41,
    "volume" : 12381.00
  }, {
    "date" : "2025-04-15",
    "price" : 3999.00,
    "dma50" : 3416.00,
    "dma100" : null,
    "dma200" : 3071.73,
    "volume" : 37272.00
  }, {
    "date" : "2025-04-16",
    "price" : 4184.80,
    "dma50" : 3446.15,
    "dma100" : null,
    "dma200" : 3082.80,
    "volume" : 229349.00
  }, {
    "date" : "2025-04-17",
    "price" : 4137.00,
    "dma50" : 3473.24,
    "dma100" : null,
    "dma200" : 3093.29,
    "volume" : 114300.00
  }, {
    "date" : "2025-04-21",
    "price" : 4089.40,
    "dma50" : 3497.41,
    "dma100" : null,
    "dma200" : 3103.20,
    "volume" : 38285.00
  }, {
    "date" : "2025-04-22",
    "price" : 4118.40,
    "dma50" : 3521.76,
    "dma100" : null,
    "dma200" : 3113.30,
    "volume" : 30111.00
  }, {
    "date" : "2025-04-23",
    "price" : 4209.60,
    "dma50" : 3548.73,
    "dma100" : null,
    "dma200" : 3124.21,
    "volume" : 36811.00
  }, {
    "date" : "2025-04-24",
    "price" : 4209.00,
    "dma50" : 3574.63,
    "dma100" : null,
    "dma200" : 3135.01,
    "volume" : 49900.00
  }, {
    "date" : "2025-04-25",
    "price" : 4171.20,
    "dma50" : 3598.02,
    "dma100" : null,
    "dma200" : 3145.32,
    "volume" : 36029.00
  }, {
    "date" : "2025-04-28",
    "price" : 4166.60,
    "dma50" : 3620.32,
    "dma100" : null,
    "dma200" : 3155.48,
    "volume" : 48670.00
  }, {
    "date" : "2025-04-29",
    "price" : 4158.20,
    "dma50" : 3641.41,
    "dma100" : null,
    "dma200" : 3165.46,
    "volume" : 41027.00
  }, {
    "date" : "2025-04-30",
    "price" : 4071.20,
    "dma50" : 3658.27,
    "dma100" : null,
    "dma200" : 3174.47,
    "volume" : 19800.00
  }, {
    "date" : "2025-05-02",
    "price" : 4101.30,
    "dma50" : 3675.64,
    "dma100" : null,
    "dma200" : 3183.69,
    "volume" : 12940.00
  }, {
    "date" : "2025-05-05",
    "price" : 4025.00,
    "dma50" : 3689.34,
    "dma100" : null,
    "dma200" : 3192.06,
    "volume" : 23691.00
  }, {
    "date" : "2025-05-06",
    "price" : 3907.20,
    "dma50" : 3697.88,
    "dma100" : null,
    "dma200" : 3199.18,
    "volume" : 35527.00
  }, {
    "date" : "2025-05-07",
    "price" : 3955.80,
    "dma50" : 3708.00,
    "dma100" : null,
    "dma200" : 3206.71,
    "volume" : 15265.00
  }, {
    "date" : "2025-05-08",
    "price" : 4004.10,
    "dma50" : 3719.61,
    "dma100" : null,
    "dma200" : 3214.64,
    "volume" : 25369.00
  }, {
    "date" : "2025-05-09",
    "price" : 3915.10,
    "dma50" : 3727.28,
    "dma100" : null,
    "dma200" : 3221.61,
    "volume" : 18608.00
  }, {
    "date" : "2025-05-12",
    "price" : 4147.80,
    "dma50" : 3743.77,
    "dma100" : null,
    "dma200" : 3230.83,
    "volume" : 21949.00
  }, {
    "date" : "2025-05-13",
    "price" : 4142.60,
    "dma50" : 3759.41,
    "dma100" : null,
    "dma200" : 3239.90,
    "volume" : 15715.00
  }, {
    "date" : "2025-05-14",
    "price" : 4153.20,
    "dma50" : 3774.85,
    "dma100" : null,
    "dma200" : 3248.99,
    "volume" : 16922.00
  }, {
    "date" : "2025-05-15",
    "price" : 4139.60,
    "dma50" : 3789.15,
    "dma100" : null,
    "dma200" : 3257.85,
    "volume" : 17081.00
  }, {
    "date" : "2025-05-16",
    "price" : 4107.70,
    "dma50" : 3801.65,
    "dma100" : null,
    "dma200" : 3266.30,
    "volume" : 19689.00
  }, {
    "date" : "2025-05-19",
    "price" : 4012.50,
    "dma50" : 3809.92,
    "dma100" : null,
    "dma200" : 3273.73,
    "volume" : 37819.00
  }, {
    "date" : "2025-05-20",
    "price" : 4029.20,
    "dma50" : 3818.51,
    "dma100" : null,
    "dma200" : 3281.25,
    "volume" : 17534.00
  }, {
    "date" : "2025-05-21",
    "price" : 4086.40,
    "dma50" : 3829.02,
    "dma100" : null,
    "dma200" : 3289.26,
    "volume" : 14339.00
  }, {
    "date" : "2025-05-22",
    "price" : 4089.10,
    "dma50" : 3839.22,
    "dma100" : null,
    "dma200" : 3297.22,
    "volume" : 15482.00
  }, {
    "date" : "2025-05-23",
    "price" : 4031.60,
    "dma50" : 3846.76,
    "dma100" : null,
    "dma200" : 3304.52,
    "volume" : 34764.00
  }, {
    "date" : "2025-05-26",
    "price" : 4070.30,
    "dma50" : 3855.53,
    "dma100" : null,
    "dma200" : 3312.14,
    "volume" : 20859.00
  }, {
    "date" : "2025-05-27",
    "price" : 4026.60,
    "dma50" : 3862.24,
    "dma100" : null,
    "dma200" : 3319.25,
    "volume" : 14148.00
  }, {
    "date" : "2025-05-28",
    "price" : 4013.00,
    "dma50" : 3868.15,
    "dma100" : null,
    "dma200" : 3326.15,
    "volume" : 12215.00
  }, {
    "date" : "2025-05-29",
    "price" : 3971.90,
    "dma50" : 3872.22,
    "dma100" : null,
    "dma200" : 3332.58,
    "volume" : 12696.00
  }, {
    "date" : "2025-05-30",
    "price" : 3928.20,
    "dma50" : 3874.41,
    "dma100" : null,
    "dma200" : 3338.51,
    "volume" : 16492.00
  }, {
    "date" : "2025-06-02",
    "price" : 3864.20,
    "dma50" : 3874.01,
    "dma100" : null,
    "dma200" : 3343.74,
    "volume" : 31572.00
  }, {
    "date" : "2025-06-03",
    "price" : 3866.90,
    "dma50" : 3873.73,
    "dma100" : null,
    "dma200" : 3348.94,
    "volume" : 12870.00
  }, {
    "date" : "2025-06-04",
    "price" : 3921.30,
    "dma50" : 3875.60,
    "dma100" : null,
    "dma200" : 3354.64,
    "volume" : 13145.00
  }, {
    "date" : "2025-06-05",
    "price" : 3916.60,
    "dma50" : 3877.21,
    "dma100" : null,
    "dma200" : 3360.23,
    "volume" : 15224.00
  }, {
    "date" : "2025-06-06",
    "price" : 3954.60,
    "dma50" : 3880.24,
    "dma100" : null,
    "dma200" : 3366.14,
    "volume" : 17473.00
  }, {
    "date" : "2025-06-09",
    "price" : 3985.30,
    "dma50" : 3884.36,
    "dma100" : null,
    "dma200" : 3372.30,
    "volume" : 19700.00
  }, {
    "date" : "2025-06-10",
    "price" : 3987.20,
    "dma50" : 3888.40,
    "dma100" : null,
    "dma200" : 3378.42,
    "volume" : 12840.00
  }, {
    "date" : "2025-06-11",
    "price" : 4036.50,
    "dma50" : 3894.20,
    "dma100" : null,
    "dma200" : 3384.97,
    "volume" : 30893.00
  }, {
    "date" : "2025-06-12",
    "price" : 3998.40,
    "dma50" : 3898.29,
    "dma100" : null,
    "dma200" : 3391.07,
    "volume" : 15158.00
  }, {
    "date" : "2025-06-13",
    "price" : 4006.30,
    "dma50" : 3902.53,
    "dma100" : null,
    "dma200" : 3397.20,
    "volume" : 10826.00
  }, {
    "date" : "2025-06-16",
    "price" : 4009.10,
    "dma50" : 3906.70,
    "dma100" : null,
    "dma200" : 3403.29,
    "volume" : 16609.00
  }, {
    "date" : "2025-06-17",
    "price" : 4079.80,
    "dma50" : 3913.49,
    "dma100" : null,
    "dma200" : 3410.02,
    "volume" : 33240.00
  }, {
    "date" : "2025-06-18",
    "price" : 4113.60,
    "dma50" : 3921.34,
    "dma100" : null,
    "dma200" : 3417.02,
    "volume" : 27312.00
  }, {
    "date" : "2025-06-19",
    "price" : 4059.80,
    "dma50" : 3926.77,
    "dma100" : null,
    "dma200" : 3423.41,
    "volume" : 28655.00
  }, {
    "date" : "2025-06-20",
    "price" : 4124.20,
    "dma50" : 3934.51,
    "dma100" : null,
    "dma200" : 3430.39,
    "volume" : 20681.00
  }, {
    "date" : "2025-06-23",
    "price" : 4108.40,
    "dma50" : 3941.33,
    "dma100" : null,
    "dma200" : 3437.13,
    "volume" : 49722.00
  }, {
    "date" : "2025-06-24",
    "price" : 4100.00,
    "dma50" : 3947.55,
    "dma100" : null,
    "dma200" : 3443.73,
    "volume" : 33089.00
  }, {
    "date" : "2025-06-25",
    "price" : 4142.80,
    "dma50" : 3955.21,
    "dma100" : null,
    "dma200" : 3450.68,
    "volume" : 51228.00
  }, {
    "date" : "2025-06-26",
    "price" : 4185.70,
    "dma50" : 3964.25,
    "dma100" : null,
    "dma200" : 3458.00,
    "volume" : 99760.00
  }, {
    "date" : "2025-06-27",
    "price" : 4100.50,
    "dma50" : 3969.59,
    "dma100" : null,
    "dma200" : 3464.39,
    "volume" : 55262.00
  }, {
    "date" : "2025-06-30",
    "price" : 3948.60,
    "dma50" : 3968.77,
    "dma100" : 3678.98,
    "dma200" : 3469.21,
    "volume" : 44717.00
  }, {
    "date" : "2025-07-01",
    "price" : 3964.50,
    "dma50" : 3968.60,
    "dma100" : 3685.73,
    "dma200" : 3474.14,
    "volume" : 24184.00
  }, {
    "date" : "2025-07-02",
    "price" : 3911.20,
    "dma50" : 3966.35,
    "dma100" : 3692.41,
    "dma200" : 3478.49,
    "volume" : 27784.00
  }, {
    "date" : "2025-07-03",
    "price" : 3940.20,
    "dma50" : 3965.33,
    "dma100" : 3699.92,
    "dma200" : 3483.08,
    "volume" : 14879.00
  }, {
    "date" : "2025-07-04",
    "price" : 3961.60,
    "dma50" : 3965.18,
    "dma100" : 3707.56,
    "dma200" : 3487.84,
    "volume" : 11873.00
  }, {
    "date" : "2025-07-07",
    "price" : 4245.70,
    "dma50" : 3976.18,
    "dma100" : 3718.38,
    "dma200" : 3495.38,
    "volume" : 233117.00
  }, {
    "date" : "2025-07-08",
    "price" : 4292.50,
    "dma50" : 3988.58,
    "dma100" : 3729.39,
    "dma200" : 3503.31,
    "volume" : 92135.00
  }, {
    "date" : "2025-07-09",
    "price" : 4248.90,
    "dma50" : 3998.79,
    "dma100" : 3741.60,
    "dma200" : 3510.73,
    "volume" : 26979.00
  }, {
    "date" : "2025-07-10",
    "price" : 4172.90,
    "dma50" : 4005.62,
    "dma100" : 3753.32,
    "dma200" : 3517.32,
    "volume" : 30785.00
  }, {
    "date" : "2025-07-11",
    "price" : 4098.40,
    "dma50" : 4009.26,
    "dma100" : 3764.46,
    "dma200" : 3523.10,
    "volume" : 29734.00
  }, {
    "date" : "2025-07-14",
    "price" : 4171.30,
    "dma50" : 4015.61,
    "dma100" : 3776.68,
    "dma200" : 3529.55,
    "volume" : 35897.00
  }, {
    "date" : "2025-07-15",
    "price" : 4596.70,
    "dma50" : 4038.40,
    "dma100" : 3794.33,
    "dma200" : 3540.17,
    "volume" : 577547.00
  }, {
    "date" : "2025-07-16",
    "price" : 4607.90,
    "dma50" : 4060.73,
    "dma100" : 3812.72,
    "dma200" : 3550.80,
    "volume" : 197281.00
  }, {
    "date" : "2025-07-17",
    "price" : 4465.70,
    "dma50" : 4076.62,
    "dma100" : 3830.90,
    "dma200" : 3559.90,
    "volume" : 74964.00
  }, {
    "date" : "2025-07-18",
    "price" : 4350.50,
    "dma50" : 4087.36,
    "dma100" : 3848.41,
    "dma200" : 3567.77,
    "volume" : 44145.00
  }, {
    "date" : "2025-07-21",
    "price" : 4302.50,
    "dma50" : 4095.79,
    "dma100" : 3863.45,
    "dma200" : 3575.08,
    "volume" : 35285.00
  }, {
    "date" : "2025-07-22",
    "price" : 4400.60,
    "dma50" : 4107.75,
    "dma100" : 3879.01,
    "dma200" : 3583.29,
    "volume" : 64610.00
  }, {
    "date" : "2025-07-23",
    "price" : 4482.30,
    "dma50" : 4122.43,
    "dma100" : 3895.31,
    "dma200" : 3592.24,
    "volume" : 68766.00
  }, {
    "date" : "2025-07-24",
    "price" : 4365.90,
    "dma50" : 4131.98,
    "dma100" : 3911.33,
    "dma200" : 3599.93,
    "volume" : 29199.00
  }, {
    "date" : "2025-07-25",
    "price" : 4208.30,
    "dma50" : 4134.98,
    "dma100" : 3926.46,
    "dma200" : 3605.99,
    "volume" : 32201.00
  }, {
    "date" : "2025-07-28",
    "price" : 4130.00,
    "dma50" : 4134.78,
    "dma100" : 3941.61,
    "dma200" : 3611.20,
    "volume" : 30325.00
  }, {
    "date" : "2025-07-29",
    "price" : 4123.90,
    "dma50" : 4134.35,
    "dma100" : 3955.96,
    "dma200" : 3616.30,
    "volume" : 23380.00
  }, {
    "date" : "2025-07-30",
    "price" : 4251.60,
    "dma50" : 4138.95,
    "dma100" : 3971.85,
    "dma200" : 3622.62,
    "volume" : 38007.00
  }, {
    "date" : "2025-07-31",
    "price" : 4194.40,
    "dma50" : 4141.13,
    "dma100" : 3985.64,
    "dma200" : 3628.31,
    "volume" : 21712.00
  }, {
    "date" : "2025-08-01",
    "price" : 4016.70,
    "dma50" : 4136.25,
    "dma100" : 3995.15,
    "dma200" : 3632.18,
    "volume" : 32439.00
  }, {
    "date" : "2025-08-04",
    "price" : 4023.30,
    "dma50" : 4131.82,
    "dma100" : 4005.10,
    "dma200" : 3636.07,
    "volume" : 15288.00
  }, {
    "date" : "2025-08-05",
    "price" : 4002.00,
    "dma50" : 4126.73,
    "dma100" : 4014.81,
    "dma200" : 3639.71,
    "volume" : 11580.00
  }, {
    "date" : "2025-08-06",
    "price" : 3918.70,
    "dma50" : 4118.57,
    "dma100" : 4023.95,
    "dma200" : 3642.49,
    "volume" : 17145.00
  }, {
    "date" : "2025-08-07",
    "price" : 3953.50,
    "dma50" : 4112.10,
    "dma100" : 4032.84,
    "dma200" : 3645.58,
    "volume" : 17294.00
  }, {
    "date" : "2025-08-08",
    "price" : 3887.90,
    "dma50" : 4103.30,
    "dma100" : 4040.12,
    "dma200" : 3647.99,
    "volume" : 12454.00
  }, {
    "date" : "2025-08-11",
    "price" : 3953.20,
    "dma50" : 4097.42,
    "dma100" : 4047.13,
    "dma200" : 3651.03,
    "volume" : 12109.00
  }, {
    "date" : "2025-08-12",
    "price" : 3972.90,
    "dma50" : 4092.53,
    "dma100" : 4054.01,
    "dma200" : 3654.23,
    "volume" : 12169.00
  }, {
    "date" : "2025-08-13",
    "price" : 3996.80,
    "dma50" : 4088.78,
    "dma100" : 4056.55,
    "dma200" : 3657.64,
    "volume" : 12345.00
  }, {
    "date" : "2025-08-14",
    "price" : 4001.60,
    "dma50" : 4085.36,
    "dma100" : 4059.37,
    "dma200" : 3661.06,
    "volume" : 15664.00
  }, {
    "date" : "2025-08-18",
    "price" : 4121.90,
    "dma50" : 4086.79,
    "dma100" : 4063.10,
    "dma200" : 3665.65,
    "volume" : 24652.00
  }, {
    "date" : "2025-08-19",
    "price" : 4055.30,
    "dma50" : 4085.56,
    "dma100" : 4064.09,
    "dma200" : 3669.53,
    "volume" : 31357.00
  }, {
    "date" : "2025-08-20",
    "price" : 4069.20,
    "dma50" : 4084.92,
    "dma100" : 4066.38,
    "dma200" : 3673.50,
    "volume" : 13953.00
  }, {
    "date" : "2025-08-21",
    "price" : 4121.80,
    "dma50" : 4086.36,
    "dma100" : 4069.14,
    "dma200" : 3677.96,
    "volume" : 22483.00
  }, {
    "date" : "2025-08-22",
    "price" : 4131.50,
    "dma50" : 4088.13,
    "dma100" : 4071.35,
    "dma200" : 3682.48,
    "volume" : 12695.00
  }, {
    "date" : "2025-08-25",
    "price" : 4118.50,
    "dma50" : 4089.32,
    "dma100" : 4073.54,
    "dma200" : 3686.82,
    "volume" : 10997.00
  }, {
    "date" : "2025-08-26",
    "price" : 4020.00,
    "dma50" : 4086.61,
    "dma100" : 4074.05,
    "dma200" : 3690.13,
    "volume" : 11341.00
  }, {
    "date" : "2025-08-28",
    "price" : 4032.40,
    "dma50" : 4084.48,
    "dma100" : 4074.94,
    "dma200" : 3693.54,
    "volume" : 8531.00
  }, {
    "date" : "2025-08-29",
    "price" : 4011.60,
    "dma50" : 4081.62,
    "dma100" : 4075.48,
    "dma200" : 3696.70,
    "volume" : 12038.00
  }, {
    "date" : "2025-09-01",
    "price" : 4107.70,
    "dma50" : 4082.64,
    "dma100" : 4079.23,
    "dma200" : 3700.79,
    "volume" : 15537.00
  }, {
    "date" : "2025-09-02",
    "price" : 4058.70,
    "dma50" : 4081.71,
    "dma100" : 4083.19,
    "dma200" : 3704.35,
    "volume" : 39065.00
  }, {
    "date" : "2025-09-03",
    "price" : 4024.40,
    "dma50" : 4079.46,
    "dma100" : 4084.99,
    "dma200" : 3707.54,
    "volume" : 9645.00
  }, {
    "date" : "2025-09-04",
    "price" : 4127.80,
    "dma50" : 4081.35,
    "dma100" : 4089.67,
    "dma200" : 3711.72,
    "volume" : 86618.00
  }, {
    "date" : "2025-09-05",
    "price" : 4189.60,
    "dma50" : 4085.60,
    "dma100" : 4092.87,
    "dma200" : 3716.47,
    "volume" : 22005.00
  }, {
    "date" : "2025-09-08",
    "price" : 4408.50,
    "dma50" : 4098.26,
    "dma100" : 4096.96,
    "dma200" : 3723.36,
    "volume" : 85801.00
  }, {
    "date" : "2025-09-09",
    "price" : 4421.00,
    "dma50" : 4110.92,
    "dma100" : 4099.33,
    "dma200" : 3730.30,
    "volume" : 70539.00
  }, {
    "date" : "2025-09-10",
    "price" : 4360.70,
    "dma50" : 4120.71,
    "dma100" : 4101.56,
    "dma200" : 3736.57,
    "volume" : 24248.00
  }, {
    "date" : "2025-09-11",
    "price" : 4298.40,
    "dma50" : 4127.68,
    "dma100" : 4103.65,
    "dma200" : 3742.16,
    "volume" : 17101.00
  }, {
    "date" : "2025-09-12",
    "price" : 4309.10,
    "dma50" : 4134.80,
    "dma100" : 4105.56,
    "dma200" : 3747.80,
    "volume" : 40314.00
  }, {
    "date" : "2025-09-15",
    "price" : 4466.30,
    "dma50" : 4147.80,
    "dma100" : 4108.13,
    "dma200" : 3754.95,
    "volume" : 35417.00
  }, {
    "date" : "2025-09-16",
    "price" : 4404.60,
    "dma50" : 4157.87,
    "dma100" : 4110.08,
    "dma200" : 3761.42,
    "volume" : 21237.00
  }, {
    "date" : "2025-09-17",
    "price" : 4456.70,
    "dma50" : 4169.59,
    "dma100" : 4112.94,
    "dma200" : 3768.34,
    "volume" : 29772.00
  }, {
    "date" : "2025-09-18",
    "price" : 4441.20,
    "dma50" : 4180.24,
    "dma100" : 4115.68,
    "dma200" : 3775.03,
    "volume" : 17113.00
  }, {
    "date" : "2025-09-19",
    "price" : 4427.80,
    "dma50" : 4189.95,
    "dma100" : 4118.38,
    "dma200" : 3781.53,
    "volume" : 17814.00
  }, {
    "date" : "2025-09-22",
    "price" : 4405.80,
    "dma50" : 4198.41,
    "dma100" : 4121.73,
    "dma200" : 3787.74,
    "volume" : 10804.00
  }, {
    "date" : "2025-09-23",
    "price" : 4497.50,
    "dma50" : 4210.14,
    "dma100" : 4125.69,
    "dma200" : 3794.80,
    "volume" : 36464.00
  }, {
    "date" : "2025-09-24",
    "price" : 4204.10,
    "dma50" : 4209.90,
    "dma100" : 4127.48,
    "dma200" : 3798.87,
    "volume" : 56558.00
  }, {
    "date" : "2025-09-25",
    "price" : 4185.40,
    "dma50" : 4208.94,
    "dma100" : 4130.26,
    "dma200" : 3802.72,
    "volume" : 21951.00
  }, {
    "date" : "2025-09-26",
    "price" : 4090.90,
    "dma50" : 4204.31,
    "dma100" : 4131.61,
    "dma200" : 3805.59,
    "volume" : 19461.00
  }, {
    "date" : "2025-09-29",
    "price" : 4050.70,
    "dma50" : 4198.29,
    "dma100" : 4132.08,
    "dma200" : 3808.03,
    "volume" : 9368.00
  }, {
    "date" : "2025-09-30",
    "price" : 4134.60,
    "dma50" : 4195.79,
    "dma100" : 4134.27,
    "dma200" : 3811.28,
    "volume" : 15362.00
  }, {
    "date" : "2025-10-01",
    "price" : 4129.70,
    "dma50" : 4193.20,
    "dma100" : 4134.09,
    "dma200" : 3814.44,
    "volume" : 10059.00
  }, {
    "date" : "2025-10-03",
    "price" : 4176.80,
    "dma50" : 4192.56,
    "dma100" : 4134.43,
    "dma200" : 3818.05,
    "volume" : 10669.00
  }, {
    "date" : "2025-10-06",
    "price" : 4116.50,
    "dma50" : 4189.57,
    "dma100" : 4134.07,
    "dma200" : 3821.02,
    "volume" : 29062.00
  }, {
    "date" : "2025-10-07",
    "price" : 4122.70,
    "dma50" : 4186.95,
    "dma100" : 4133.90,
    "dma200" : 3824.02,
    "volume" : 7560.00
  }, {
    "date" : "2025-10-08",
    "price" : 4143.20,
    "dma50" : 4185.24,
    "dma100" : 4134.25,
    "dma200" : 3827.20,
    "volume" : 9855.00
  }, {
    "date" : "2025-10-09",
    "price" : 4183.30,
    "dma50" : 4185.16,
    "dma100" : 4135.96,
    "dma200" : 3830.74,
    "volume" : 8220.00
  }, {
    "date" : "2025-10-10",
    "price" : 4240.50,
    "dma50" : 4187.33,
    "dma100" : 4138.07,
    "dma200" : 3834.82,
    "volume" : 12147.00
  }, {
    "date" : "2025-10-13",
    "price" : 4361.10,
    "dma50" : 4194.14,
    "dma100" : 4140.82,
    "dma200" : 3840.05,
    "volume" : 29722.00
  }, {
    "date" : "2025-10-14",
    "price" : 4359.20,
    "dma50" : 4200.62,
    "dma100" : 4143.52,
    "dma200" : 3845.22,
    "volume" : 15034.00
  }, {
    "date" : "2025-10-15",
    "price" : 4337.20,
    "dma50" : 4205.97,
    "dma100" : 4146.58,
    "dma200" : 3850.11,
    "volume" : 12149.00
  }, {
    "date" : "2025-10-16",
    "price" : 4119.60,
    "dma50" : 4202.59,
    "dma100" : 4147.07,
    "dma200" : 3852.80,
    "volume" : 121846.00
  }, {
    "date" : "2025-10-17",
    "price" : 3957.20,
    "dma50" : 4192.96,
    "dma100" : 4146.38,
    "dma200" : 3853.83,
    "volume" : 57140.00
  }, {
    "date" : "2025-10-20",
    "price" : 4058.90,
    "dma50" : 4187.71,
    "dma100" : 4146.84,
    "dma200" : 3855.88,
    "volume" : 23518.00
  }, {
    "date" : "2025-10-21",
    "price" : 4063.30,
    "dma50" : 4182.83,
    "dma100" : 4147.75,
    "dma200" : 3857.94,
    "volume" : 4198.00
  }, {
    "date" : "2025-10-23",
    "price" : 4059.00,
    "dma50" : 4177.97,
    "dma100" : 4149.06,
    "dma200" : 3859.94,
    "volume" : 10683.00
  }, {
    "date" : "2025-10-24",
    "price" : 4031.20,
    "dma50" : 4172.22,
    "dma100" : 4150.73,
    "dma200" : 3861.64,
    "volume" : 10253.00
  }, {
    "date" : "2025-10-27",
    "price" : 4040.10,
    "dma50" : 4167.03,
    "dma100" : 4152.46,
    "dma200" : 3863.42,
    "volume" : 7220.00
  }, {
    "date" : "2025-10-28",
    "price" : 4013.00,
    "dma50" : 4160.99,
    "dma100" : 4153.38,
    "dma200" : 3864.91,
    "volume" : 10640.00
  }, {
    "date" : "2025-10-29",
    "price" : 4026.20,
    "dma50" : 4155.71,
    "dma100" : 4154.47,
    "dma200" : 3866.51,
    "volume" : 6653.00
  }, {
    "date" : "2025-10-30",
    "price" : 4024.20,
    "dma50" : 4150.55,
    "dma100" : 4155.17,
    "dma200" : 3868.08,
    "volume" : 5275.00
  }, {
    "date" : "2025-10-31",
    "price" : 4000.90,
    "dma50" : 4144.68,
    "dma100" : 4155.33,
    "dma200" : 3869.40,
    "volume" : 7098.00
  }, {
    "date" : "2025-11-03",
    "price" : 3980.80,
    "dma50" : 4138.26,
    "dma100" : 4155.26,
    "dma200" : 3870.51,
    "volume" : 11499.00
  }, {
    "date" : "2025-11-04",
    "price" : 3946.00,
    "dma50" : 4130.72,
    "dma100" : 4154.36,
    "dma200" : 3871.26,
    "volume" : 8294.00
  }, {
    "date" : "2025-11-06",
    "price" : 3884.10,
    "dma50" : 4121.04,
    "dma100" : 4153.21,
    "dma200" : 3871.39,
    "volume" : 10333.00
  }, {
    "date" : "2025-11-07",
    "price" : 3893.10,
    "dma50" : 4112.11,
    "dma100" : 4152.08,
    "dma200" : 3871.61,
    "volume" : 10166.00
  }, {
    "date" : "2025-11-10",
    "price" : 3918.60,
    "dma50" : 4104.52,
    "dma100" : 4151.18,
    "dma200" : 3872.07,
    "volume" : 6236.00
  }, {
    "date" : "2025-11-11",
    "price" : 3923.80,
    "dma50" : 4097.43,
    "dma100" : 4149.62,
    "dma200" : 3872.59,
    "volume" : 9840.00
  }, {
    "date" : "2025-11-12",
    "price" : 3942.30,
    "dma50" : 4091.35,
    "dma100" : 4147.90,
    "dma200" : 3873.28,
    "volume" : 5041.00
  }, {
    "date" : "2025-11-13",
    "price" : 3932.20,
    "dma50" : 4085.11,
    "dma100" : 4146.63,
    "dma200" : 3873.87,
    "volume" : 6600.00
  }, {
    "date" : "2025-11-14",
    "price" : 4017.50,
    "dma50" : 4082.45,
    "dma100" : 4145.56,
    "dma200" : 3875.30,
    "volume" : 11629.00
  }, {
    "date" : "2025-11-17",
    "price" : 3958.60,
    "dma50" : 4077.60,
    "dma100" : 4144.06,
    "dma200" : 3876.13,
    "volume" : 12139.00
  }, {
    "date" : "2025-11-18",
    "price" : 3909.30,
    "dma50" : 4071.00,
    "dma100" : 4142.16,
    "dma200" : 3876.46,
    "volume" : 17033.00
  }, {
    "date" : "2025-11-19",
    "price" : 3781.80,
    "dma50" : 4059.66,
    "dma100" : 4138.55,
    "dma200" : 3875.52,
    "volume" : 72706.00
  }, {
    "date" : "2025-11-20",
    "price" : 3735.20,
    "dma50" : 4046.93,
    "dma100" : 4134.04,
    "dma200" : 3874.12,
    "volume" : 74371.00
  }, {
    "date" : "2025-11-21",
    "price" : 3739.60,
    "dma50" : 4034.88,
    "dma100" : 4130.43,
    "dma200" : 3872.78,
    "volume" : 11675.00
  }, {
    "date" : "2025-11-24",
    "price" : 3716.10,
    "dma50" : 4022.38,
    "dma100" : 4128.11,
    "dma200" : 3871.22,
    "volume" : 8525.00
  }, {
    "date" : "2025-11-25",
    "price" : 3627.10,
    "dma50" : 4006.88,
    "dma100" : 4124.73,
    "dma200" : 3868.79,
    "volume" : 73505.00
  }, {
    "date" : "2025-11-26",
    "price" : 3740.70,
    "dma50" : 3996.44,
    "dma100" : 4123.03,
    "dma200" : 3867.52,
    "volume" : 16575.00
  }, {
    "date" : "2025-11-27",
    "price" : 3759.60,
    "dma50" : 3987.15,
    "dma100" : 4121.22,
    "dma200" : 3866.44,
    "volume" : 10386.00
  }, {
    "date" : "2025-11-28",
    "price" : 3730.10,
    "dma50" : 3977.07,
    "dma100" : 4118.91,
    "dma200" : 3865.09,
    "volume" : 16854.00
  }, {
    "date" : "2025-12-01",
    "price" : 3902.60,
    "dma50" : 3974.15,
    "dma100" : 4115.48,
    "dma200" : 3865.46,
    "volume" : 33966.00
  }, {
    "date" : "2025-12-02",
    "price" : 3813.70,
    "dma50" : 3967.86,
    "dma100" : 4110.69,
    "dma200" : 3864.95,
    "volume" : 16009.00
  }, {
    "date" : "2025-12-03",
    "price" : 3773.20,
    "dma50" : 3960.23,
    "dma100" : 4105.93,
    "dma200" : 3864.03,
    "volume" : 6104.00
  }, {
    "date" : "2025-12-04",
    "price" : 3752.40,
    "dma50" : 3952.08,
    "dma100" : 4101.73,
    "dma200" : 3862.92,
    "volume" : 6132.00
  }, {
    "date" : "2025-12-05",
    "price" : 3733.20,
    "dma50" : 3943.49,
    "dma100" : 4098.07,
    "dma200" : 3861.63,
    "volume" : 5141.00
  }, {
    "date" : "2025-12-08",
    "price" : 3648.40,
    "dma50" : 3931.92,
    "dma100" : 4092.84,
    "dma200" : 3859.51,
    "volume" : 11751.00
  }, {
    "date" : "2025-12-09",
    "price" : 3691.90,
    "dma50" : 3922.51,
    "dma100" : 4083.80,
    "dma200" : 3857.84,
    "volume" : 15465.00
  }, {
    "date" : "2025-12-10",
    "price" : 3663.00,
    "dma50" : 3912.33,
    "dma100" : 4074.35,
    "dma200" : 3855.90,
    "volume" : 5276.00
  }, {
    "date" : "2025-12-11",
    "price" : 3683.70,
    "dma50" : 3903.36,
    "dma100" : 4066.53,
    "dma200" : 3854.19,
    "volume" : 6533.00
  }, {
    "date" : "2025-12-12",
    "price" : 3712.70,
    "dma50" : 3895.89,
    "dma100" : 4060.15,
    "dma200" : 3852.78,
    "volume" : 6701.00
  }, {
    "date" : "2025-12-15",
    "price" : 3726.60,
    "dma50" : 3889.25,
    "dma100" : 4054.39,
    "dma200" : 3851.53,
    "volume" : 6135.00
  }, {
    "date" : "2025-12-16",
    "price" : 3695.40,
    "dma50" : 3881.65,
    "dma100" : 4047.34,
    "dma200" : 3849.97,
    "volume" : 4063.00
  }, {
    "date" : "2025-12-17",
    "price" : 3631.40,
    "dma50" : 3871.83,
    "dma100" : 4038.83,
    "dma200" : 3847.80,
    "volume" : 6809.00
  }, {
    "date" : "2025-12-18",
    "price" : 3568.00,
    "dma50" : 3859.92,
    "dma100" : 4030.85,
    "dma200" : 3845.01,
    "volume" : 23794.00
  }, {
    "date" : "2025-12-19",
    "price" : 3619.70,
    "dma50" : 3850.50,
    "dma100" : 4024.96,
    "dma200" : 3842.77,
    "volume" : 6335.00
  }, {
    "date" : "2025-12-22",
    "price" : 3608.40,
    "dma50" : 3841.00,
    "dma100" : 4019.75,
    "dma200" : 3840.44,
    "volume" : 8758.00
  }, {
    "date" : "2025-12-23",
    "price" : 3607.00,
    "dma50" : 3831.83,
    "dma100" : 4014.58,
    "dma200" : 3838.12,
    "volume" : 5472.00
  }, {
    "date" : "2025-12-24",
    "price" : 3605.20,
    "dma50" : 3822.94,
    "dma100" : 4008.12,
    "dma200" : 3835.80,
    "volume" : 8635.00
  }, {
    "date" : "2025-12-26",
    "price" : 3599.70,
    "dma50" : 3814.19,
    "dma100" : 4002.17,
    "dma200" : 3833.45,
    "volume" : 7901.00
  }, {
    "date" : "2025-12-29",
    "price" : 3561.40,
    "dma50" : 3804.27,
    "dma100" : 3997.62,
    "dma200" : 3830.74,
    "volume" : 8852.00
  }, {
    "date" : "2025-12-30",
    "price" : 3565.60,
    "dma50" : 3794.91,
    "dma100" : 3993.04,
    "dma200" : 3828.11,
    "volume" : 7864.00
  }, {
    "date" : "2025-12-31",
    "price" : 3577.50,
    "dma50" : 3786.39,
    "dma100" : 3988.79,
    "dma200" : 3825.61,
    "volume" : 8220.00
  }, {
    "date" : "2026-01-01",
    "price" : 3727.90,
    "dma50" : 3784.09,
    "dma100" : 3986.89,
    "dma200" : 3824.64,
    "volume" : 33748.00
  }, {
    "date" : "2026-01-02",
    "price" : 3690.50,
    "dma50" : 3780.42,
    "dma100" : 3984.26,
    "dma200" : 3823.30,
    "volume" : 12762.00
  }, {
    "date" : "2026-01-05",
    "price" : 3688.20,
    "dma50" : 3776.81,
    "dma100" : 3982.26,
    "dma200" : 3821.96,
    "volume" : 7390.00
  }, {
    "date" : "2026-01-06",
    "price" : 3690.90,
    "dma50" : 3773.44,
    "dma100" : 3979.64,
    "dma200" : 3820.66,
    "volume" : 7894.00
  }, {
    "date" : "2026-01-07",
    "price" : 3706.40,
    "dma50" : 3770.81,
    "dma100" : 3976.97,
    "dma200" : 3819.52,
    "volume" : 9374.00
  }, {
    "date" : "2026-01-08",
    "price" : 3690.90,
    "dma50" : 3767.67,
    "dma100" : 3973.91,
    "dma200" : 3818.24,
    "volume" : 15648.00
  }, {
    "date" : "2026-01-09",
    "price" : 3620.30,
    "dma50" : 3761.90,
    "dma100" : 3970.10,
    "dma200" : 3816.27,
    "volume" : 8225.00
  }, {
    "date" : "2026-01-12",
    "price" : 3602.30,
    "dma50" : 3755.64,
    "dma100" : 3964.90,
    "dma200" : 3814.14,
    "volume" : 11259.00
  }, {
    "date" : "2026-01-13",
    "price" : 3601.70,
    "dma50" : 3749.60,
    "dma100" : 3960.37,
    "dma200" : 3812.03,
    "volume" : 6480.00
  }, {
    "date" : "2026-01-14",
    "price" : 3593.70,
    "dma50" : 3743.49,
    "dma100" : 3955.61,
    "dma200" : 3809.85,
    "volume" : 13511.00
  }, {
    "date" : "2026-01-16",
    "price" : 3577.80,
    "dma50" : 3736.99,
    "dma100" : 3950.17,
    "dma200" : 3807.55,
    "volume" : 119081.00
  }, {
    "date" : "2026-01-19",
    "price" : 3495.30,
    "dma50" : 3727.51,
    "dma100" : 3943.81,
    "dma200" : 3804.44,
    "volume" : 17763.00
  }, {
    "date" : "2026-01-20",
    "price" : 3444.20,
    "dma50" : 3716.40,
    "dma100" : 3937.07,
    "dma200" : 3800.85,
    "volume" : 30403.00
  }, {
    "date" : "2026-01-21",
    "price" : 3453.40,
    "dma50" : 3706.09,
    "dma100" : 3931.40,
    "dma200" : 3797.40,
    "volume" : 15095.00
  }, {
    "date" : "2026-01-22",
    "price" : 3496.40,
    "dma50" : 3697.86,
    "dma100" : 3926.04,
    "dma200" : 3794.40,
    "volume" : 10428.00
  }, {
    "date" : "2026-01-23",
    "price" : 3467.70,
    "dma50" : 3688.84,
    "dma100" : 3920.60,
    "dma200" : 3791.15,
    "volume" : 11732.00
  }, {
    "date" : "2026-01-27",
    "price" : 3492.80,
    "dma50" : 3681.15,
    "dma100" : 3914.45,
    "dma200" : 3788.18,
    "volume" : 9269.00
  }, {
    "date" : "2026-01-28",
    "price" : 3534.50,
    "dma50" : 3675.40,
    "dma100" : 3909.21,
    "dma200" : 3785.66,
    "volume" : 10521.00
  }, {
    "date" : "2026-01-29",
    "price" : 3484.50,
    "dma50" : 3667.91,
    "dma100" : 3903.81,
    "dma200" : 3782.66,
    "volume" : 9899.00
  }, {
    "date" : "2026-01-30",
    "price" : 3462.70,
    "dma50" : 3659.87,
    "dma100" : 3897.16,
    "dma200" : 3779.48,
    "volume" : 9547.00
  } ],
  "latestTechnicalAttributes" : {
    "date" : "2026-01-30",
    "price" : 3462.70,
    "dma50" : 3659.87,
    "dma100" : 3897.16,
    "dma200" : 3779.48,
    "volume" : 9547.00
  },
  "quarterlyResults" : [ {
    "date" : "2005-03-31",
    "sales" : 39.72,
    "salesGrowthYoY" : null,
    "grossProfitMargin" : 29.63,
    "grossProfit" : 11.77,
    "operatingProfitMargin" : 21.10,
    "operatingProfit" : 8.38,
    "netProfitMargin" : 12.79,
    "netProfit" : 5.08
  }, {
    "date" : "2005-06-30",
    "sales" : 26.25,
    "salesGrowthYoY" : null,
    "grossProfitMargin" : 35.62,
    "grossProfit" : 9.35,
    "operatingProfitMargin" : 23.62,
    "operatingProfit" : 6.20,
    "netProfitMargin" : 12.95,
    "netProfit" : 3.40
  }, {
    "date" : "2005-09-30",
    "sales" : 29.35,
    "salesGrowthYoY" : null,
    "grossProfitMargin" : 34.75,
    "grossProfit" : 10.20,
    "operatingProfitMargin" : 22.83,
    "operatingProfit" : 6.70,
    "netProfitMargin" : 12.10,
    "netProfit" : 3.55
  }, {
    "date" : "2005-12-31",
    "sales" : 36.00,
    "salesGrowthYoY" : null,
    "grossProfitMargin" : 30.42,
    "grossProfit" : 10.95,
    "operatingProfitMargin" : 19.44,
    "operatingProfit" : 7.00,
    "netProfitMargin" : 10.69,
    "netProfit" : 3.85
  }, {
    "date" : "2006-03-31",
    "sales" : 36.58,
    "salesGrowthYoY" : -7.91,
    "grossProfitMargin" : 25.89,
    "grossProfit" : 9.47,
    "operatingProfitMargin" : 16.16,
    "operatingProfit" : 5.91,
    "netProfitMargin" : 8.72,
    "netProfit" : 3.19
  }, {
    "date" : "2006-06-30",
    "sales" : 28.87,
    "salesGrowthYoY" : 9.98,
    "grossProfitMargin" : 30.90,
    "grossProfit" : 8.92,
    "operatingProfitMargin" : 21.37,
    "operatingProfit" : 6.17,
    "netProfitMargin" : 11.95,
    "netProfit" : 3.45
  }, {
    "date" : "2006-09-30",
    "sales" : 32.56,
    "salesGrowthYoY" : 10.94,
    "grossProfitMargin" : 30.44,
    "grossProfit" : 9.91,
    "operatingProfitMargin" : 20.61,
    "operatingProfit" : 6.71,
    "netProfitMargin" : 11.98,
    "netProfit" : 3.90
  }, {
    "date" : "2006-12-31",
    "sales" : 34.70,
    "salesGrowthYoY" : -3.61,
    "grossProfitMargin" : 29.39,
    "grossProfit" : 10.20,
    "operatingProfitMargin" : 19.45,
    "operatingProfit" : 6.75,
    "netProfitMargin" : 10.81,
    "netProfit" : 3.75
  }, {
    "date" : "2007-03-31",
    "sales" : 32.88,
    "salesGrowthYoY" : -10.11,
    "grossProfitMargin" : 30.14,
    "grossProfit" : 9.91,
    "operatingProfitMargin" : 20.19,
    "operatingProfit" : 6.64,
    "netProfitMargin" : 11.44,
    "netProfit" : 3.76
  }, {
    "date" : "2007-06-30",
    "sales" : 20.24,
    "salesGrowthYoY" : -29.89,
    "grossProfitMargin" : 32.07,
    "grossProfit" : 6.49,
    "operatingProfitMargin" : 15.76,
    "operatingProfit" : 3.19,
    "netProfitMargin" : 8.99,
    "netProfit" : 1.82
  }, {
    "date" : "2007-09-30",
    "sales" : 30.21,
    "salesGrowthYoY" : -7.22,
    "grossProfitMargin" : 29.96,
    "grossProfit" : 9.05,
    "operatingProfitMargin" : 19.33,
    "operatingProfit" : 5.84,
    "netProfitMargin" : 11.82,
    "netProfit" : 3.57
  }, {
    "date" : "2007-12-31",
    "sales" : 38.96,
    "salesGrowthYoY" : 12.28,
    "grossProfitMargin" : 27.26,
    "grossProfit" : 10.62,
    "operatingProfitMargin" : 18.81,
    "operatingProfit" : 7.33,
    "netProfitMargin" : 12.01,
    "netProfit" : 4.68
  }, {
    "date" : "2008-03-31",
    "sales" : 35.95,
    "salesGrowthYoY" : 9.34,
    "grossProfitMargin" : 26.43,
    "grossProfit" : 9.50,
    "operatingProfitMargin" : 18.97,
    "operatingProfit" : 6.82,
    "netProfitMargin" : 11.93,
    "netProfit" : 4.29
  }, {
    "date" : "2008-06-30",
    "sales" : 50.39,
    "salesGrowthYoY" : 148.96,
    "grossProfitMargin" : 24.61,
    "grossProfit" : 12.40,
    "operatingProfitMargin" : 16.02,
    "operatingProfit" : 8.07,
    "netProfitMargin" : 10.14,
    "netProfit" : 5.11
  }, {
    "date" : "2008-09-30",
    "sales" : 61.25,
    "salesGrowthYoY" : 102.75,
    "grossProfitMargin" : 22.25,
    "grossProfit" : 13.63,
    "operatingProfitMargin" : 14.87,
    "operatingProfit" : 9.11,
    "netProfitMargin" : 9.39,
    "netProfit" : 5.75
  }, {
    "date" : "2008-12-31",
    "sales" : 46.64,
    "salesGrowthYoY" : 19.71,
    "grossProfitMargin" : 22.77,
    "grossProfit" : 10.62,
    "operatingProfitMargin" : 14.86,
    "operatingProfit" : 6.93,
    "netProfitMargin" : 10.12,
    "netProfit" : 4.72
  }, {
    "date" : "2009-03-31",
    "sales" : 49.89,
    "salesGrowthYoY" : 38.78,
    "grossProfitMargin" : 23.87,
    "grossProfit" : 11.91,
    "operatingProfitMargin" : 15.55,
    "operatingProfit" : 7.76,
    "netProfitMargin" : 11.45,
    "netProfit" : 5.71
  }, {
    "date" : "2009-06-30",
    "sales" : 67.63,
    "salesGrowthYoY" : 34.21,
    "grossProfitMargin" : 25.02,
    "grossProfit" : 16.92,
    "operatingProfitMargin" : 18.13,
    "operatingProfit" : 12.26,
    "netProfitMargin" : 14.36,
    "netProfit" : 9.71
  }, {
    "date" : "2009-09-30",
    "sales" : 69.76,
    "salesGrowthYoY" : 13.89,
    "grossProfitMargin" : 25.82,
    "grossProfit" : 18.01,
    "operatingProfitMargin" : 18.43,
    "operatingProfit" : 12.86,
    "netProfitMargin" : 13.70,
    "netProfit" : 9.56
  }, {
    "date" : "2009-12-31",
    "sales" : 68.69,
    "salesGrowthYoY" : 47.28,
    "grossProfitMargin" : 25.97,
    "grossProfit" : 17.84,
    "operatingProfitMargin" : 17.06,
    "operatingProfit" : 11.72,
    "netProfitMargin" : 12.91,
    "netProfit" : 8.87
  }, {
    "date" : "2010-03-31",
    "sales" : 76.36,
    "salesGrowthYoY" : 53.06,
    "grossProfitMargin" : 25.38,
    "grossProfit" : 19.38,
    "operatingProfitMargin" : 16.67,
    "operatingProfit" : 12.73,
    "netProfitMargin" : 12.06,
    "netProfit" : 9.21
  }, {
    "date" : "2010-06-30",
    "sales" : 84.90,
    "salesGrowthYoY" : 25.54,
    "grossProfitMargin" : 24.96,
    "grossProfit" : 21.19,
    "operatingProfitMargin" : 17.47,
    "operatingProfit" : 14.83,
    "netProfitMargin" : 12.59,
    "netProfit" : 10.69
  }, {
    "date" : "2010-09-30",
    "sales" : 86.20,
    "salesGrowthYoY" : 23.57,
    "grossProfitMargin" : 24.91,
    "grossProfit" : 21.47,
    "operatingProfitMargin" : 17.41,
    "operatingProfit" : 15.01,
    "netProfitMargin" : 12.55,
    "netProfit" : 10.82
  }, {
    "date" : "2010-12-31",
    "sales" : 92.60,
    "salesGrowthYoY" : 34.81,
    "grossProfitMargin" : 24.62,
    "grossProfit" : 22.80,
    "operatingProfitMargin" : 17.28,
    "operatingProfit" : 16.00,
    "netProfitMargin" : 12.24,
    "netProfit" : 11.33
  }, {
    "date" : "2011-03-31",
    "sales" : 97.47,
    "salesGrowthYoY" : 27.65,
    "grossProfitMargin" : 24.53,
    "grossProfit" : 23.91,
    "operatingProfitMargin" : 15.25,
    "operatingProfit" : 14.86,
    "netProfitMargin" : 11.36,
    "netProfit" : 11.07
  }, {
    "date" : "2011-06-30",
    "sales" : 109.84,
    "salesGrowthYoY" : 29.38,
    "grossProfitMargin" : 24.52,
    "grossProfit" : 26.93,
    "operatingProfitMargin" : 16.21,
    "operatingProfit" : 17.81,
    "netProfitMargin" : 12.33,
    "netProfit" : 13.54
  }, {
    "date" : "2011-09-30",
    "sales" : 103.47,
    "salesGrowthYoY" : 20.03,
    "grossProfitMargin" : 24.51,
    "grossProfit" : 25.36,
    "operatingProfitMargin" : 14.73,
    "operatingProfit" : 15.24,
    "netProfitMargin" : 11.38,
    "netProfit" : 11.77
  }, {
    "date" : "2011-12-31",
    "sales" : 116.88,
    "salesGrowthYoY" : 26.22,
    "grossProfitMargin" : 22.70,
    "grossProfit" : 26.53,
    "operatingProfitMargin" : 15.51,
    "operatingProfit" : 18.13,
    "netProfitMargin" : 12.05,
    "netProfit" : 14.08
  }, {
    "date" : "2012-03-31",
    "sales" : 118.39,
    "salesGrowthYoY" : 21.46,
    "grossProfitMargin" : 24.72,
    "grossProfit" : 29.27,
    "operatingProfitMargin" : 15.36,
    "operatingProfit" : 18.18,
    "netProfitMargin" : 11.34,
    "netProfit" : 13.43
  }, {
    "date" : "2012-06-30",
    "sales" : 118.16,
    "salesGrowthYoY" : 7.57,
    "grossProfitMargin" : 23.26,
    "grossProfit" : 27.48,
    "operatingProfitMargin" : 15.26,
    "operatingProfit" : 18.03,
    "netProfitMargin" : 11.59,
    "netProfit" : 13.69
  }, {
    "date" : "2012-09-30",
    "sales" : 121.76,
    "salesGrowthYoY" : 17.68,
    "grossProfitMargin" : 24.42,
    "grossProfit" : 29.73,
    "operatingProfitMargin" : 15.32,
    "operatingProfit" : 18.65,
    "netProfitMargin" : 11.50,
    "netProfit" : 14.00
  }, {
    "date" : "2012-12-31",
    "sales" : 124.57,
    "salesGrowthYoY" : 6.58,
    "grossProfitMargin" : 23.67,
    "grossProfit" : 29.49,
    "operatingProfitMargin" : 14.75,
    "operatingProfit" : 18.37,
    "netProfitMargin" : 11.05,
    "netProfit" : 13.76
  }, {
    "date" : "2013-03-31",
    "sales" : 114.54,
    "salesGrowthYoY" : -3.25,
    "grossProfitMargin" : 24.38,
    "grossProfit" : 27.92,
    "operatingProfitMargin" : 14.34,
    "operatingProfit" : 16.43,
    "netProfitMargin" : 12.17,
    "netProfit" : 13.94
  }, {
    "date" : "2013-06-30",
    "sales" : 147.16,
    "salesGrowthYoY" : 24.54,
    "grossProfitMargin" : 23.44,
    "grossProfit" : 34.49,
    "operatingProfitMargin" : 15.02,
    "operatingProfit" : 22.10,
    "netProfitMargin" : 11.43,
    "netProfit" : 16.82
  }, {
    "date" : "2013-09-30",
    "sales" : 151.58,
    "salesGrowthYoY" : 24.49,
    "grossProfitMargin" : 24.72,
    "grossProfit" : 37.47,
    "operatingProfitMargin" : 14.95,
    "operatingProfit" : 22.66,
    "netProfitMargin" : 11.33,
    "netProfit" : 17.17
  }, {
    "date" : "2013-12-31",
    "sales" : 150.18,
    "salesGrowthYoY" : 20.56,
    "grossProfitMargin" : 23.61,
    "grossProfit" : 35.46,
    "operatingProfitMargin" : 14.52,
    "operatingProfit" : 21.81,
    "netProfitMargin" : 10.88,
    "netProfit" : 16.34
  }, {
    "date" : "2014-03-31",
    "sales" : 159.36,
    "salesGrowthYoY" : 39.13,
    "grossProfitMargin" : 24.21,
    "grossProfit" : 38.58,
    "operatingProfitMargin" : 15.10,
    "operatingProfit" : 24.06,
    "netProfitMargin" : 10.96,
    "netProfit" : 17.47
  }, {
    "date" : "2014-06-30",
    "sales" : 166.13,
    "salesGrowthYoY" : 12.89,
    "grossProfitMargin" : 23.79,
    "grossProfit" : 39.52,
    "operatingProfitMargin" : 15.00,
    "operatingProfit" : 24.92,
    "netProfitMargin" : 10.58,
    "netProfit" : 17.58
  }, {
    "date" : "2014-09-30",
    "sales" : 167.24,
    "salesGrowthYoY" : 10.33,
    "grossProfitMargin" : 24.00,
    "grossProfit" : 40.14,
    "operatingProfitMargin" : 14.68,
    "operatingProfit" : 24.55,
    "netProfitMargin" : 10.60,
    "netProfit" : 17.73
  }, {
    "date" : "2014-12-31",
    "sales" : 102.03,
    "salesGrowthYoY" : -32.06,
    "grossProfitMargin" : 24.41,
    "grossProfit" : 24.91,
    "operatingProfitMargin" : 11.64,
    "operatingProfit" : 11.88,
    "netProfitMargin" : 8.12,
    "netProfit" : 8.28
  }, {
    "date" : "2015-03-31",
    "sales" : 104.30,
    "salesGrowthYoY" : -34.55,
    "grossProfitMargin" : 24.99,
    "grossProfit" : 26.06,
    "operatingProfitMargin" : 12.82,
    "operatingProfit" : 13.37,
    "netProfitMargin" : 7.91,
    "netProfit" : 8.25
  }, {
    "date" : "2015-06-30",
    "sales" : 153.15,
    "salesGrowthYoY" : -7.81,
    "grossProfitMargin" : 24.21,
    "grossProfit" : 37.08,
    "operatingProfitMargin" : 14.53,
    "operatingProfit" : 22.25,
    "netProfitMargin" : 10.22,
    "netProfit" : 15.65
  }, {
    "date" : "2015-09-30",
    "sales" : 153.18,
    "salesGrowthYoY" : -8.41,
    "grossProfitMargin" : 24.92,
    "grossProfit" : 38.17,
    "operatingProfitMargin" : 14.83,
    "operatingProfit" : 22.72,
    "netProfitMargin" : 10.14,
    "netProfit" : 15.53
  }, {
    "date" : "2015-12-31",
    "sales" : 105.59,
    "salesGrowthYoY" : 3.49,
    "grossProfitMargin" : 24.19,
    "grossProfit" : 25.54,
    "operatingProfitMargin" : 12.08,
    "operatingProfit" : 12.76,
    "netProfitMargin" : 7.91,
    "netProfit" : 8.35
  }, {
    "date" : "2016-03-31",
    "sales" : 113.99,
    "salesGrowthYoY" : 9.29,
    "grossProfitMargin" : 25.78,
    "grossProfit" : 29.39,
    "operatingProfitMargin" : 14.05,
    "operatingProfit" : 16.02,
    "netProfitMargin" : 10.33,
    "netProfit" : 11.78
  }, {
    "date" : "2016-06-30",
    "sales" : 171.69,
    "salesGrowthYoY" : 12.11,
    "grossProfitMargin" : 25.47,
    "grossProfit" : 43.73,
    "operatingProfitMargin" : 16.54,
    "operatingProfit" : 28.40,
    "netProfitMargin" : 11.07,
    "netProfit" : 19.01
  }, {
    "date" : "2016-09-30",
    "sales" : 178.91,
    "salesGrowthYoY" : 16.80,
    "grossProfitMargin" : 25.77,
    "grossProfit" : 46.11,
    "operatingProfitMargin" : 16.30,
    "operatingProfit" : 29.16,
    "netProfitMargin" : 10.76,
    "netProfit" : 19.25
  }, {
    "date" : "2016-12-31",
    "sales" : 154.77,
    "salesGrowthYoY" : 46.58,
    "grossProfitMargin" : 26.10,
    "grossProfit" : 40.39,
    "operatingProfitMargin" : 14.85,
    "operatingProfit" : 22.98,
    "netProfitMargin" : 9.89,
    "netProfit" : 15.31
  }, {
    "date" : "2017-03-31",
    "sales" : 160.77,
    "salesGrowthYoY" : 41.04,
    "grossProfitMargin" : 25.11,
    "grossProfit" : 40.37,
    "operatingProfitMargin" : 14.92,
    "operatingProfit" : 23.99,
    "netProfitMargin" : 9.50,
    "netProfit" : 15.27
  }, {
    "date" : "2017-06-30",
    "sales" : 193.98,
    "salesGrowthYoY" : 12.98,
    "grossProfitMargin" : 26.34,
    "grossProfit" : 51.09,
    "operatingProfitMargin" : 16.64,
    "operatingProfit" : 32.28,
    "netProfitMargin" : 11.08,
    "netProfit" : 21.49
  }, {
    "date" : "2017-09-30",
    "sales" : 208.66,
    "salesGrowthYoY" : 16.63,
    "grossProfitMargin" : 25.34,
    "grossProfit" : 52.87,
    "operatingProfitMargin" : 16.81,
    "operatingProfit" : 35.08,
    "netProfitMargin" : 11.26,
    "netProfit" : 23.50
  }, {
    "date" : "2017-12-31",
    "sales" : 183.26,
    "salesGrowthYoY" : 18.41,
    "grossProfitMargin" : 25.10,
    "grossProfit" : 46.00,
    "operatingProfitMargin" : 14.01,
    "operatingProfit" : 25.67,
    "netProfitMargin" : 9.40,
    "netProfit" : 17.23
  }, {
    "date" : "2018-03-31",
    "sales" : 185.26,
    "salesGrowthYoY" : 15.23,
    "grossProfitMargin" : 25.30,
    "grossProfit" : 46.87,
    "operatingProfitMargin" : 15.42,
    "operatingProfit" : 28.57,
    "netProfitMargin" : 9.65,
    "netProfit" : 17.88
  }, {
    "date" : "2018-06-30",
    "sales" : 234.52,
    "salesGrowthYoY" : 20.90,
    "grossProfitMargin" : 24.68,
    "grossProfit" : 57.88,
    "operatingProfitMargin" : 15.61,
    "operatingProfit" : 36.61,
    "netProfitMargin" : 9.83,
    "netProfit" : 23.05
  }, {
    "date" : "2018-09-30",
    "sales" : 247.03,
    "salesGrowthYoY" : 18.39,
    "grossProfitMargin" : 24.94,
    "grossProfit" : 61.61,
    "operatingProfitMargin" : 16.24,
    "operatingProfit" : 40.12,
    "netProfitMargin" : 10.27,
    "netProfit" : 25.37
  }, {
    "date" : "2018-12-31",
    "sales" : 198.72,
    "salesGrowthYoY" : 8.44,
    "grossProfitMargin" : 24.06,
    "grossProfit" : 47.81,
    "operatingProfitMargin" : 13.83,
    "operatingProfit" : 27.48,
    "netProfitMargin" : 8.73,
    "netProfit" : 17.35
  }, {
    "date" : "2019-03-31",
    "sales" : 191.47,
    "salesGrowthYoY" : 3.35,
    "grossProfitMargin" : 25.00,
    "grossProfit" : 47.87,
    "operatingProfitMargin" : 14.32,
    "operatingProfit" : 27.42,
    "netProfitMargin" : 8.70,
    "netProfit" : 16.66
  }, {
    "date" : "2019-06-30",
    "sales" : 205.38,
    "salesGrowthYoY" : -12.43,
    "grossProfitMargin" : 23.27,
    "grossProfit" : 47.79,
    "operatingProfitMargin" : 13.32,
    "operatingProfit" : 27.36,
    "netProfitMargin" : 8.24,
    "netProfit" : 16.92
  }, {
    "date" : "2019-09-30",
    "sales" : 222.72,
    "salesGrowthYoY" : -9.84,
    "grossProfitMargin" : 23.09,
    "grossProfit" : 51.43,
    "operatingProfitMargin" : 13.47,
    "operatingProfit" : 30.00,
    "netProfitMargin" : 11.40,
    "netProfit" : 25.39
  }, {
    "date" : "2019-12-31",
    "sales" : 170.07,
    "salesGrowthYoY" : -14.42,
    "grossProfitMargin" : 23.02,
    "grossProfit" : 39.15,
    "operatingProfitMargin" : 11.58,
    "operatingProfit" : 19.69,
    "netProfitMargin" : 7.58,
    "netProfit" : 12.89
  }, {
    "date" : "2020-03-31",
    "sales" : 175.13,
    "salesGrowthYoY" : -8.53,
    "grossProfitMargin" : 24.24,
    "grossProfit" : 42.45,
    "operatingProfitMargin" : 13.35,
    "operatingProfit" : 23.38,
    "netProfitMargin" : 9.04,
    "netProfit" : 15.83
  }, {
    "date" : "2020-06-30",
    "sales" : 116.99,
    "salesGrowthYoY" : -43.04,
    "grossProfitMargin" : 24.80,
    "grossProfit" : 29.01,
    "operatingProfitMargin" : 11.01,
    "operatingProfit" : 12.88,
    "netProfitMargin" : 6.70,
    "netProfit" : 7.84
  }, {
    "date" : "2020-09-30",
    "sales" : 292.28,
    "salesGrowthYoY" : 31.23,
    "grossProfitMargin" : 21.59,
    "grossProfit" : 63.10,
    "operatingProfitMargin" : 13.69,
    "operatingProfit" : 40.01,
    "netProfitMargin" : 9.28,
    "netProfit" : 27.12
  }, {
    "date" : "2020-12-31",
    "sales" : 272.39,
    "salesGrowthYoY" : 60.16,
    "grossProfitMargin" : 21.75,
    "grossProfit" : 59.24,
    "operatingProfitMargin" : 13.44,
    "operatingProfit" : 36.61,
    "netProfitMargin" : 9.19,
    "netProfit" : 25.03
  }, {
    "date" : "2021-03-31",
    "sales" : 304.91,
    "salesGrowthYoY" : 74.10,
    "grossProfitMargin" : 22.80,
    "grossProfit" : 69.52,
    "operatingProfitMargin" : 15.15,
    "operatingProfit" : 46.19,
    "netProfitMargin" : 10.68,
    "netProfit" : 32.56
  }, {
    "date" : "2021-06-30",
    "sales" : 314.71,
    "salesGrowthYoY" : 169.01,
    "grossProfitMargin" : 22.54,
    "grossProfit" : 70.94,
    "operatingProfitMargin" : 15.04,
    "operatingProfit" : 47.33,
    "netProfitMargin" : 10.69,
    "netProfit" : 33.64
  }, {
    "date" : "2021-09-30",
    "sales" : 343.59,
    "salesGrowthYoY" : 17.56,
    "grossProfitMargin" : 21.23,
    "grossProfit" : 72.94,
    "operatingProfitMargin" : 13.89,
    "operatingProfit" : 47.72,
    "netProfitMargin" : 9.83,
    "netProfit" : 33.77
  }, {
    "date" : "2021-12-31",
    "sales" : 237.50,
    "salesGrowthYoY" : -12.81,
    "grossProfitMargin" : 21.63,
    "grossProfit" : 51.37,
    "operatingProfitMargin" : 12.30,
    "operatingProfit" : 29.21,
    "netProfitMargin" : 8.50,
    "netProfit" : 20.19
  }, {
    "date" : "2022-03-31",
    "sales" : 242.35,
    "salesGrowthYoY" : -20.52,
    "grossProfitMargin" : 21.74,
    "grossProfit" : 52.69,
    "operatingProfitMargin" : 12.83,
    "operatingProfit" : 31.09,
    "netProfitMargin" : 9.02,
    "netProfit" : 21.86
  }, {
    "date" : "2022-06-30",
    "sales" : 398.35,
    "salesGrowthYoY" : 26.58,
    "grossProfitMargin" : 20.43,
    "grossProfit" : 81.38,
    "operatingProfitMargin" : 13.77,
    "operatingProfit" : 54.85,
    "netProfitMargin" : 9.93,
    "netProfit" : 39.56
  }, {
    "date" : "2022-09-30",
    "sales" : 384.75,
    "salesGrowthYoY" : 11.98,
    "grossProfitMargin" : 20.03,
    "grossProfit" : 77.07,
    "operatingProfitMargin" : 13.13,
    "operatingProfit" : 50.52,
    "netProfitMargin" : 9.33,
    "netProfit" : 35.90
  }, {
    "date" : "2022-12-31",
    "sales" : 278.93,
    "salesGrowthYoY" : 17.44,
    "grossProfitMargin" : 20.24,
    "grossProfit" : 56.46,
    "operatingProfitMargin" : 11.86,
    "operatingProfit" : 33.08,
    "netProfitMargin" : 8.33,
    "netProfit" : 23.23
  }, {
    "date" : "2023-03-31",
    "sales" : 359.79,
    "salesGrowthYoY" : 48.46,
    "grossProfitMargin" : 20.32,
    "grossProfit" : 73.11,
    "operatingProfitMargin" : 13.34,
    "operatingProfit" : 48.00,
    "netProfitMargin" : 9.72,
    "netProfit" : 34.97
  }, {
    "date" : "2023-06-30",
    "sales" : 399.83,
    "salesGrowthYoY" : 0.37,
    "grossProfitMargin" : 20.70,
    "grossProfit" : 82.76,
    "operatingProfitMargin" : 13.80,
    "operatingProfit" : 55.18,
    "netProfitMargin" : 10.23,
    "netProfit" : 40.90
  }, {
    "date" : "2023-09-30",
    "sales" : 388.90,
    "salesGrowthYoY" : 1.08,
    "grossProfitMargin" : 21.08,
    "grossProfit" : 81.98,
    "operatingProfitMargin" : 13.41,
    "operatingProfit" : 52.15,
    "netProfitMargin" : 9.69,
    "netProfit" : 37.68
  }, {
    "date" : "2023-12-31",
    "sales" : 279.55,
    "salesGrowthYoY" : 0.22,
    "grossProfitMargin" : 20.80,
    "grossProfit" : 58.15,
    "operatingProfitMargin" : 11.72,
    "operatingProfit" : 32.76,
    "netProfitMargin" : 8.62,
    "netProfit" : 24.10
  }, {
    "date" : "2024-03-31",
    "sales" : 350.96,
    "salesGrowthYoY" : -2.45,
    "grossProfitMargin" : 21.38,
    "grossProfit" : 75.04,
    "operatingProfitMargin" : 13.71,
    "operatingProfit" : 48.12,
    "netProfitMargin" : 10.02,
    "netProfit" : 35.17
  }, {
    "date" : "2024-06-30",
    "sales" : 417.99,
    "salesGrowthYoY" : 4.54,
    "grossProfitMargin" : 21.22,
    "grossProfit" : 88.70,
    "operatingProfitMargin" : 13.93,
    "operatingProfit" : 58.23,
    "netProfitMargin" : 10.33,
    "netProfit" : 43.18
  }, {
    "date" : "2024-09-30",
    "sales" : 464.24,
    "salesGrowthYoY" : 19.37,
    "grossProfitMargin" : 21.06,
    "grossProfit" : 97.77,
    "operatingProfitMargin" : 13.54,
    "operatingProfit" : 62.86,
    "netProfitMargin" : 9.78,
    "netProfit" : 45.40
  }, {
    "date" : "2024-12-31",
    "sales" : 345.50,
    "salesGrowthYoY" : 23.59,
    "grossProfitMargin" : 21.24,
    "grossProfit" : 73.38,
    "operatingProfitMargin" : 12.82,
    "operatingProfit" : 44.29,
    "netProfitMargin" : 9.25,
    "netProfit" : 31.96
  }, {
    "date" : "2025-03-31",
    "sales" : 454.16,
    "salesGrowthYoY" : 29.41,
    "grossProfitMargin" : 20.99,
    "grossProfit" : 95.33,
    "operatingProfitMargin" : 13.64,
    "operatingProfit" : 61.95,
    "netProfitMargin" : 10.00,
    "netProfit" : 45.42
  }, {
    "date" : "2025-06-30",
    "sales" : 484.10,
    "salesGrowthYoY" : 15.82,
    "grossProfitMargin" : 21.44,
    "grossProfit" : 103.79,
    "operatingProfitMargin" : 13.86,
    "operatingProfit" : 67.10,
    "netProfitMargin" : 10.32,
    "netProfit" : 49.96
  }, {
    "date" : "2025-09-30",
    "sales" : 504.04,
    "salesGrowthYoY" : 8.57,
    "grossProfitMargin" : 21.64,
    "grossProfit" : 109.07,
    "operatingProfitMargin" : 13.50,
    "operatingProfit" : 68.05,
    "netProfitMargin" : 9.86,
    "netProfit" : 49.70
  }, {
    "date" : "2025-12-31",
    "sales" : 473.20,
    "salesGrowthYoY" : 36.96,
    "grossProfitMargin" : 21.91,
    "grossProfit" : 103.68,
    "operatingProfitMargin" : 13.10,
    "operatingProfit" : 61.99,
    "netProfitMargin" : 9.42,
    "netProfit" : 44.58
  } ],
  "latestQuarterlyResult" : {
    "date" : "2025-12-31",
    "sales" : 473.20,
    "salesGrowthYoY" : 36.96,
    "grossProfitMargin" : 21.91,
    "grossProfit" : 103.68,
    "operatingProfitMargin" : 13.10,
    "operatingProfit" : 61.99,
    "netProfitMargin" : 9.42,
    "netProfit" : 44.58
  },
  "companyScore" : {
    "priceHigherThanDma50" : 0.00,
    "priceHigherThanDma100" : 0.00,
    "priceHigherThanDma200" : 0.00,
    "dma50HigherThanDma100" : 0.00,
    "dma50HigherThanDma200" : 0.00,
    "dma100HigherThanDma200" : 5.00,
    "pricePercentageAboveDma50" : 5.27,
    "pricePercentageAboveDma100" : 5.56,
    "pricePercentageAboveDma200" : 5.42,
    "weeklyVolumeHigherThanYearlyVolume" : 0.00,
    "salesGrowthPercentile" : 17.00,
    "operatingProfitMarginPercentile" : 3.31,
    "netProfitMarginPercentile" : 3.55,
    "totalTechnicalScore" : 21.25,
    "totalFundamentalScore" : 23.87,
    "totalScore" : 45.11
  }
}