{
  "metadata" : {
    "screenerCompanyId" : "2309",
    "companyCode" : "SWELECTES",
    "companyName" : "Swelect Energy",
    "screenerCompanyLink" : "https://www.screener.in/company/SWELECTES",
    "screenerTechnicalHistoryLink" : "https://www.screener.in/api/company/2309/chart/?q=Price-DMA50-DMA200-Volume&days=365",
    "screenerQuarterlyResultsLink" : "https://www.screener.in/api/company/2309/chart/?q=GPM-OPM-NPM-Quarter+Sales&days=10000",
    "attributes" : {
      "companyCode" : "SWELECTES",
      "companyName" : "Swelect Energy",
      "marketCap" : 1063.00,
      "peRatio" : 156.00,
      "description" : "Incorporated in 1994, Swelect Energy Systems Ltd is in the business of Solar and Solar Related Activities[1]"
    },
    "companyScore" : {
      "priceHigherThanDma50" : 0.00,
      "priceHigherThanDma100" : 0.00,
      "priceHigherThanDma200" : 0.00,
      "dma50HigherThanDma100" : 5.00,
      "dma50HigherThanDma200" : 5.00,
      "dma100HigherThanDma200" : 0.00,
      "pricePercentageAboveDma50" : 5.48,
      "pricePercentageAboveDma100" : 5.37,
      "pricePercentageAboveDma200" : 5.39,
      "weeklyVolumeHigherThanYearlyVolume" : 0.00,
      "salesGrowthPercentile" : 4.81,
      "operatingProfitMarginPercentile" : 15.42,
      "netProfitMarginPercentile" : 2.20,
      "totalTechnicalScore" : 26.24,
      "totalFundamentalScore" : 22.43,
      "totalScore" : 48.68
    }
  },
  "attributes" : {
    "companyCode" : "SWELECTES",
    "companyName" : "Swelect Energy",
    "marketCap" : 1063.00,
    "peRatio" : 156.00,
    "description" : "Incorporated in 1994, Swelect Energy Systems Ltd is in the business of Solar and Solar Related Activities[1]"
  },
  "technicalHistory" : [ {
    "date" : "2024-11-29",
    "price" : 1047.60,
    "dma50" : 1113.36,
    "dma100" : null,
    "dma200" : 1067.80,
    "volume" : 22639.00
  }, {
    "date" : "2024-12-02",
    "price" : 1050.55,
    "dma50" : 1110.90,
    "dma100" : null,
    "dma200" : 1067.63,
    "volume" : 22496.00
  }, {
    "date" : "2024-12-03",
    "price" : 1056.05,
    "dma50" : 1108.75,
    "dma100" : null,
    "dma200" : 1067.52,
    "volume" : 39601.00
  }, {
    "date" : "2024-12-04",
    "price" : 1098.95,
    "dma50" : 1108.36,
    "dma100" : null,
    "dma200" : 1067.83,
    "volume" : 91738.00
  }, {
    "date" : "2024-12-05",
    "price" : 1113.55,
    "dma50" : 1108.57,
    "dma100" : null,
    "dma200" : 1068.28,
    "volume" : 64721.00
  }, {
    "date" : "2024-12-06",
    "price" : 1107.85,
    "dma50" : 1108.54,
    "dma100" : null,
    "dma200" : 1068.68,
    "volume" : 20741.00
  }, {
    "date" : "2024-12-09",
    "price" : 1081.80,
    "dma50" : 1107.49,
    "dma100" : null,
    "dma200" : 1068.81,
    "volume" : 47897.00
  }, {
    "date" : "2024-12-10",
    "price" : 1120.65,
    "dma50" : 1108.01,
    "dma100" : null,
    "dma200" : 1069.32,
    "volume" : 92554.00
  }, {
    "date" : "2024-12-11",
    "price" : 1116.85,
    "dma50" : 1108.35,
    "dma100" : null,
    "dma200" : 1069.80,
    "volume" : 30992.00
  }, {
    "date" : "2024-12-12",
    "price" : 1101.15,
    "dma50" : 1108.07,
    "dma100" : null,
    "dma200" : 1070.11,
    "volume" : 27127.00
  }, {
    "date" : "2024-12-13",
    "price" : 1085.00,
    "dma50" : 1107.17,
    "dma100" : null,
    "dma200" : 1070.26,
    "volume" : 28251.00
  }, {
    "date" : "2024-12-16",
    "price" : 1113.55,
    "dma50" : 1107.42,
    "dma100" : null,
    "dma200" : 1070.69,
    "volume" : 28983.00
  }, {
    "date" : "2024-12-17",
    "price" : 1103.00,
    "dma50" : 1107.24,
    "dma100" : null,
    "dma200" : 1071.01,
    "volume" : 23213.00
  }, {
    "date" : "2024-12-18",
    "price" : 1075.20,
    "dma50" : 1105.99,
    "dma100" : null,
    "dma200" : 1071.05,
    "volume" : 19519.00
  }, {
    "date" : "2024-12-19",
    "price" : 1090.45,
    "dma50" : 1105.38,
    "dma100" : null,
    "dma200" : 1071.24,
    "volume" : 80723.00
  }, {
    "date" : "2024-12-20",
    "price" : 1097.90,
    "dma50" : 1105.08,
    "dma100" : null,
    "dma200" : 1071.51,
    "volume" : 90516.00
  }, {
    "date" : "2024-12-23",
    "price" : 1093.70,
    "dma50" : 1104.64,
    "dma100" : null,
    "dma200" : 1071.73,
    "volume" : 22990.00
  }, {
    "date" : "2024-12-24",
    "price" : 1064.00,
    "dma50" : 1103.04,
    "dma100" : null,
    "dma200" : 1071.65,
    "volume" : 30408.00
  }, {
    "date" : "2024-12-26",
    "price" : 1047.45,
    "dma50" : 1100.86,
    "dma100" : null,
    "dma200" : 1071.41,
    "volume" : 27237.00
  }, {
    "date" : "2024-12-27",
    "price" : 1037.45,
    "dma50" : 1098.38,
    "dma100" : null,
    "dma200" : 1071.07,
    "volume" : 15016.00
  }, {
    "date" : "2024-12-30",
    "price" : 1017.45,
    "dma50" : 1095.20,
    "dma100" : null,
    "dma200" : 1070.54,
    "volume" : 26663.00
  }, {
    "date" : "2024-12-31",
    "price" : 1012.55,
    "dma50" : 1091.96,
    "dma100" : null,
    "dma200" : 1069.96,
    "volume" : 26524.00
  }, {
    "date" : "2025-01-01",
    "price" : 1012.95,
    "dma50" : 1088.86,
    "dma100" : null,
    "dma200" : 1069.40,
    "volume" : 25804.00
  }, {
    "date" : "2025-01-02",
    "price" : 1013.40,
    "dma50" : 1085.90,
    "dma100" : null,
    "dma200" : 1068.84,
    "volume" : 50508.00
  }, {
    "date" : "2025-01-03",
    "price" : 1015.50,
    "dma50" : 1083.14,
    "dma100" : null,
    "dma200" : 1068.31,
    "volume" : 20486.00
  }, {
    "date" : "2025-01-06",
    "price" : 971.10,
    "dma50" : 1078.75,
    "dma100" : null,
    "dma200" : 1067.34,
    "volume" : 49229.00
  }, {
    "date" : "2025-01-07",
    "price" : 989.60,
    "dma50" : 1075.25,
    "dma100" : null,
    "dma200" : 1066.57,
    "volume" : 17828.00
  }, {
    "date" : "2025-01-08",
    "price" : 982.65,
    "dma50" : 1071.62,
    "dma100" : null,
    "dma200" : 1065.73,
    "volume" : 17176.00
  }, {
    "date" : "2025-01-09",
    "price" : 964.15,
    "dma50" : 1067.41,
    "dma100" : null,
    "dma200" : 1064.72,
    "volume" : 13836.00
  }, {
    "date" : "2025-01-10",
    "price" : 913.60,
    "dma50" : 1061.38,
    "dma100" : null,
    "dma200" : 1063.22,
    "volume" : 32240.00
  }, {
    "date" : "2025-01-13",
    "price" : 860.00,
    "dma50" : 1053.48,
    "dma100" : null,
    "dma200" : 1061.20,
    "volume" : 52629.00
  }, {
    "date" : "2025-01-14",
    "price" : 937.15,
    "dma50" : 1048.92,
    "dma100" : null,
    "dma200" : 1059.96,
    "volume" : 114922.00
  }, {
    "date" : "2025-01-15",
    "price" : 942.90,
    "dma50" : 1044.76,
    "dma100" : null,
    "dma200" : 1058.80,
    "volume" : 53894.00
  }, {
    "date" : "2025-01-16",
    "price" : 946.90,
    "dma50" : 1040.92,
    "dma100" : null,
    "dma200" : 1057.68,
    "volume" : 13779.00
  }, {
    "date" : "2025-01-17",
    "price" : 949.35,
    "dma50" : 1037.33,
    "dma100" : null,
    "dma200" : 1056.61,
    "volume" : 12224.00
  }, {
    "date" : "2025-01-20",
    "price" : 950.30,
    "dma50" : 1033.92,
    "dma100" : null,
    "dma200" : 1055.55,
    "volume" : 20191.00
  }, {
    "date" : "2025-01-21",
    "price" : 914.30,
    "dma50" : 1029.23,
    "dma100" : null,
    "dma200" : 1054.14,
    "volume" : 27275.00
  }, {
    "date" : "2025-01-22",
    "price" : 887.10,
    "dma50" : 1023.65,
    "dma100" : null,
    "dma200" : 1052.48,
    "volume" : 32994.00
  }, {
    "date" : "2025-01-23",
    "price" : 897.10,
    "dma50" : 1018.69,
    "dma100" : null,
    "dma200" : 1050.93,
    "volume" : 10463.00
  }, {
    "date" : "2025-01-24",
    "price" : 902.55,
    "dma50" : 1014.14,
    "dma100" : null,
    "dma200" : 1049.46,
    "volume" : 18769.00
  }, {
    "date" : "2025-01-27",
    "price" : 853.20,
    "dma50" : 1007.82,
    "dma100" : null,
    "dma200" : 1047.50,
    "volume" : 29021.00
  }, {
    "date" : "2025-01-28",
    "price" : 828.75,
    "dma50" : 1000.80,
    "dma100" : null,
    "dma200" : 1045.33,
    "volume" : 49990.00
  }, {
    "date" : "2025-01-29",
    "price" : 879.80,
    "dma50" : 996.06,
    "dma100" : null,
    "dma200" : 1043.68,
    "volume" : 34567.00
  }, {
    "date" : "2025-01-30",
    "price" : 833.15,
    "dma50" : 989.67,
    "dma100" : null,
    "dma200" : 1041.59,
    "volume" : 81076.00
  }, {
    "date" : "2025-01-31",
    "price" : 864.15,
    "dma50" : 984.75,
    "dma100" : null,
    "dma200" : 1039.82,
    "volume" : 30379.00
  }, {
    "date" : "2025-02-01",
    "price" : 860.35,
    "dma50" : 979.87,
    "dma100" : null,
    "dma200" : 1038.03,
    "volume" : 27421.00
  }, {
    "date" : "2025-02-03",
    "price" : 837.45,
    "dma50" : 974.28,
    "dma100" : null,
    "dma200" : 1036.04,
    "volume" : 16363.00
  }, {
    "date" : "2025-02-04",
    "price" : 836.10,
    "dma50" : 968.86,
    "dma100" : null,
    "dma200" : 1034.05,
    "volume" : 13399.00
  }, {
    "date" : "2025-02-05",
    "price" : 863.10,
    "dma50" : 964.72,
    "dma100" : null,
    "dma200" : 1032.35,
    "volume" : 11561.00
  }, {
    "date" : "2025-02-06",
    "price" : 836.80,
    "dma50" : 959.70,
    "dma100" : null,
    "dma200" : 1030.40,
    "volume" : 23446.00
  }, {
    "date" : "2025-02-07",
    "price" : 824.90,
    "dma50" : 954.41,
    "dma100" : null,
    "dma200" : 1028.36,
    "volume" : 10326.00
  }, {
    "date" : "2025-02-10",
    "price" : 812.50,
    "dma50" : 948.85,
    "dma100" : null,
    "dma200" : 1026.21,
    "volume" : 19223.00
  }, {
    "date" : "2025-02-11",
    "price" : 776.15,
    "dma50" : 942.08,
    "dma100" : null,
    "dma200" : 1023.72,
    "volume" : 23238.00
  }, {
    "date" : "2025-02-12",
    "price" : 744.30,
    "dma50" : 934.32,
    "dma100" : null,
    "dma200" : 1020.94,
    "volume" : 35378.00
  }, {
    "date" : "2025-02-13",
    "price" : 669.25,
    "dma50" : 923.92,
    "dma100" : null,
    "dma200" : 1017.44,
    "volume" : 199051.00
  }, {
    "date" : "2025-02-14",
    "price" : 636.30,
    "dma50" : 912.65,
    "dma100" : null,
    "dma200" : 1013.65,
    "volume" : 58336.00
  }, {
    "date" : "2025-02-17",
    "price" : 616.45,
    "dma50" : 901.03,
    "dma100" : null,
    "dma200" : 1009.70,
    "volume" : 41232.00
  }, {
    "date" : "2025-02-18",
    "price" : 584.45,
    "dma50" : 888.62,
    "dma100" : null,
    "dma200" : 1005.47,
    "volume" : 37600.00
  }, {
    "date" : "2025-02-19",
    "price" : 616.55,
    "dma50" : 877.95,
    "dma100" : null,
    "dma200" : 1001.60,
    "volume" : 34458.00
  }, {
    "date" : "2025-02-20",
    "price" : 634.60,
    "dma50" : 868.40,
    "dma100" : null,
    "dma200" : 997.94,
    "volume" : 20169.00
  }, {
    "date" : "2025-02-21",
    "price" : 644.80,
    "dma50" : 859.63,
    "dma100" : null,
    "dma200" : 994.43,
    "volume" : 26138.00
  }, {
    "date" : "2025-02-24",
    "price" : 652.95,
    "dma50" : 851.53,
    "dma100" : null,
    "dma200" : 991.03,
    "volume" : 27290.00
  }, {
    "date" : "2025-02-25",
    "price" : 629.35,
    "dma50" : 842.82,
    "dma100" : null,
    "dma200" : 987.43,
    "volume" : 16438.00
  }, {
    "date" : "2025-02-27",
    "price" : 510.10,
    "dma50" : 829.77,
    "dma100" : null,
    "dma200" : 982.68,
    "volume" : 648666.00
  }, {
    "date" : "2025-02-28",
    "price" : 512.30,
    "dma50" : 817.32,
    "dma100" : null,
    "dma200" : 978.00,
    "volume" : 173558.00
  }, {
    "date" : "2025-03-03",
    "price" : 485.35,
    "dma50" : 804.30,
    "dma100" : null,
    "dma200" : 973.10,
    "volume" : 121197.00
  }, {
    "date" : "2025-03-04",
    "price" : 470.90,
    "dma50" : 791.23,
    "dma100" : null,
    "dma200" : 968.11,
    "volume" : 39737.00
  }, {
    "date" : "2025-03-05",
    "price" : 494.40,
    "dma50" : 779.59,
    "dma100" : null,
    "dma200" : 963.39,
    "volume" : 29335.00
  }, {
    "date" : "2025-03-06",
    "price" : 500.30,
    "dma50" : 768.63,
    "dma100" : null,
    "dma200" : 958.78,
    "volume" : 17479.00
  }, {
    "date" : "2025-03-07",
    "price" : 517.65,
    "dma50" : 758.79,
    "dma100" : null,
    "dma200" : 954.39,
    "volume" : 21486.00
  }, {
    "date" : "2025-03-10",
    "price" : 496.85,
    "dma50" : 748.52,
    "dma100" : null,
    "dma200" : 949.84,
    "volume" : 16892.00
  }, {
    "date" : "2025-03-11",
    "price" : 497.50,
    "dma50" : 738.67,
    "dma100" : null,
    "dma200" : 945.34,
    "volume" : 19727.00
  }, {
    "date" : "2025-03-12",
    "price" : 519.55,
    "dma50" : 730.08,
    "dma100" : null,
    "dma200" : 941.10,
    "volume" : 32213.00
  }, {
    "date" : "2025-03-13",
    "price" : 545.50,
    "dma50" : 722.84,
    "dma100" : null,
    "dma200" : 937.17,
    "volume" : 32951.00
  }, {
    "date" : "2025-03-17",
    "price" : 572.75,
    "dma50" : 716.96,
    "dma100" : null,
    "dma200" : 933.54,
    "volume" : 28399.00
  }, {
    "date" : "2025-03-18",
    "price" : 601.35,
    "dma50" : 712.42,
    "dma100" : null,
    "dma200" : 930.24,
    "volume" : 67019.00
  }, {
    "date" : "2025-03-19",
    "price" : 605.10,
    "dma50" : 708.21,
    "dma100" : null,
    "dma200" : 927.00,
    "volume" : 53270.00
  }, {
    "date" : "2025-03-20",
    "price" : 595.00,
    "dma50" : 703.77,
    "dma100" : null,
    "dma200" : 923.70,
    "volume" : 8015.00
  }, {
    "date" : "2025-03-21",
    "price" : 583.10,
    "dma50" : 699.04,
    "dma100" : null,
    "dma200" : 920.31,
    "volume" : 11429.00
  }, {
    "date" : "2025-03-24",
    "price" : 585.00,
    "dma50" : 694.57,
    "dma100" : null,
    "dma200" : 916.97,
    "volume" : 14283.00
  }, {
    "date" : "2025-03-25",
    "price" : 576.00,
    "dma50" : 689.92,
    "dma100" : null,
    "dma200" : 913.58,
    "volume" : 5914.00
  }, {
    "date" : "2025-03-26",
    "price" : 564.50,
    "dma50" : 685.00,
    "dma100" : null,
    "dma200" : 910.11,
    "volume" : 4246.00
  }, {
    "date" : "2025-03-27",
    "price" : 553.25,
    "dma50" : 679.84,
    "dma100" : null,
    "dma200" : 906.56,
    "volume" : 6512.00
  }, {
    "date" : "2025-03-28",
    "price" : 542.20,
    "dma50" : 674.44,
    "dma100" : null,
    "dma200" : 902.93,
    "volume" : 3066.00
  }, {
    "date" : "2025-04-01",
    "price" : 534.10,
    "dma50" : 668.93,
    "dma100" : null,
    "dma200" : 899.26,
    "volume" : 4990.00
  }, {
    "date" : "2025-04-02",
    "price" : 544.75,
    "dma50" : 664.06,
    "dma100" : null,
    "dma200" : 895.73,
    "volume" : 3539.00
  }, {
    "date" : "2025-04-03",
    "price" : 555.60,
    "dma50" : 659.81,
    "dma100" : null,
    "dma200" : 892.35,
    "volume" : 2562.00
  }, {
    "date" : "2025-04-04",
    "price" : 560.00,
    "dma50" : 655.90,
    "dma100" : null,
    "dma200" : 889.04,
    "volume" : 1710.00
  }, {
    "date" : "2025-04-07",
    "price" : 548.80,
    "dma50" : 651.70,
    "dma100" : null,
    "dma200" : 885.66,
    "volume" : 3315.00
  }, {
    "date" : "2025-04-08",
    "price" : 547.00,
    "dma50" : 647.59,
    "dma100" : null,
    "dma200" : 882.29,
    "volume" : 2114.00
  }, {
    "date" : "2025-04-09",
    "price" : 536.10,
    "dma50" : 643.22,
    "dma100" : null,
    "dma200" : 878.84,
    "volume" : 304.00
  }, {
    "date" : "2025-04-11",
    "price" : 530.35,
    "dma50" : 638.79,
    "dma100" : null,
    "dma200" : 875.37,
    "volume" : 2352.00
  }, {
    "date" : "2025-04-15",
    "price" : 530.00,
    "dma50" : 634.53,
    "dma100" : null,
    "dma200" : 871.94,
    "volume" : 5006.00
  }, {
    "date" : "2025-04-16",
    "price" : 540.00,
    "dma50" : 630.82,
    "dma100" : null,
    "dma200" : 868.63,
    "volume" : 5692.00
  }, {
    "date" : "2025-04-17",
    "price" : 541.25,
    "dma50" : 627.31,
    "dma100" : null,
    "dma200" : 865.38,
    "volume" : 2193.00
  }, {
    "date" : "2025-04-21",
    "price" : 552.05,
    "dma50" : 624.36,
    "dma100" : null,
    "dma200" : 862.26,
    "volume" : 4182.00
  }, {
    "date" : "2025-04-22",
    "price" : 563.05,
    "dma50" : 621.95,
    "dma100" : null,
    "dma200" : 859.28,
    "volume" : 3429.00
  }, {
    "date" : "2025-04-23",
    "price" : 574.30,
    "dma50" : 620.08,
    "dma100" : null,
    "dma200" : 856.45,
    "volume" : 2415.00
  }, {
    "date" : "2025-04-24",
    "price" : 585.75,
    "dma50" : 618.74,
    "dma100" : null,
    "dma200" : 853.75,
    "volume" : 1933.00
  }, {
    "date" : "2025-04-25",
    "price" : 597.45,
    "dma50" : 617.90,
    "dma100" : null,
    "dma200" : 851.20,
    "volume" : 14427.00
  }, {
    "date" : "2025-04-28",
    "price" : 627.30,
    "dma50" : 618.27,
    "dma100" : 778.68,
    "dma200" : 848.97,
    "volume" : 14807.00
  }, {
    "date" : "2025-04-29",
    "price" : 600.10,
    "dma50" : 617.56,
    "dma100" : 774.17,
    "dma200" : 846.50,
    "volume" : 13811.00
  }, {
    "date" : "2025-04-30",
    "price" : 594.25,
    "dma50" : 616.64,
    "dma100" : 769.55,
    "dma200" : 843.99,
    "volume" : 8440.00
  }, {
    "date" : "2025-05-02",
    "price" : 574.85,
    "dma50" : 615.00,
    "dma100" : 764.31,
    "dma200" : 841.31,
    "volume" : 4092.00
  }, {
    "date" : "2025-05-05",
    "price" : 567.25,
    "dma50" : 613.13,
    "dma100" : 758.85,
    "dma200" : 838.58,
    "volume" : 3817.00
  }, {
    "date" : "2025-05-06",
    "price" : 559.20,
    "dma50" : 611.02,
    "dma100" : 753.36,
    "dma200" : 835.80,
    "volume" : 5847.00
  }, {
    "date" : "2025-05-07",
    "price" : 565.40,
    "dma50" : 609.23,
    "dma100" : 748.20,
    "dma200" : 833.11,
    "volume" : 9617.00
  }, {
    "date" : "2025-05-08",
    "price" : 550.45,
    "dma50" : 606.92,
    "dma100" : 742.50,
    "dma200" : 830.30,
    "volume" : 2581.00
  }, {
    "date" : "2025-05-09",
    "price" : 532.75,
    "dma50" : 604.01,
    "dma100" : 736.66,
    "dma200" : 827.34,
    "volume" : 7158.00
  }, {
    "date" : "2025-05-12",
    "price" : 559.35,
    "dma50" : 602.26,
    "dma100" : 731.24,
    "dma200" : 824.67,
    "volume" : 4671.00
  }, {
    "date" : "2025-05-13",
    "price" : 574.80,
    "dma50" : 601.19,
    "dma100" : 726.14,
    "dma200" : 822.19,
    "volume" : 4684.00
  }, {
    "date" : "2025-05-14",
    "price" : 587.55,
    "dma50" : 600.65,
    "dma100" : 720.88,
    "dma200" : 819.85,
    "volume" : 5311.00
  }, {
    "date" : "2025-05-15",
    "price" : 605.10,
    "dma50" : 600.83,
    "dma100" : 715.90,
    "dma200" : 817.72,
    "volume" : 6586.00
  }, {
    "date" : "2025-05-16",
    "price" : 611.90,
    "dma50" : 601.26,
    "dma100" : 711.26,
    "dma200" : 815.67,
    "volume" : 4744.00
  }, {
    "date" : "2025-05-19",
    "price" : 598.15,
    "dma50" : 601.14,
    "dma100" : 706.34,
    "dma200" : 813.50,
    "volume" : 9230.00
  }, {
    "date" : "2025-05-20",
    "price" : 587.00,
    "dma50" : 600.58,
    "dma100" : 701.23,
    "dma200" : 811.25,
    "volume" : 2504.00
  }, {
    "date" : "2025-05-21",
    "price" : 580.00,
    "dma50" : 599.78,
    "dma100" : 696.10,
    "dma200" : 808.95,
    "volume" : 2163.00
  }, {
    "date" : "2025-05-22",
    "price" : 570.00,
    "dma50" : 598.61,
    "dma100" : 691.16,
    "dma200" : 806.57,
    "volume" : 1014.00
  }, {
    "date" : "2025-05-23",
    "price" : 562.50,
    "dma50" : 597.19,
    "dma100" : 686.31,
    "dma200" : 804.14,
    "volume" : 2536.00
  }, {
    "date" : "2025-05-26",
    "price" : 562.50,
    "dma50" : 595.83,
    "dma100" : 681.56,
    "dma200" : 801.74,
    "volume" : 2171.00
  }, {
    "date" : "2025-05-27",
    "price" : 560.00,
    "dma50" : 594.43,
    "dma100" : 676.98,
    "dma200" : 799.33,
    "volume" : 2196.00
  }, {
    "date" : "2025-05-28",
    "price" : 560.00,
    "dma50" : 593.08,
    "dma100" : 672.46,
    "dma200" : 796.95,
    "volume" : 2065.00
  }, {
    "date" : "2025-05-29",
    "price" : 550.00,
    "dma50" : 591.39,
    "dma100" : 667.83,
    "dma200" : 794.49,
    "volume" : 3082.00
  }, {
    "date" : "2025-05-30",
    "price" : 561.00,
    "dma50" : 590.20,
    "dma100" : 663.30,
    "dma200" : 792.17,
    "volume" : 4713.00
  }, {
    "date" : "2025-06-02",
    "price" : 572.20,
    "dma50" : 589.49,
    "dma100" : 658.87,
    "dma200" : 789.98,
    "volume" : 3113.00
  }, {
    "date" : "2025-06-03",
    "price" : 583.60,
    "dma50" : 589.26,
    "dma100" : 654.99,
    "dma200" : 787.93,
    "volume" : 1501.00
  }, {
    "date" : "2025-06-04",
    "price" : 595.25,
    "dma50" : 589.49,
    "dma100" : 651.05,
    "dma200" : 786.01,
    "volume" : 1772.00
  }, {
    "date" : "2025-06-05",
    "price" : 607.15,
    "dma50" : 590.19,
    "dma100" : 647.30,
    "dma200" : 784.23,
    "volume" : 10634.00
  }, {
    "date" : "2025-06-06",
    "price" : 600.10,
    "dma50" : 590.58,
    "dma100" : 643.66,
    "dma200" : 782.40,
    "volume" : 8509.00
  }, {
    "date" : "2025-06-09",
    "price" : 591.00,
    "dma50" : 590.59,
    "dma100" : 640.43,
    "dma200" : 780.49,
    "volume" : 5638.00
  }, {
    "date" : "2025-06-10",
    "price" : 602.80,
    "dma50" : 591.07,
    "dma100" : 637.86,
    "dma200" : 778.73,
    "volume" : 4017.00
  }, {
    "date" : "2025-06-11",
    "price" : 614.85,
    "dma50" : 592.00,
    "dma100" : 634.63,
    "dma200" : 777.10,
    "volume" : 3296.00
  }, {
    "date" : "2025-06-12",
    "price" : 604.90,
    "dma50" : 592.51,
    "dma100" : 631.25,
    "dma200" : 775.38,
    "volume" : 5269.00
  }, {
    "date" : "2025-06-13",
    "price" : 596.00,
    "dma50" : 592.65,
    "dma100" : 627.75,
    "dma200" : 773.60,
    "volume" : 1387.00
  }, {
    "date" : "2025-06-16",
    "price" : 584.10,
    "dma50" : 592.31,
    "dma100" : 624.09,
    "dma200" : 771.71,
    "volume" : 1157.00
  }, {
    "date" : "2025-06-17",
    "price" : 575.00,
    "dma50" : 591.63,
    "dma100" : 620.34,
    "dma200" : 769.75,
    "volume" : 6119.00
  }, {
    "date" : "2025-06-18",
    "price" : 563.50,
    "dma50" : 590.53,
    "dma100" : 616.83,
    "dma200" : 767.70,
    "volume" : 1768.00
  }, {
    "date" : "2025-06-19",
    "price" : 554.20,
    "dma50" : 589.10,
    "dma100" : 613.50,
    "dma200" : 765.58,
    "volume" : 2334.00
  }, {
    "date" : "2025-06-20",
    "price" : 565.25,
    "dma50" : 588.17,
    "dma100" : 610.18,
    "dma200" : 763.58,
    "volume" : 4637.00
  }, {
    "date" : "2025-06-23",
    "price" : 566.25,
    "dma50" : 587.31,
    "dma100" : 606.82,
    "dma200" : 761.62,
    "volume" : 5319.00
  }, {
    "date" : "2025-06-24",
    "price" : 570.10,
    "dma50" : 586.63,
    "dma100" : 603.99,
    "dma200" : 759.72,
    "volume" : 3176.00
  }, {
    "date" : "2025-06-25",
    "price" : 581.50,
    "dma50" : 586.43,
    "dma100" : 601.52,
    "dma200" : 757.94,
    "volume" : 9573.00
  }, {
    "date" : "2025-06-26",
    "price" : 593.10,
    "dma50" : 586.69,
    "dma100" : 598.65,
    "dma200" : 756.30,
    "volume" : 1477.00
  }, {
    "date" : "2025-06-27",
    "price" : 602.00,
    "dma50" : 587.29,
    "dma100" : 596.34,
    "dma200" : 754.77,
    "volume" : 4544.00
  }, {
    "date" : "2025-06-30",
    "price" : 584.30,
    "dma50" : 587.18,
    "dma100" : 593.54,
    "dma200" : 753.07,
    "volume" : 9754.00
  }, {
    "date" : "2025-07-01",
    "price" : 585.05,
    "dma50" : 587.09,
    "dma100" : 590.79,
    "dma200" : 751.40,
    "volume" : 7799.00
  }, {
    "date" : "2025-07-02",
    "price" : 577.65,
    "dma50" : 586.72,
    "dma100" : 588.19,
    "dma200" : 749.67,
    "volume" : 3418.00
  }, {
    "date" : "2025-07-03",
    "price" : 590.80,
    "dma50" : 586.88,
    "dma100" : 585.74,
    "dma200" : 748.09,
    "volume" : 6301.00
  }, {
    "date" : "2025-07-04",
    "price" : 590.75,
    "dma50" : 587.03,
    "dma100" : 583.01,
    "dma200" : 746.52,
    "volume" : 3509.00
  }, {
    "date" : "2025-07-07",
    "price" : 587.00,
    "dma50" : 587.03,
    "dma100" : 580.52,
    "dma200" : 744.94,
    "volume" : 3274.00
  }, {
    "date" : "2025-07-08",
    "price" : 586.60,
    "dma50" : 587.02,
    "dma100" : 578.13,
    "dma200" : 743.36,
    "volume" : 3525.00
  }, {
    "date" : "2025-07-09",
    "price" : 595.90,
    "dma50" : 587.36,
    "dma100" : 575.97,
    "dma200" : 741.89,
    "volume" : 5636.00
  }, {
    "date" : "2025-07-10",
    "price" : 601.40,
    "dma50" : 587.92,
    "dma100" : 574.22,
    "dma200" : 740.50,
    "volume" : 6233.00
  }, {
    "date" : "2025-07-11",
    "price" : 601.40,
    "dma50" : 588.44,
    "dma100" : 572.79,
    "dma200" : 739.11,
    "volume" : 3211.00
  }, {
    "date" : "2025-07-14",
    "price" : 589.65,
    "dma50" : 588.49,
    "dma100" : 571.99,
    "dma200" : 737.62,
    "volume" : 7873.00
  }, {
    "date" : "2025-07-15",
    "price" : 586.10,
    "dma50" : 588.40,
    "dma100" : 571.49,
    "dma200" : 736.12,
    "volume" : 13999.00
  }, {
    "date" : "2025-07-16",
    "price" : 590.85,
    "dma50" : 588.49,
    "dma100" : 571.24,
    "dma200" : 734.67,
    "volume" : 9444.00
  }, {
    "date" : "2025-07-17",
    "price" : 588.00,
    "dma50" : 588.47,
    "dma100" : 571.27,
    "dma200" : 733.21,
    "volume" : 10390.00
  }, {
    "date" : "2025-07-18",
    "price" : 587.65,
    "dma50" : 588.44,
    "dma100" : 570.98,
    "dma200" : 731.76,
    "volume" : 5822.00
  }, {
    "date" : "2025-07-21",
    "price" : 646.40,
    "dma50" : 590.71,
    "dma100" : 571.10,
    "dma200" : 730.91,
    "volume" : 109083.00
  }, {
    "date" : "2025-07-22",
    "price" : 697.35,
    "dma50" : 594.90,
    "dma100" : 571.63,
    "dma200" : 730.58,
    "volume" : 172817.00
  }, {
    "date" : "2025-07-23",
    "price" : 669.00,
    "dma50" : 597.80,
    "dma100" : 571.79,
    "dma200" : 729.97,
    "volume" : 65050.00
  }, {
    "date" : "2025-07-24",
    "price" : 694.65,
    "dma50" : 601.60,
    "dma100" : 572.44,
    "dma200" : 729.62,
    "volume" : 38959.00
  }, {
    "date" : "2025-07-25",
    "price" : 673.45,
    "dma50" : 604.42,
    "dma100" : 574.07,
    "dma200" : 729.06,
    "volume" : 13946.00
  }, {
    "date" : "2025-07-28",
    "price" : 660.20,
    "dma50" : 606.61,
    "dma100" : 575.55,
    "dma200" : 728.37,
    "volume" : 15647.00
  }, {
    "date" : "2025-07-29",
    "price" : 648.40,
    "dma50" : 608.24,
    "dma100" : 577.18,
    "dma200" : 727.58,
    "volume" : 18645.00
  }, {
    "date" : "2025-07-30",
    "price" : 670.15,
    "dma50" : 610.67,
    "dma100" : 579.18,
    "dma200" : 727.00,
    "volume" : 18266.00
  }, {
    "date" : "2025-07-31",
    "price" : 650.00,
    "dma50" : 612.21,
    "dma100" : 580.73,
    "dma200" : 726.24,
    "volume" : 12273.00
  }, {
    "date" : "2025-08-01",
    "price" : 669.85,
    "dma50" : 614.47,
    "dma100" : 582.43,
    "dma200" : 725.68,
    "volume" : 49733.00
  }, {
    "date" : "2025-08-04",
    "price" : 669.40,
    "dma50" : 616.63,
    "dma100" : 583.94,
    "dma200" : 725.12,
    "volume" : 9724.00
  }, {
    "date" : "2025-08-05",
    "price" : 659.60,
    "dma50" : 618.31,
    "dma100" : 585.57,
    "dma200" : 724.47,
    "volume" : 6407.00
  }, {
    "date" : "2025-08-06",
    "price" : 630.55,
    "dma50" : 618.79,
    "dma100" : 586.90,
    "dma200" : 723.53,
    "volume" : 31163.00
  }, {
    "date" : "2025-08-07",
    "price" : 623.05,
    "dma50" : 618.96,
    "dma100" : 587.94,
    "dma200" : 722.53,
    "volume" : 10702.00
  }, {
    "date" : "2025-08-08",
    "price" : 621.70,
    "dma50" : 619.07,
    "dma100" : 588.70,
    "dma200" : 721.53,
    "volume" : 13758.00
  }, {
    "date" : "2025-08-11",
    "price" : 644.40,
    "dma50" : 620.06,
    "dma100" : 589.42,
    "dma200" : 720.76,
    "volume" : 13648.00
  }, {
    "date" : "2025-08-12",
    "price" : 667.90,
    "dma50" : 621.94,
    "dma100" : 590.08,
    "dma200" : 720.23,
    "volume" : 15891.00
  }, {
    "date" : "2025-08-13",
    "price" : 664.05,
    "dma50" : 623.59,
    "dma100" : 590.67,
    "dma200" : 719.68,
    "volume" : 8446.00
  }, {
    "date" : "2025-08-14",
    "price" : 738.35,
    "dma50" : 628.09,
    "dma100" : 592.10,
    "dma200" : 719.86,
    "volume" : 1028096.00
  }, {
    "date" : "2025-08-18",
    "price" : 728.75,
    "dma50" : 632.04,
    "dma100" : 593.56,
    "dma200" : 719.95,
    "volume" : 146667.00
  }, {
    "date" : "2025-08-19",
    "price" : 729.35,
    "dma50" : 635.85,
    "dma100" : 595.00,
    "dma200" : 720.04,
    "volume" : 51600.00
  }, {
    "date" : "2025-08-20",
    "price" : 757.40,
    "dma50" : 640.62,
    "dma100" : 596.82,
    "dma200" : 720.41,
    "volume" : 116131.00
  }, {
    "date" : "2025-08-21",
    "price" : 761.10,
    "dma50" : 645.34,
    "dma100" : 598.78,
    "dma200" : 720.82,
    "volume" : 41368.00
  }, {
    "date" : "2025-08-22",
    "price" : 752.30,
    "dma50" : 649.54,
    "dma100" : 600.77,
    "dma200" : 721.13,
    "volume" : 35834.00
  }, {
    "date" : "2025-08-25",
    "price" : 771.25,
    "dma50" : 654.31,
    "dma100" : 603.07,
    "dma200" : 721.63,
    "volume" : 123634.00
  }, {
    "date" : "2025-08-26",
    "price" : 733.25,
    "dma50" : 657.41,
    "dma100" : 605.06,
    "dma200" : 721.75,
    "volume" : 65001.00
  }, {
    "date" : "2025-08-28",
    "price" : 713.25,
    "dma50" : 659.60,
    "dma100" : 606.74,
    "dma200" : 721.66,
    "volume" : 28593.00
  }, {
    "date" : "2025-08-29",
    "price" : 708.40,
    "dma50" : 661.51,
    "dma100" : 608.27,
    "dma200" : 721.53,
    "volume" : 15728.00
  }, {
    "date" : "2025-09-01",
    "price" : 718.90,
    "dma50" : 663.76,
    "dma100" : 609.86,
    "dma200" : 721.50,
    "volume" : 15642.00
  }, {
    "date" : "2025-09-02",
    "price" : 718.50,
    "dma50" : 665.91,
    "dma100" : 611.56,
    "dma200" : 721.47,
    "volume" : 16437.00
  }, {
    "date" : "2025-09-03",
    "price" : 720.55,
    "dma50" : 668.05,
    "dma100" : 613.29,
    "dma200" : 721.47,
    "volume" : 9263.00
  }, {
    "date" : "2025-09-04",
    "price" : 719.10,
    "dma50" : 670.05,
    "dma100" : 615.12,
    "dma200" : 721.44,
    "volume" : 12937.00
  }, {
    "date" : "2025-09-05",
    "price" : 767.20,
    "dma50" : 673.86,
    "dma100" : 617.49,
    "dma200" : 721.90,
    "volume" : 202093.00
  }, {
    "date" : "2025-09-08",
    "price" : 779.10,
    "dma50" : 677.99,
    "dma100" : 619.98,
    "dma200" : 722.47,
    "volume" : 92902.00
  }, {
    "date" : "2025-09-09",
    "price" : 748.95,
    "dma50" : 680.77,
    "dma100" : 622.07,
    "dma200" : 722.73,
    "volume" : 48461.00
  }, {
    "date" : "2025-09-10",
    "price" : 734.60,
    "dma50" : 682.88,
    "dma100" : 624.00,
    "dma200" : 722.85,
    "volume" : 24443.00
  }, {
    "date" : "2025-09-11",
    "price" : 881.50,
    "dma50" : 690.67,
    "dma100" : 627.30,
    "dma200" : 724.43,
    "volume" : 1233864.00
  }, {
    "date" : "2025-09-12",
    "price" : 907.10,
    "dma50" : 699.16,
    "dma100" : 630.74,
    "dma200" : 726.24,
    "volume" : 1334219.00
  }, {
    "date" : "2025-09-15",
    "price" : 846.95,
    "dma50" : 704.96,
    "dma100" : 633.47,
    "dma200" : 727.45,
    "volume" : 203405.00
  }, {
    "date" : "2025-09-16",
    "price" : 880.45,
    "dma50" : 711.84,
    "dma100" : 636.41,
    "dma200" : 728.97,
    "volume" : 264326.00
  }, {
    "date" : "2025-09-17",
    "price" : 876.40,
    "dma50" : 718.29,
    "dma100" : 639.20,
    "dma200" : 730.43,
    "volume" : 64568.00
  }, {
    "date" : "2025-09-18",
    "price" : 874.75,
    "dma50" : 724.43,
    "dma100" : 641.68,
    "dma200" : 731.87,
    "volume" : 96163.00
  }, {
    "date" : "2025-09-19",
    "price" : 909.35,
    "dma50" : 731.68,
    "dma100" : 644.77,
    "dma200" : 733.64,
    "volume" : 260320.00
  }, {
    "date" : "2025-09-22",
    "price" : 884.00,
    "dma50" : 737.65,
    "dma100" : 647.67,
    "dma200" : 735.13,
    "volume" : 77871.00
  }, {
    "date" : "2025-09-23",
    "price" : 923.75,
    "dma50" : 744.95,
    "dma100" : 651.16,
    "dma200" : 737.01,
    "volume" : 269628.00
  }, {
    "date" : "2025-09-24",
    "price" : 934.20,
    "dma50" : 752.37,
    "dma100" : 654.82,
    "dma200" : 738.97,
    "volume" : 126376.00
  }, {
    "date" : "2025-09-25",
    "price" : 890.35,
    "dma50" : 757.78,
    "dma100" : 658.14,
    "dma200" : 740.48,
    "volume" : 101899.00
  }, {
    "date" : "2025-09-26",
    "price" : 911.35,
    "dma50" : 763.80,
    "dma100" : 661.60,
    "dma200" : 742.18,
    "volume" : 105435.00
  }, {
    "date" : "2025-09-29",
    "price" : 895.80,
    "dma50" : 768.98,
    "dma100" : 665.05,
    "dma200" : 743.71,
    "volume" : 57299.00
  }, {
    "date" : "2025-09-30",
    "price" : 873.75,
    "dma50" : 773.09,
    "dma100" : 668.46,
    "dma200" : 745.00,
    "volume" : 45111.00
  }, {
    "date" : "2025-10-01",
    "price" : 895.15,
    "dma50" : 777.88,
    "dma100" : 671.82,
    "dma200" : 746.49,
    "volume" : 23782.00
  }, {
    "date" : "2025-10-03",
    "price" : 906.50,
    "dma50" : 782.92,
    "dma100" : 675.13,
    "dma200" : 748.09,
    "volume" : 35493.00
  }, {
    "date" : "2025-10-06",
    "price" : 923.90,
    "dma50" : 788.45,
    "dma100" : 678.50,
    "dma200" : 749.84,
    "volume" : 69142.00
  }, {
    "date" : "2025-10-07",
    "price" : 903.60,
    "dma50" : 792.96,
    "dma100" : 681.48,
    "dma200" : 751.37,
    "volume" : 41151.00
  }, {
    "date" : "2025-10-08",
    "price" : 906.20,
    "dma50" : 797.41,
    "dma100" : 684.43,
    "dma200" : 752.91,
    "volume" : 29393.00
  }, {
    "date" : "2025-10-09",
    "price" : 888.85,
    "dma50" : 800.99,
    "dma100" : 687.33,
    "dma200" : 754.26,
    "volume" : 26120.00
  }, {
    "date" : "2025-10-10",
    "price" : 934.25,
    "dma50" : 806.22,
    "dma100" : 690.81,
    "dma200" : 756.05,
    "volume" : 452104.00
  }, {
    "date" : "2025-10-13",
    "price" : 928.40,
    "dma50" : 811.01,
    "dma100" : 694.29,
    "dma200" : 757.77,
    "volume" : 47426.00
  }, {
    "date" : "2025-10-14",
    "price" : 888.45,
    "dma50" : 814.05,
    "dma100" : 697.47,
    "dma200" : 759.07,
    "volume" : 59000.00
  }, {
    "date" : "2025-10-15",
    "price" : 888.65,
    "dma50" : 816.97,
    "dma100" : 700.74,
    "dma200" : 760.36,
    "volume" : 35734.00
  }, {
    "date" : "2025-10-16",
    "price" : 881.65,
    "dma50" : 819.51,
    "dma100" : 703.93,
    "dma200" : 761.56,
    "volume" : 30554.00
  }, {
    "date" : "2025-10-17",
    "price" : 841.25,
    "dma50" : 820.36,
    "dma100" : 706.74,
    "dma200" : 762.35,
    "volume" : 78564.00
  }, {
    "date" : "2025-10-20",
    "price" : 840.95,
    "dma50" : 821.17,
    "dma100" : 709.55,
    "dma200" : 763.14,
    "volume" : 41024.00
  }, {
    "date" : "2025-10-21",
    "price" : 826.65,
    "dma50" : 821.38,
    "dma100" : 712.32,
    "dma200" : 763.77,
    "volume" : 11635.00
  }, {
    "date" : "2025-10-23",
    "price" : 835.70,
    "dma50" : 821.94,
    "dma100" : 715.06,
    "dma200" : 764.48,
    "volume" : 51874.00
  }, {
    "date" : "2025-10-24",
    "price" : 817.15,
    "dma50" : 821.76,
    "dma100" : 717.51,
    "dma200" : 765.01,
    "volume" : 29079.00
  }, {
    "date" : "2025-10-27",
    "price" : 805.70,
    "dma50" : 821.13,
    "dma100" : 719.73,
    "dma200" : 765.41,
    "volume" : 26662.00
  }, {
    "date" : "2025-10-28",
    "price" : 821.00,
    "dma50" : 821.12,
    "dma100" : 721.99,
    "dma200" : 765.97,
    "volume" : 26653.00
  }, {
    "date" : "2025-10-29",
    "price" : 807.75,
    "dma50" : 820.60,
    "dma100" : 724.00,
    "dma200" : 766.38,
    "volume" : 20016.00
  }, {
    "date" : "2025-10-30",
    "price" : 806.55,
    "dma50" : 820.05,
    "dma100" : 726.06,
    "dma200" : 766.78,
    "volume" : 11229.00
  }, {
    "date" : "2025-10-31",
    "price" : 804.40,
    "dma50" : 819.43,
    "dma100" : 728.19,
    "dma200" : 767.16,
    "volume" : 12119.00
  }, {
    "date" : "2025-11-03",
    "price" : 801.85,
    "dma50" : 818.74,
    "dma100" : 730.19,
    "dma200" : 767.50,
    "volume" : 10599.00
  }, {
    "date" : "2025-11-04",
    "price" : 795.95,
    "dma50" : 817.85,
    "dma100" : 732.00,
    "dma200" : 767.78,
    "volume" : 11168.00
  }, {
    "date" : "2025-11-06",
    "price" : 768.55,
    "dma50" : 815.92,
    "dma100" : 733.63,
    "dma200" : 767.79,
    "volume" : 46180.00
  }, {
    "date" : "2025-11-07",
    "price" : 765.80,
    "dma50" : 813.95,
    "dma100" : 735.33,
    "dma200" : 767.77,
    "volume" : 14945.00
  }, {
    "date" : "2025-11-10",
    "price" : 775.80,
    "dma50" : 812.45,
    "dma100" : 737.25,
    "dma200" : 767.85,
    "volume" : 23805.00
  }, {
    "date" : "2025-11-11",
    "price" : 766.90,
    "dma50" : 810.67,
    "dma100" : 739.17,
    "dma200" : 767.84,
    "volume" : 13099.00
  }, {
    "date" : "2025-11-12",
    "price" : 778.60,
    "dma50" : 809.41,
    "dma100" : 741.32,
    "dma200" : 767.95,
    "volume" : 17172.00
  }, {
    "date" : "2025-11-13",
    "price" : 800.25,
    "dma50" : 809.05,
    "dma100" : 743.78,
    "dma200" : 768.27,
    "volume" : 24554.00
  }, {
    "date" : "2025-11-14",
    "price" : 785.10,
    "dma50" : 808.11,
    "dma100" : 745.98,
    "dma200" : 768.44,
    "volume" : 30258.00
  }, {
    "date" : "2025-11-17",
    "price" : 753.75,
    "dma50" : 805.98,
    "dma100" : 747.85,
    "dma200" : 768.29,
    "volume" : 23288.00
  }, {
    "date" : "2025-11-18",
    "price" : 747.75,
    "dma50" : 803.70,
    "dma100" : 749.63,
    "dma200" : 768.09,
    "volume" : 25302.00
  }, {
    "date" : "2025-11-19",
    "price" : 728.80,
    "dma50" : 800.76,
    "dma100" : 751.10,
    "dma200" : 767.70,
    "volume" : 14272.00
  }, {
    "date" : "2025-11-20",
    "price" : 727.65,
    "dma50" : 797.89,
    "dma100" : 752.45,
    "dma200" : 767.30,
    "volume" : 9261.00
  }, {
    "date" : "2025-11-21",
    "price" : 711.05,
    "dma50" : 794.49,
    "dma100" : 753.54,
    "dma200" : 766.74,
    "volume" : 9378.00
  }, {
    "date" : "2025-11-24",
    "price" : 693.10,
    "dma50" : 790.51,
    "dma100" : 754.63,
    "dma200" : 766.01,
    "volume" : 13287.00
  }, {
    "date" : "2025-11-25",
    "price" : 700.00,
    "dma50" : 786.96,
    "dma100" : 755.77,
    "dma200" : 765.35,
    "volume" : 13033.00
  }, {
    "date" : "2025-11-26",
    "price" : 701.60,
    "dma50" : 783.61,
    "dma100" : 757.01,
    "dma200" : 764.72,
    "volume" : 9290.00
  }, {
    "date" : "2025-11-27",
    "price" : 710.40,
    "dma50" : 780.74,
    "dma100" : 758.21,
    "dma200" : 764.17,
    "volume" : 11304.00
  }, {
    "date" : "2025-11-28",
    "price" : 703.30,
    "dma50" : 777.71,
    "dma100" : 759.34,
    "dma200" : 763.57,
    "volume" : 3243.00
  } ],
  "latestTechnicalAttributes" : {
    "date" : "2025-11-28",
    "price" : 703.30,
    "dma50" : 777.71,
    "dma100" : 759.34,
    "dma200" : 763.57,
    "volume" : 3243.00
  },
  "quarterlyResults" : [ {
    "date" : "2005-03-31",
    "sales" : 48.94,
    "salesGrowthYoY" : null,
    "grossProfitMargin" : 33.88,
    "grossProfit" : 16.58,
    "operatingProfitMargin" : 9.01,
    "operatingProfit" : 4.41,
    "netProfitMargin" : 7.81,
    "netProfit" : 3.82
  }, {
    "date" : "2005-06-30",
    "sales" : 48.88,
    "salesGrowthYoY" : null,
    "grossProfitMargin" : 30.44,
    "grossProfit" : 14.88,
    "operatingProfitMargin" : 9.04,
    "operatingProfit" : 4.42,
    "netProfitMargin" : 7.65,
    "netProfit" : 3.74
  }, {
    "date" : "2005-09-30",
    "sales" : 51.53,
    "salesGrowthYoY" : null,
    "grossProfitMargin" : 31.38,
    "grossProfit" : 16.17,
    "operatingProfitMargin" : 9.10,
    "operatingProfit" : 4.69,
    "netProfitMargin" : 7.82,
    "netProfit" : 4.03
  }, {
    "date" : "2005-12-31",
    "sales" : 57.66,
    "salesGrowthYoY" : null,
    "grossProfitMargin" : 29.50,
    "grossProfit" : 17.01,
    "operatingProfitMargin" : 9.49,
    "operatingProfit" : 5.47,
    "netProfitMargin" : 7.47,
    "netProfit" : 4.31
  }, {
    "date" : "2006-03-31",
    "sales" : 65.07,
    "salesGrowthYoY" : 32.96,
    "grossProfitMargin" : 30.40,
    "grossProfit" : 19.78,
    "operatingProfitMargin" : 8.73,
    "operatingProfit" : 5.68,
    "netProfitMargin" : 7.91,
    "netProfit" : 5.15
  }, {
    "date" : "2006-06-30",
    "sales" : 59.15,
    "salesGrowthYoY" : 21.01,
    "grossProfitMargin" : 32.46,
    "grossProfit" : 19.20,
    "operatingProfitMargin" : 11.17,
    "operatingProfit" : 6.61,
    "netProfitMargin" : 8.69,
    "netProfit" : 5.14
  }, {
    "date" : "2006-09-30",
    "sales" : 59.44,
    "salesGrowthYoY" : 15.35,
    "grossProfitMargin" : 30.70,
    "grossProfit" : 18.25,
    "operatingProfitMargin" : 9.37,
    "operatingProfit" : 5.57,
    "netProfitMargin" : 7.59,
    "netProfit" : 4.51
  }, {
    "date" : "2006-12-31",
    "sales" : 70.21,
    "salesGrowthYoY" : 21.77,
    "grossProfitMargin" : 30.79,
    "grossProfit" : 21.62,
    "operatingProfitMargin" : 11.42,
    "operatingProfit" : 8.02,
    "netProfitMargin" : 8.90,
    "netProfit" : 6.25
  }, {
    "date" : "2007-03-31",
    "sales" : 83.56,
    "salesGrowthYoY" : 28.42,
    "grossProfitMargin" : 29.79,
    "grossProfit" : 24.89,
    "operatingProfitMargin" : 5.73,
    "operatingProfit" : 4.79,
    "netProfitMargin" : 3.47,
    "netProfit" : 2.90
  }, {
    "date" : "2007-06-30",
    "sales" : 76.21,
    "salesGrowthYoY" : 28.84,
    "grossProfitMargin" : 30.67,
    "grossProfit" : 23.37,
    "operatingProfitMargin" : 11.02,
    "operatingProfit" : 8.40,
    "netProfitMargin" : 11.69,
    "netProfit" : 8.91
  }, {
    "date" : "2007-09-30",
    "sales" : 101.69,
    "salesGrowthYoY" : 71.08,
    "grossProfitMargin" : 33.43,
    "grossProfit" : 33.99,
    "operatingProfitMargin" : 13.41,
    "operatingProfit" : 13.64,
    "netProfitMargin" : 10.44,
    "netProfit" : 10.62
  }, {
    "date" : "2007-12-31",
    "sales" : 100.38,
    "salesGrowthYoY" : 42.97,
    "grossProfitMargin" : 34.57,
    "grossProfit" : 34.70,
    "operatingProfitMargin" : 14.53,
    "operatingProfit" : 14.59,
    "netProfitMargin" : 10.52,
    "netProfit" : 10.56
  }, {
    "date" : "2008-03-31",
    "sales" : 108.29,
    "salesGrowthYoY" : 29.60,
    "grossProfitMargin" : 34.60,
    "grossProfit" : 37.47,
    "operatingProfitMargin" : 14.05,
    "operatingProfit" : 15.21,
    "netProfitMargin" : 9.34,
    "netProfit" : 10.11
  }, {
    "date" : "2008-06-30",
    "sales" : 89.35,
    "salesGrowthYoY" : 17.24,
    "grossProfitMargin" : 35.75,
    "grossProfit" : 31.94,
    "operatingProfitMargin" : 12.37,
    "operatingProfit" : 11.05,
    "netProfitMargin" : 8.53,
    "netProfit" : 7.62
  }, {
    "date" : "2008-09-30",
    "sales" : 102.92,
    "salesGrowthYoY" : 1.21,
    "grossProfitMargin" : 29.54,
    "grossProfit" : 30.40,
    "operatingProfitMargin" : 7.86,
    "operatingProfit" : 8.09,
    "netProfitMargin" : 4.72,
    "netProfit" : 4.86
  }, {
    "date" : "2008-12-31",
    "sales" : 103.64,
    "salesGrowthYoY" : 3.25,
    "grossProfitMargin" : 30.28,
    "grossProfit" : 31.38,
    "operatingProfitMargin" : 8.49,
    "operatingProfit" : 8.80,
    "netProfitMargin" : 5.24,
    "netProfit" : 5.43
  }, {
    "date" : "2009-03-31",
    "sales" : 113.33,
    "salesGrowthYoY" : 4.65,
    "grossProfitMargin" : 30.50,
    "grossProfit" : 34.57,
    "operatingProfitMargin" : 14.29,
    "operatingProfit" : 16.19,
    "netProfitMargin" : 9.09,
    "netProfit" : 10.30
  }, {
    "date" : "2009-06-30",
    "sales" : 91.12,
    "salesGrowthYoY" : 1.98,
    "grossProfitMargin" : 33.23,
    "grossProfit" : 30.28,
    "operatingProfitMargin" : 13.42,
    "operatingProfit" : 12.23,
    "netProfitMargin" : 8.85,
    "netProfit" : 8.06
  }, {
    "date" : "2009-09-30",
    "sales" : 117.35,
    "salesGrowthYoY" : 14.02,
    "grossProfitMargin" : 30.31,
    "grossProfit" : 35.57,
    "operatingProfitMargin" : 11.50,
    "operatingProfit" : 13.50,
    "netProfitMargin" : 8.43,
    "netProfit" : 9.89
  }, {
    "date" : "2009-12-31",
    "sales" : 113.58,
    "salesGrowthYoY" : 9.59,
    "grossProfitMargin" : 31.73,
    "grossProfit" : 36.04,
    "operatingProfitMargin" : 11.89,
    "operatingProfit" : 13.50,
    "netProfitMargin" : 8.58,
    "netProfit" : 9.75
  }, {
    "date" : "2010-03-31",
    "sales" : 115.78,
    "salesGrowthYoY" : 2.16,
    "grossProfitMargin" : 30.57,
    "grossProfit" : 35.39,
    "operatingProfitMargin" : 10.01,
    "operatingProfit" : 11.59,
    "netProfitMargin" : 7.84,
    "netProfit" : 9.08
  }, {
    "date" : "2010-06-30",
    "sales" : 105.73,
    "salesGrowthYoY" : 16.03,
    "grossProfitMargin" : 32.07,
    "grossProfit" : 33.91,
    "operatingProfitMargin" : 11.89,
    "operatingProfit" : 12.57,
    "netProfitMargin" : 8.60,
    "netProfit" : 9.09
  }, {
    "date" : "2010-09-30",
    "sales" : 115.83,
    "salesGrowthYoY" : -1.30,
    "grossProfitMargin" : 32.29,
    "grossProfit" : 37.40,
    "operatingProfitMargin" : 11.54,
    "operatingProfit" : 13.37,
    "netProfitMargin" : 8.98,
    "netProfit" : 10.40
  }, {
    "date" : "2010-12-31",
    "sales" : 126.59,
    "salesGrowthYoY" : 11.45,
    "grossProfitMargin" : 33.00,
    "grossProfit" : 41.77,
    "operatingProfitMargin" : 11.45,
    "operatingProfit" : 14.49,
    "netProfitMargin" : 8.60,
    "netProfit" : 10.89
  }, {
    "date" : "2011-03-31",
    "sales" : 136.88,
    "salesGrowthYoY" : 18.22,
    "grossProfitMargin" : 30.73,
    "grossProfit" : 42.06,
    "operatingProfitMargin" : 8.93,
    "operatingProfit" : 12.22,
    "netProfitMargin" : 7.19,
    "netProfit" : 9.84
  }, {
    "date" : "2011-06-30",
    "sales" : 120.20,
    "salesGrowthYoY" : 13.69,
    "grossProfitMargin" : 29.63,
    "grossProfit" : 35.62,
    "operatingProfitMargin" : 8.15,
    "operatingProfit" : 9.80,
    "netProfitMargin" : 7.38,
    "netProfit" : 8.87
  }, {
    "date" : "2011-09-30",
    "sales" : 144.46,
    "salesGrowthYoY" : 24.72,
    "grossProfitMargin" : 29.47,
    "grossProfit" : 42.57,
    "operatingProfitMargin" : 7.05,
    "operatingProfit" : 10.18,
    "netProfitMargin" : 5.21,
    "netProfit" : 7.53
  }, {
    "date" : "2011-12-31",
    "sales" : 130.20,
    "salesGrowthYoY" : 2.85,
    "grossProfitMargin" : 30.67,
    "grossProfit" : 39.93,
    "operatingProfitMargin" : 6.14,
    "operatingProfit" : 7.99,
    "netProfitMargin" : 5.54,
    "netProfit" : 7.21
  }, {
    "date" : "2012-03-31",
    "sales" : 139.78,
    "salesGrowthYoY" : 2.12,
    "grossProfitMargin" : 32.36,
    "grossProfit" : 45.23,
    "operatingProfitMargin" : 11.78,
    "operatingProfit" : 16.47,
    "netProfitMargin" : 7.88,
    "netProfit" : 11.01
  }, {
    "date" : "2012-06-30",
    "sales" : 66.52,
    "salesGrowthYoY" : -44.66,
    "grossProfitMargin" : 32.89,
    "grossProfit" : 21.88,
    "operatingProfitMargin" : -8.33,
    "operatingProfit" : -5.54,
    "netProfitMargin" : -3.17,
    "netProfit" : -2.11
  }, {
    "date" : "2012-09-30",
    "sales" : 13.34,
    "salesGrowthYoY" : -90.77,
    "grossProfitMargin" : 16.94,
    "grossProfit" : 2.26,
    "operatingProfitMargin" : -10.64,
    "operatingProfit" : -1.42,
    "netProfitMargin" : 62.14,
    "netProfit" : 8.29
  }, {
    "date" : "2012-12-31",
    "sales" : 7.97,
    "salesGrowthYoY" : -93.88,
    "grossProfitMargin" : 30.49,
    "grossProfit" : 2.43,
    "operatingProfitMargin" : -6.27,
    "operatingProfit" : -0.50,
    "netProfitMargin" : 139.27,
    "netProfit" : 11.10
  }, {
    "date" : "2013-03-31",
    "sales" : 17.66,
    "salesGrowthYoY" : -87.37,
    "grossProfitMargin" : 43.26,
    "grossProfit" : 7.64,
    "operatingProfitMargin" : 9.00,
    "operatingProfit" : 1.59,
    "netProfitMargin" : 60.08,
    "netProfit" : 10.61
  }, {
    "date" : "2013-06-30",
    "sales" : 9.41,
    "salesGrowthYoY" : -85.85,
    "grossProfitMargin" : 34.33,
    "grossProfit" : 3.23,
    "operatingProfitMargin" : -12.43,
    "operatingProfit" : -1.17,
    "netProfitMargin" : 104.14,
    "netProfit" : 9.80
  }, {
    "date" : "2013-09-30",
    "sales" : 5.73,
    "salesGrowthYoY" : -57.05,
    "grossProfitMargin" : 51.31,
    "grossProfit" : 2.94,
    "operatingProfitMargin" : -4.36,
    "operatingProfit" : -0.25,
    "netProfitMargin" : -30.02,
    "netProfit" : -1.72
  }, {
    "date" : "2013-12-31",
    "sales" : 5.69,
    "salesGrowthYoY" : -28.61,
    "grossProfitMargin" : 41.30,
    "grossProfit" : 2.35,
    "operatingProfitMargin" : -16.17,
    "operatingProfit" : -0.92,
    "netProfitMargin" : 103.34,
    "netProfit" : 5.88
  }, {
    "date" : "2014-03-31",
    "sales" : 30.00,
    "salesGrowthYoY" : 69.88,
    "grossProfitMargin" : 21.93,
    "grossProfit" : 6.58,
    "operatingProfitMargin" : 11.77,
    "operatingProfit" : 3.53,
    "netProfitMargin" : 36.57,
    "netProfit" : 10.97
  }, {
    "date" : "2014-06-30",
    "sales" : 15.63,
    "salesGrowthYoY" : 66.10,
    "grossProfitMargin" : 32.12,
    "grossProfit" : 5.02,
    "operatingProfitMargin" : 6.59,
    "operatingProfit" : 1.03,
    "netProfitMargin" : 11.58,
    "netProfit" : 1.81
  }, {
    "date" : "2014-09-30",
    "sales" : 18.11,
    "salesGrowthYoY" : 216.06,
    "grossProfitMargin" : 29.43,
    "grossProfit" : 5.33,
    "operatingProfitMargin" : 6.79,
    "operatingProfit" : 1.23,
    "netProfitMargin" : 8.78,
    "netProfit" : 1.59
  }, {
    "date" : "2014-12-31",
    "sales" : 6.35,
    "salesGrowthYoY" : 11.60,
    "grossProfitMargin" : 53.39,
    "grossProfit" : 3.39,
    "operatingProfitMargin" : -16.06,
    "operatingProfit" : -1.02,
    "netProfitMargin" : 42.99,
    "netProfit" : 2.73
  }, {
    "date" : "2015-03-31",
    "sales" : 8.24,
    "salesGrowthYoY" : -72.53,
    "grossProfitMargin" : 61.65,
    "grossProfit" : 5.08,
    "operatingProfitMargin" : -21.12,
    "operatingProfit" : -1.74,
    "netProfitMargin" : -30.95,
    "netProfit" : -2.55
  }, {
    "date" : "2015-06-30",
    "sales" : 72.96,
    "salesGrowthYoY" : 366.79,
    "grossProfitMargin" : 18.53,
    "grossProfit" : 13.52,
    "operatingProfitMargin" : 7.58,
    "operatingProfit" : 5.53,
    "netProfitMargin" : 7.06,
    "netProfit" : 5.15
  }, {
    "date" : "2015-09-30",
    "sales" : 18.70,
    "salesGrowthYoY" : 3.26,
    "grossProfitMargin" : 58.45,
    "grossProfit" : 10.93,
    "operatingProfitMargin" : 12.19,
    "operatingProfit" : 2.28,
    "netProfitMargin" : 26.47,
    "netProfit" : 4.95
  }, {
    "date" : "2015-12-31",
    "sales" : 30.99,
    "salesGrowthYoY" : 388.03,
    "grossProfitMargin" : 31.62,
    "grossProfit" : 9.80,
    "operatingProfitMargin" : 6.68,
    "operatingProfit" : 2.07,
    "netProfitMargin" : 8.94,
    "netProfit" : 2.77
  }, {
    "date" : "2016-03-31",
    "sales" : 40.09,
    "salesGrowthYoY" : 386.53,
    "grossProfitMargin" : 34.60,
    "grossProfit" : 13.87,
    "operatingProfitMargin" : -1.97,
    "operatingProfit" : -0.79,
    "netProfitMargin" : -1.52,
    "netProfit" : -0.61
  }, {
    "date" : "2016-06-30",
    "sales" : 34.93,
    "salesGrowthYoY" : -52.12,
    "grossProfitMargin" : 25.48,
    "grossProfit" : 8.90,
    "operatingProfitMargin" : -4.55,
    "operatingProfit" : -1.59,
    "netProfitMargin" : 11.08,
    "netProfit" : 3.87
  }, {
    "date" : "2016-09-30",
    "sales" : 27.91,
    "salesGrowthYoY" : 49.25,
    "grossProfitMargin" : 32.17,
    "grossProfit" : 8.98,
    "operatingProfitMargin" : 2.58,
    "operatingProfit" : 0.72,
    "netProfitMargin" : 27.62,
    "netProfit" : 7.71
  }, {
    "date" : "2016-12-31",
    "sales" : 28.15,
    "salesGrowthYoY" : -9.16,
    "grossProfitMargin" : 29.31,
    "grossProfit" : 8.25,
    "operatingProfitMargin" : 1.56,
    "operatingProfit" : 0.44,
    "netProfitMargin" : 17.02,
    "netProfit" : 4.79
  }, {
    "date" : "2017-03-31",
    "sales" : 78.63,
    "salesGrowthYoY" : 96.13,
    "grossProfitMargin" : 31.72,
    "grossProfit" : 24.94,
    "operatingProfitMargin" : 11.60,
    "operatingProfit" : 9.12,
    "netProfitMargin" : 16.55,
    "netProfit" : 13.01
  }, {
    "date" : "2017-06-30",
    "sales" : 42.57,
    "salesGrowthYoY" : 21.87,
    "grossProfitMargin" : 29.36,
    "grossProfit" : 12.50,
    "operatingProfitMargin" : 8.20,
    "operatingProfit" : 3.49,
    "netProfitMargin" : 17.15,
    "netProfit" : 7.30
  }, {
    "date" : "2017-09-30",
    "sales" : 42.34,
    "salesGrowthYoY" : 51.70,
    "grossProfitMargin" : 21.40,
    "grossProfit" : 9.06,
    "operatingProfitMargin" : -0.61,
    "operatingProfit" : -0.26,
    "netProfitMargin" : 8.57,
    "netProfit" : 3.63
  }, {
    "date" : "2017-12-31",
    "sales" : 42.85,
    "salesGrowthYoY" : 52.22,
    "grossProfitMargin" : 26.91,
    "grossProfit" : 11.53,
    "operatingProfitMargin" : 10.88,
    "operatingProfit" : 4.66,
    "netProfitMargin" : 15.52,
    "netProfit" : 6.65
  }, {
    "date" : "2018-03-31",
    "sales" : 45.98,
    "salesGrowthYoY" : -41.52,
    "grossProfitMargin" : 31.71,
    "grossProfit" : 14.58,
    "operatingProfitMargin" : 8.94,
    "operatingProfit" : 4.11,
    "netProfitMargin" : 12.81,
    "netProfit" : 5.89
  }, {
    "date" : "2018-06-30",
    "sales" : 51.03,
    "salesGrowthYoY" : 19.87,
    "grossProfitMargin" : 33.90,
    "grossProfit" : 17.30,
    "operatingProfitMargin" : 4.70,
    "operatingProfit" : 2.40,
    "netProfitMargin" : 7.15,
    "netProfit" : 3.65
  }, {
    "date" : "2018-09-30",
    "sales" : 25.78,
    "salesGrowthYoY" : -39.11,
    "grossProfitMargin" : 42.71,
    "grossProfit" : 11.01,
    "operatingProfitMargin" : -16.99,
    "operatingProfit" : -4.38,
    "netProfitMargin" : 4.00,
    "netProfit" : 1.03
  }, {
    "date" : "2018-12-31",
    "sales" : 21.41,
    "salesGrowthYoY" : -50.04,
    "grossProfitMargin" : 42.74,
    "grossProfit" : 9.15,
    "operatingProfitMargin" : 5.14,
    "operatingProfit" : 1.10,
    "netProfitMargin" : 17.98,
    "netProfit" : 3.85
  }, {
    "date" : "2019-03-31",
    "sales" : 21.63,
    "salesGrowthYoY" : -52.96,
    "grossProfitMargin" : 55.52,
    "grossProfit" : 12.01,
    "operatingProfitMargin" : 12.21,
    "operatingProfit" : 2.64,
    "netProfitMargin" : 17.98,
    "netProfit" : 3.89
  }, {
    "date" : "2019-06-30",
    "sales" : 29.23,
    "salesGrowthYoY" : -42.72,
    "grossProfitMargin" : 45.50,
    "grossProfit" : 13.30,
    "operatingProfitMargin" : -12.97,
    "operatingProfit" : -3.79,
    "netProfitMargin" : -10.26,
    "netProfit" : -3.00
  }, {
    "date" : "2019-09-30",
    "sales" : 40.26,
    "salesGrowthYoY" : 56.17,
    "grossProfitMargin" : 44.09,
    "grossProfit" : 17.75,
    "operatingProfitMargin" : 12.77,
    "operatingProfit" : 5.14,
    "netProfitMargin" : 13.93,
    "netProfit" : 5.61
  }, {
    "date" : "2019-12-31",
    "sales" : 38.83,
    "salesGrowthYoY" : 81.36,
    "grossProfitMargin" : 32.73,
    "grossProfit" : 12.71,
    "operatingProfitMargin" : 3.45,
    "operatingProfit" : 1.34,
    "netProfitMargin" : 7.24,
    "netProfit" : 2.81
  }, {
    "date" : "2020-03-31",
    "sales" : 33.72,
    "salesGrowthYoY" : 55.89,
    "grossProfitMargin" : 54.12,
    "grossProfit" : 18.25,
    "operatingProfitMargin" : 5.10,
    "operatingProfit" : 1.72,
    "netProfitMargin" : 5.49,
    "netProfit" : 1.85
  }, {
    "date" : "2020-06-30",
    "sales" : 48.54,
    "salesGrowthYoY" : 66.06,
    "grossProfitMargin" : 38.28,
    "grossProfit" : 18.58,
    "operatingProfitMargin" : 15.43,
    "operatingProfit" : 7.49,
    "netProfitMargin" : 24.56,
    "netProfit" : 11.92
  }, {
    "date" : "2020-09-30",
    "sales" : 18.95,
    "salesGrowthYoY" : -52.93,
    "grossProfitMargin" : 80.74,
    "grossProfit" : 15.30,
    "operatingProfitMargin" : 35.04,
    "operatingProfit" : 6.64,
    "netProfitMargin" : 40.74,
    "netProfit" : 7.72
  }, {
    "date" : "2020-12-31",
    "sales" : 30.34,
    "salesGrowthYoY" : -21.86,
    "grossProfitMargin" : 48.29,
    "grossProfit" : 14.65,
    "operatingProfitMargin" : 12.43,
    "operatingProfit" : 3.77,
    "netProfitMargin" : 18.13,
    "netProfit" : 5.50
  }, {
    "date" : "2021-03-31",
    "sales" : 86.70,
    "salesGrowthYoY" : 157.12,
    "grossProfitMargin" : 24.45,
    "grossProfit" : 21.20,
    "operatingProfitMargin" : 9.79,
    "operatingProfit" : 8.49,
    "netProfitMargin" : 7.02,
    "netProfit" : 6.09
  }, {
    "date" : "2021-06-30",
    "sales" : 26.04,
    "salesGrowthYoY" : -46.35,
    "grossProfitMargin" : 39.55,
    "grossProfit" : 10.30,
    "operatingProfitMargin" : -4.49,
    "operatingProfit" : -1.17,
    "netProfitMargin" : -14.32,
    "netProfit" : -3.73
  }, {
    "date" : "2021-09-30",
    "sales" : 18.96,
    "salesGrowthYoY" : 0.05,
    "grossProfitMargin" : 80.75,
    "grossProfit" : 15.31,
    "operatingProfitMargin" : 40.45,
    "operatingProfit" : 7.67,
    "netProfitMargin" : 38.13,
    "netProfit" : 7.23
  }, {
    "date" : "2021-12-31",
    "sales" : 68.23,
    "salesGrowthYoY" : 124.88,
    "grossProfitMargin" : 52.79,
    "grossProfit" : 36.02,
    "operatingProfitMargin" : 32.23,
    "operatingProfit" : 21.99,
    "netProfitMargin" : 28.49,
    "netProfit" : 19.44
  }, {
    "date" : "2022-03-31",
    "sales" : 147.59,
    "salesGrowthYoY" : 70.23,
    "grossProfitMargin" : 26.34,
    "grossProfit" : 38.88,
    "operatingProfitMargin" : 10.22,
    "operatingProfit" : 15.08,
    "netProfitMargin" : 10.45,
    "netProfit" : 15.42
  }, {
    "date" : "2022-06-30",
    "sales" : 30.27,
    "salesGrowthYoY" : 16.24,
    "grossProfitMargin" : 86.52,
    "grossProfit" : 26.19,
    "operatingProfitMargin" : 50.31,
    "operatingProfit" : 15.23,
    "netProfitMargin" : 31.25,
    "netProfit" : 9.46
  }, {
    "date" : "2022-09-30",
    "sales" : 116.91,
    "salesGrowthYoY" : 516.61,
    "grossProfitMargin" : 27.80,
    "grossProfit" : 32.50,
    "operatingProfitMargin" : 12.42,
    "operatingProfit" : 14.52,
    "netProfitMargin" : 10.94,
    "netProfit" : 12.79
  }, {
    "date" : "2022-12-31",
    "sales" : 31.45,
    "salesGrowthYoY" : -53.91,
    "grossProfitMargin" : 43.50,
    "grossProfit" : 13.68,
    "operatingProfitMargin" : 13.45,
    "operatingProfit" : 4.23,
    "netProfitMargin" : 9.95,
    "netProfit" : 3.13
  }, {
    "date" : "2023-03-31",
    "sales" : 50.29,
    "salesGrowthYoY" : -65.93,
    "grossProfitMargin" : 41.92,
    "grossProfit" : 21.08,
    "operatingProfitMargin" : 12.23,
    "operatingProfit" : 6.15,
    "netProfitMargin" : 15.69,
    "netProfit" : 7.89
  }, {
    "date" : "2023-06-30",
    "sales" : 68.47,
    "salesGrowthYoY" : 126.20,
    "grossProfitMargin" : 38.16,
    "grossProfit" : 26.13,
    "operatingProfitMargin" : 16.64,
    "operatingProfit" : 11.39,
    "netProfitMargin" : 20.93,
    "netProfit" : 14.33
  }, {
    "date" : "2023-09-30",
    "sales" : 19.73,
    "salesGrowthYoY" : -83.12,
    "grossProfitMargin" : 77.09,
    "grossProfit" : 15.21,
    "operatingProfitMargin" : 23.97,
    "operatingProfit" : 4.73,
    "netProfitMargin" : 11.81,
    "netProfit" : 2.33
  }, {
    "date" : "2023-12-31",
    "sales" : 114.93,
    "salesGrowthYoY" : 265.44,
    "grossProfitMargin" : 27.29,
    "grossProfit" : 31.36,
    "operatingProfitMargin" : 13.09,
    "operatingProfit" : 15.04,
    "netProfitMargin" : 10.74,
    "netProfit" : 12.34
  }, {
    "date" : "2024-03-31",
    "sales" : 44.44,
    "salesGrowthYoY" : -11.63,
    "grossProfitMargin" : 48.24,
    "grossProfit" : 21.44,
    "operatingProfitMargin" : 15.19,
    "operatingProfit" : 6.75,
    "netProfitMargin" : 12.92,
    "netProfit" : 5.74
  }, {
    "date" : "2024-06-30",
    "sales" : 66.38,
    "salesGrowthYoY" : -3.05,
    "grossProfitMargin" : 37.33,
    "grossProfit" : 24.78,
    "operatingProfitMargin" : 9.96,
    "operatingProfit" : 6.61,
    "netProfitMargin" : 11.19,
    "netProfit" : 7.43
  }, {
    "date" : "2024-09-30",
    "sales" : 145.92,
    "salesGrowthYoY" : 639.58,
    "grossProfitMargin" : 29.13,
    "grossProfit" : 42.51,
    "operatingProfitMargin" : 7.69,
    "operatingProfit" : 11.22,
    "netProfitMargin" : 3.12,
    "netProfit" : 4.55
  }, {
    "date" : "2024-12-31",
    "sales" : 108.48,
    "salesGrowthYoY" : -5.61,
    "grossProfitMargin" : 27.21,
    "grossProfit" : 29.52,
    "operatingProfitMargin" : 10.98,
    "operatingProfit" : 11.91,
    "netProfitMargin" : -2.76,
    "netProfit" : -2.99
  }, {
    "date" : "2025-03-31",
    "sales" : 110.56,
    "salesGrowthYoY" : 148.78,
    "grossProfitMargin" : 36.91,
    "grossProfit" : 40.81,
    "operatingProfitMargin" : 3.01,
    "operatingProfit" : 3.33,
    "netProfitMargin" : -0.37,
    "netProfit" : -0.41
  }, {
    "date" : "2025-06-30",
    "sales" : 65.64,
    "salesGrowthYoY" : -1.11,
    "grossProfitMargin" : 34.70,
    "grossProfit" : 22.78,
    "operatingProfitMargin" : 8.94,
    "operatingProfit" : 5.87,
    "netProfitMargin" : 6.15,
    "netProfit" : 4.04
  }, {
    "date" : "2025-09-30",
    "sales" : 94.55,
    "salesGrowthYoY" : -35.20,
    "grossProfitMargin" : 40.14,
    "grossProfit" : 37.95,
    "operatingProfitMargin" : 12.33,
    "operatingProfit" : 11.66,
    "netProfitMargin" : 6.55,
    "netProfit" : 6.19
  } ],
  "latestQuarterlyResult" : {
    "date" : "2025-09-30",
    "sales" : 94.55,
    "salesGrowthYoY" : -35.20,
    "grossProfitMargin" : 40.14,
    "grossProfit" : 37.95,
    "operatingProfitMargin" : 12.33,
    "operatingProfit" : 11.66,
    "netProfitMargin" : 6.55,
    "netProfit" : 6.19
  },
  "companyScore" : {
    "priceHigherThanDma50" : 0.00,
    "priceHigherThanDma100" : 0.00,
    "priceHigherThanDma200" : 0.00,
    "dma50HigherThanDma100" : 5.00,
    "dma50HigherThanDma200" : 5.00,
    "dma100HigherThanDma200" : 0.00,
    "pricePercentageAboveDma50" : 5.48,
    "pricePercentageAboveDma100" : 5.37,
    "pricePercentageAboveDma200" : 5.39,
    "weeklyVolumeHigherThanYearlyVolume" : 0.00,
    "salesGrowthPercentile" : 4.81,
    "operatingProfitMarginPercentile" : 15.42,
    "netProfitMarginPercentile" : 2.20,
    "totalTechnicalScore" : 26.24,
    "totalFundamentalScore" : 22.43,
    "totalScore" : 48.68
  }
}