{
  "metadata" : {
    "screenerCompanyId" : "3334",
    "companyCode" : "SYSTMTXC",
    "companyName" : "Systematix Corp.",
    "screenerCompanyLink" : "https://www.screener.in/company/SYSTMTXC/consolidated/",
    "screenerTechnicalHistoryLink" : "https://www.screener.in/api/company/3334/chart/?q=Price-DMA50-DMA200-Volume&days=365",
    "screenerQuarterlyResultsLink" : "https://www.screener.in/api/company/3334/chart/?q=GPM-OPM-NPM-Quarter+Sales&days=10000",
    "attributes" : {
      "companyCode" : "SYSTMTXC",
      "companyName" : "Systematix Corp.",
      "marketCap" : 2247.00,
      "peRatio" : 48.00,
      "description" : "Systematix Corporate Services Ltd was established in 1985, it provides investment management and advisory services in the financial markets and investment solutions for a broad array of investors including FIIs, DFI, Insurance companies among other Financial institutions. [1][2]"
    },
    "companyScore" : {
      "priceHigherThanDma50" : 5.00,
      "priceHigherThanDma100" : 5.00,
      "priceHigherThanDma200" : 5.00,
      "dma50HigherThanDma100" : 5.00,
      "dma50HigherThanDma200" : 5.00,
      "dma100HigherThanDma200" : 0.00,
      "pricePercentageAboveDma50" : 4.75,
      "pricePercentageAboveDma100" : 4.24,
      "pricePercentageAboveDma200" : 4.29,
      "weeklyVolumeHigherThanYearlyVolume" : 0.00,
      "salesGrowthPercentile" : 13.92,
      "operatingProfitMarginPercentile" : 19.93,
      "netProfitMarginPercentile" : 9.92,
      "totalTechnicalScore" : 38.29,
      "totalFundamentalScore" : 43.77,
      "totalScore" : 82.07
    }
  },
  "attributes" : {
    "companyCode" : "SYSTMTXC",
    "companyName" : "Systematix Corp.",
    "marketCap" : 2247.00,
    "peRatio" : 48.00,
    "description" : "Systematix Corporate Services Ltd was established in 1985, it provides investment management and advisory services in the financial markets and investment solutions for a broad array of investors including FIIs, DFI, Insurance companies among other Financial institutions. [1][2]"
  },
  "technicalHistory" : [ {
    "date" : "2024-12-11",
    "price" : 211.85,
    "dma50" : 222.74,
    "dma100" : null,
    "dma200" : 150.69,
    "volume" : 875609.00
  }, {
    "date" : "2024-12-12",
    "price" : 221.95,
    "dma50" : 222.71,
    "dma100" : null,
    "dma200" : 151.39,
    "volume" : 1419579.00
  }, {
    "date" : "2024-12-13",
    "price" : 212.85,
    "dma50" : 222.32,
    "dma100" : null,
    "dma200" : 152.01,
    "volume" : 518666.00
  }, {
    "date" : "2024-12-16",
    "price" : 202.40,
    "dma50" : 221.54,
    "dma100" : null,
    "dma200" : 152.51,
    "volume" : 316885.00
  }, {
    "date" : "2024-12-17",
    "price" : 193.80,
    "dma50" : 220.45,
    "dma100" : null,
    "dma200" : 152.92,
    "volume" : 268667.00
  }, {
    "date" : "2024-12-18",
    "price" : 203.45,
    "dma50" : 219.78,
    "dma100" : null,
    "dma200" : 153.42,
    "volume" : 135641.00
  }, {
    "date" : "2024-12-19",
    "price" : 213.60,
    "dma50" : 219.54,
    "dma100" : null,
    "dma200" : 154.02,
    "volume" : 85594.00
  }, {
    "date" : "2024-12-20",
    "price" : 218.55,
    "dma50" : 219.50,
    "dma100" : null,
    "dma200" : 154.66,
    "volume" : 153205.00
  }, {
    "date" : "2024-12-23",
    "price" : 207.65,
    "dma50" : 219.04,
    "dma100" : null,
    "dma200" : 155.19,
    "volume" : 56657.00
  }, {
    "date" : "2024-12-24",
    "price" : 198.95,
    "dma50" : 218.25,
    "dma100" : null,
    "dma200" : 155.62,
    "volume" : 436889.00
  }, {
    "date" : "2024-12-26",
    "price" : 199.15,
    "dma50" : 217.50,
    "dma100" : null,
    "dma200" : 156.06,
    "volume" : 85444.00
  }, {
    "date" : "2024-12-27",
    "price" : 199.30,
    "dma50" : 216.79,
    "dma100" : null,
    "dma200" : 156.49,
    "volume" : 36579.00
  }, {
    "date" : "2024-12-30",
    "price" : 190.65,
    "dma50" : 215.76,
    "dma100" : null,
    "dma200" : 156.83,
    "volume" : 44436.00
  }, {
    "date" : "2024-12-31",
    "price" : 187.30,
    "dma50" : 214.65,
    "dma100" : null,
    "dma200" : 157.13,
    "volume" : 52353.00
  }, {
    "date" : "2025-01-01",
    "price" : 188.25,
    "dma50" : 213.61,
    "dma100" : null,
    "dma200" : 157.44,
    "volume" : 25385.00
  }, {
    "date" : "2025-01-02",
    "price" : 184.70,
    "dma50" : 212.48,
    "dma100" : null,
    "dma200" : 157.71,
    "volume" : 35263.00
  }, {
    "date" : "2025-01-03",
    "price" : 182.95,
    "dma50" : 211.32,
    "dma100" : null,
    "dma200" : 157.96,
    "volume" : 34830.00
  }, {
    "date" : "2025-01-06",
    "price" : 180.95,
    "dma50" : 210.13,
    "dma100" : null,
    "dma200" : 158.19,
    "volume" : 66658.00
  }, {
    "date" : "2025-01-07",
    "price" : 174.15,
    "dma50" : 208.72,
    "dma100" : null,
    "dma200" : 158.35,
    "volume" : 41631.00
  }, {
    "date" : "2025-01-08",
    "price" : 167.00,
    "dma50" : 207.08,
    "dma100" : null,
    "dma200" : 158.44,
    "volume" : 48557.00
  }, {
    "date" : "2025-01-09",
    "price" : 167.05,
    "dma50" : 205.51,
    "dma100" : null,
    "dma200" : 158.52,
    "volume" : 25337.00
  }, {
    "date" : "2025-01-10",
    "price" : 160.00,
    "dma50" : 203.73,
    "dma100" : null,
    "dma200" : 158.54,
    "volume" : 29900.00
  }, {
    "date" : "2025-01-13",
    "price" : 152.90,
    "dma50" : 201.73,
    "dma100" : null,
    "dma200" : 158.48,
    "volume" : 102995.00
  }, {
    "date" : "2025-01-14",
    "price" : 145.55,
    "dma50" : 199.53,
    "dma100" : null,
    "dma200" : 158.35,
    "volume" : 86688.00
  }, {
    "date" : "2025-01-15",
    "price" : 152.80,
    "dma50" : 197.70,
    "dma100" : null,
    "dma200" : 158.30,
    "volume" : 29563.00
  }, {
    "date" : "2025-01-16",
    "price" : 160.40,
    "dma50" : 196.24,
    "dma100" : null,
    "dma200" : 158.32,
    "volume" : 4138.00
  }, {
    "date" : "2025-01-17",
    "price" : 168.40,
    "dma50" : 195.14,
    "dma100" : null,
    "dma200" : 158.42,
    "volume" : 17978.00
  }, {
    "date" : "2025-01-20",
    "price" : 176.80,
    "dma50" : 194.42,
    "dma100" : null,
    "dma200" : 158.60,
    "volume" : 13192.00
  }, {
    "date" : "2025-01-21",
    "price" : 185.60,
    "dma50" : 194.08,
    "dma100" : null,
    "dma200" : 158.87,
    "volume" : 73632.00
  }, {
    "date" : "2025-01-22",
    "price" : 176.40,
    "dma50" : 193.38,
    "dma100" : null,
    "dma200" : 159.04,
    "volume" : 105606.00
  }, {
    "date" : "2025-01-23",
    "price" : 170.85,
    "dma50" : 192.50,
    "dma100" : null,
    "dma200" : 159.16,
    "volume" : 22261.00
  }, {
    "date" : "2025-01-24",
    "price" : 162.75,
    "dma50" : 191.33,
    "dma100" : null,
    "dma200" : 159.20,
    "volume" : 66413.00
  }, {
    "date" : "2025-01-27",
    "price" : 154.65,
    "dma50" : 189.90,
    "dma100" : null,
    "dma200" : 159.15,
    "volume" : 12904.00
  }, {
    "date" : "2025-01-28",
    "price" : 158.60,
    "dma50" : 188.67,
    "dma100" : null,
    "dma200" : 159.15,
    "volume" : 55728.00
  }, {
    "date" : "2025-01-29",
    "price" : 157.00,
    "dma50" : 187.43,
    "dma100" : null,
    "dma200" : 159.13,
    "volume" : 15953.00
  }, {
    "date" : "2025-01-30",
    "price" : 154.75,
    "dma50" : 186.15,
    "dma100" : null,
    "dma200" : 159.08,
    "volume" : 8710.00
  }, {
    "date" : "2025-01-31",
    "price" : 152.35,
    "dma50" : 184.82,
    "dma100" : null,
    "dma200" : 159.01,
    "volume" : 22484.00
  }, {
    "date" : "2025-02-01",
    "price" : 154.55,
    "dma50" : 183.63,
    "dma100" : null,
    "dma200" : 158.97,
    "volume" : 17833.00
  }, {
    "date" : "2025-02-03",
    "price" : 150.75,
    "dma50" : 182.34,
    "dma100" : null,
    "dma200" : 158.89,
    "volume" : 125553.00
  }, {
    "date" : "2025-02-04",
    "price" : 156.50,
    "dma50" : 181.33,
    "dma100" : null,
    "dma200" : 158.86,
    "volume" : 53081.00
  }, {
    "date" : "2025-02-05",
    "price" : 155.10,
    "dma50" : 180.30,
    "dma100" : null,
    "dma200" : 158.83,
    "volume" : 44398.00
  }, {
    "date" : "2025-02-06",
    "price" : 153.15,
    "dma50" : 179.24,
    "dma100" : null,
    "dma200" : 158.77,
    "volume" : 47829.00
  }, {
    "date" : "2025-02-07",
    "price" : 154.65,
    "dma50" : 178.27,
    "dma100" : null,
    "dma200" : 158.73,
    "volume" : 11282.00
  }, {
    "date" : "2025-02-10",
    "price" : 152.15,
    "dma50" : 177.25,
    "dma100" : null,
    "dma200" : 158.66,
    "volume" : 4975.00
  }, {
    "date" : "2025-02-11",
    "price" : 144.55,
    "dma50" : 175.97,
    "dma100" : null,
    "dma200" : 158.52,
    "volume" : 32229.00
  }, {
    "date" : "2025-02-12",
    "price" : 140.50,
    "dma50" : 174.57,
    "dma100" : null,
    "dma200" : 158.34,
    "volume" : 27722.00
  }, {
    "date" : "2025-02-13",
    "price" : 135.75,
    "dma50" : 173.05,
    "dma100" : null,
    "dma200" : 158.12,
    "volume" : 26236.00
  }, {
    "date" : "2025-02-14",
    "price" : 142.50,
    "dma50" : 171.85,
    "dma100" : null,
    "dma200" : 157.96,
    "volume" : 24228.00
  }, {
    "date" : "2025-02-17",
    "price" : 139.45,
    "dma50" : 170.58,
    "dma100" : null,
    "dma200" : 157.78,
    "volume" : 496728.00
  }, {
    "date" : "2025-02-18",
    "price" : 133.80,
    "dma50" : 169.14,
    "dma100" : null,
    "dma200" : 157.54,
    "volume" : 390514.00
  }, {
    "date" : "2025-02-19",
    "price" : 131.65,
    "dma50" : 167.67,
    "dma100" : null,
    "dma200" : 157.28,
    "volume" : 54765.00
  }, {
    "date" : "2025-02-20",
    "price" : 126.90,
    "dma50" : 166.07,
    "dma100" : null,
    "dma200" : 156.98,
    "volume" : 26463.00
  }, {
    "date" : "2025-02-21",
    "price" : 121.70,
    "dma50" : 164.33,
    "dma100" : null,
    "dma200" : 156.63,
    "volume" : 12271.00
  }, {
    "date" : "2025-02-24",
    "price" : 115.65,
    "dma50" : 162.42,
    "dma100" : null,
    "dma200" : 156.22,
    "volume" : 584599.00
  }, {
    "date" : "2025-02-25",
    "price" : 110.05,
    "dma50" : 160.37,
    "dma100" : null,
    "dma200" : 155.76,
    "volume" : 62538.00
  }, {
    "date" : "2025-02-27",
    "price" : 104.60,
    "dma50" : 158.18,
    "dma100" : null,
    "dma200" : 155.25,
    "volume" : 29002.00
  }, {
    "date" : "2025-02-28",
    "price" : 99.40,
    "dma50" : 155.88,
    "dma100" : null,
    "dma200" : 154.70,
    "volume" : 27553.00
  }, {
    "date" : "2025-03-03",
    "price" : 99.62,
    "dma50" : 153.67,
    "dma100" : null,
    "dma200" : 154.15,
    "volume" : 71417.00
  }, {
    "date" : "2025-03-04",
    "price" : 104.60,
    "dma50" : 151.75,
    "dma100" : null,
    "dma200" : 153.66,
    "volume" : 22944.00
  }, {
    "date" : "2025-03-05",
    "price" : 109.83,
    "dma50" : 150.10,
    "dma100" : null,
    "dma200" : 153.22,
    "volume" : 22616.00
  }, {
    "date" : "2025-03-06",
    "price" : 115.32,
    "dma50" : 148.74,
    "dma100" : null,
    "dma200" : 152.84,
    "volume" : 1903.00
  }, {
    "date" : "2025-03-07",
    "price" : 121.08,
    "dma50" : 147.65,
    "dma100" : null,
    "dma200" : 152.53,
    "volume" : 9890.00
  }, {
    "date" : "2025-03-10",
    "price" : 127.10,
    "dma50" : 146.85,
    "dma100" : null,
    "dma200" : 152.28,
    "volume" : 55800.00
  }, {
    "date" : "2025-03-11",
    "price" : 124.11,
    "dma50" : 145.96,
    "dma100" : null,
    "dma200" : 151.99,
    "volume" : 28716.00
  }, {
    "date" : "2025-03-12",
    "price" : 129.02,
    "dma50" : 145.29,
    "dma100" : null,
    "dma200" : 151.77,
    "volume" : 43966.00
  }, {
    "date" : "2025-03-13",
    "price" : 128.05,
    "dma50" : 144.62,
    "dma100" : null,
    "dma200" : 151.53,
    "volume" : 76199.00
  }, {
    "date" : "2025-03-17",
    "price" : 131.65,
    "dma50" : 144.11,
    "dma100" : null,
    "dma200" : 151.33,
    "volume" : 19164.00
  }, {
    "date" : "2025-03-18",
    "price" : 136.47,
    "dma50" : 143.81,
    "dma100" : null,
    "dma200" : 151.18,
    "volume" : 47575.00
  }, {
    "date" : "2025-03-19",
    "price" : 140.90,
    "dma50" : 143.69,
    "dma100" : null,
    "dma200" : 151.08,
    "volume" : 35397.00
  }, {
    "date" : "2025-03-20",
    "price" : 136.86,
    "dma50" : 143.43,
    "dma100" : null,
    "dma200" : 150.94,
    "volume" : 773257.00
  }, {
    "date" : "2025-03-21",
    "price" : 136.56,
    "dma50" : 143.16,
    "dma100" : null,
    "dma200" : 150.80,
    "volume" : 72075.00
  }, {
    "date" : "2025-03-24",
    "price" : 142.15,
    "dma50" : 143.12,
    "dma100" : null,
    "dma200" : 150.71,
    "volume" : 34726.00
  }, {
    "date" : "2025-03-25",
    "price" : 138.24,
    "dma50" : 142.93,
    "dma100" : null,
    "dma200" : 150.59,
    "volume" : 35446.00
  }, {
    "date" : "2025-03-26",
    "price" : 135.95,
    "dma50" : 142.65,
    "dma100" : null,
    "dma200" : 150.44,
    "volume" : 20347.00
  }, {
    "date" : "2025-03-27",
    "price" : 142.71,
    "dma50" : 142.65,
    "dma100" : null,
    "dma200" : 150.36,
    "volume" : 194789.00
  }, {
    "date" : "2025-03-28",
    "price" : 140.33,
    "dma50" : 142.56,
    "dma100" : null,
    "dma200" : 150.27,
    "volume" : 39595.00
  }, {
    "date" : "2025-04-01",
    "price" : 143.05,
    "dma50" : 142.58,
    "dma100" : null,
    "dma200" : 150.19,
    "volume" : 14531.00
  }, {
    "date" : "2025-04-02",
    "price" : 145.65,
    "dma50" : 142.70,
    "dma100" : null,
    "dma200" : 150.15,
    "volume" : 237495.00
  }, {
    "date" : "2025-04-03",
    "price" : 144.65,
    "dma50" : 142.78,
    "dma100" : null,
    "dma200" : 150.09,
    "volume" : 18483.00
  }, {
    "date" : "2025-04-04",
    "price" : 140.60,
    "dma50" : 142.69,
    "dma100" : null,
    "dma200" : 150.00,
    "volume" : 40241.00
  }, {
    "date" : "2025-04-07",
    "price" : 130.55,
    "dma50" : 142.22,
    "dma100" : null,
    "dma200" : 149.81,
    "volume" : 47017.00
  }, {
    "date" : "2025-04-08",
    "price" : 142.00,
    "dma50" : 142.21,
    "dma100" : null,
    "dma200" : 149.73,
    "volume" : 17236.00
  }, {
    "date" : "2025-04-09",
    "price" : 142.20,
    "dma50" : 142.21,
    "dma100" : null,
    "dma200" : 149.65,
    "volume" : 12376.00
  }, {
    "date" : "2025-04-11",
    "price" : 144.25,
    "dma50" : 142.29,
    "dma100" : null,
    "dma200" : 149.60,
    "volume" : 38187.00
  }, {
    "date" : "2025-04-15",
    "price" : 155.70,
    "dma50" : 142.81,
    "dma100" : null,
    "dma200" : 149.66,
    "volume" : 90924.00
  }, {
    "date" : "2025-04-16",
    "price" : 159.80,
    "dma50" : 143.48,
    "dma100" : null,
    "dma200" : 149.76,
    "volume" : 31419.00
  }, {
    "date" : "2025-04-17",
    "price" : 160.50,
    "dma50" : 144.15,
    "dma100" : null,
    "dma200" : 149.87,
    "volume" : 181594.00
  }, {
    "date" : "2025-04-21",
    "price" : 161.55,
    "dma50" : 144.83,
    "dma100" : null,
    "dma200" : 149.98,
    "volume" : 55313.00
  }, {
    "date" : "2025-04-22",
    "price" : 158.45,
    "dma50" : 145.36,
    "dma100" : null,
    "dma200" : 150.07,
    "volume" : 46814.00
  }, {
    "date" : "2025-04-23",
    "price" : 159.00,
    "dma50" : 145.90,
    "dma100" : null,
    "dma200" : 150.16,
    "volume" : 27414.00
  }, {
    "date" : "2025-04-24",
    "price" : 157.65,
    "dma50" : 146.36,
    "dma100" : null,
    "dma200" : 150.23,
    "volume" : 36559.00
  }, {
    "date" : "2025-04-25",
    "price" : 149.20,
    "dma50" : 146.47,
    "dma100" : null,
    "dma200" : 150.22,
    "volume" : 42419.00
  }, {
    "date" : "2025-04-28",
    "price" : 149.40,
    "dma50" : 146.59,
    "dma100" : null,
    "dma200" : 150.21,
    "volume" : 26905.00
  }, {
    "date" : "2025-04-29",
    "price" : 143.75,
    "dma50" : 146.48,
    "dma100" : null,
    "dma200" : 150.15,
    "volume" : 22931.00
  }, {
    "date" : "2025-04-30",
    "price" : 135.90,
    "dma50" : 146.06,
    "dma100" : null,
    "dma200" : 150.01,
    "volume" : 22831.00
  }, {
    "date" : "2025-05-02",
    "price" : 141.60,
    "dma50" : 145.89,
    "dma100" : null,
    "dma200" : 149.92,
    "volume" : 31669.00
  }, {
    "date" : "2025-05-05",
    "price" : 138.90,
    "dma50" : 145.61,
    "dma100" : null,
    "dma200" : 149.81,
    "volume" : 22791.00
  }, {
    "date" : "2025-05-06",
    "price" : 128.75,
    "dma50" : 144.95,
    "dma100" : null,
    "dma200" : 149.60,
    "volume" : 30011.00
  }, {
    "date" : "2025-05-07",
    "price" : 129.85,
    "dma50" : 144.36,
    "dma100" : null,
    "dma200" : 149.41,
    "volume" : 32749.00
  }, {
    "date" : "2025-05-08",
    "price" : 128.25,
    "dma50" : 143.73,
    "dma100" : null,
    "dma200" : 149.20,
    "volume" : 56867.00
  }, {
    "date" : "2025-05-09",
    "price" : 121.15,
    "dma50" : 142.84,
    "dma100" : 152.61,
    "dma200" : 148.92,
    "volume" : 43517.00
  }, {
    "date" : "2025-05-12",
    "price" : 137.70,
    "dma50" : 142.64,
    "dma100" : 151.76,
    "dma200" : 148.81,
    "volume" : 57107.00
  }, {
    "date" : "2025-05-13",
    "price" : 136.65,
    "dma50" : 142.40,
    "dma100" : 151.00,
    "dma200" : 148.69,
    "volume" : 24990.00
  }, {
    "date" : "2025-05-14",
    "price" : 137.15,
    "dma50" : 142.20,
    "dma100" : 150.35,
    "dma200" : 148.57,
    "volume" : 30931.00
  }, {
    "date" : "2025-05-15",
    "price" : 139.45,
    "dma50" : 142.09,
    "dma100" : 149.81,
    "dma200" : 148.48,
    "volume" : 57956.00
  }, {
    "date" : "2025-05-16",
    "price" : 134.35,
    "dma50" : 141.79,
    "dma100" : 149.12,
    "dma200" : 148.34,
    "volume" : 75246.00
  }, {
    "date" : "2025-05-19",
    "price" : 129.35,
    "dma50" : 141.30,
    "dma100" : 148.27,
    "dma200" : 148.15,
    "volume" : 98041.00
  }, {
    "date" : "2025-05-20",
    "price" : 126.05,
    "dma50" : 140.70,
    "dma100" : 147.35,
    "dma200" : 147.93,
    "volume" : 65056.00
  }, {
    "date" : "2025-05-21",
    "price" : 124.60,
    "dma50" : 140.07,
    "dma100" : 146.52,
    "dma200" : 147.70,
    "volume" : 17980.00
  }, {
    "date" : "2025-05-22",
    "price" : 124.10,
    "dma50" : 139.44,
    "dma100" : 145.77,
    "dma200" : 147.46,
    "volume" : 9533.00
  }, {
    "date" : "2025-05-23",
    "price" : 120.05,
    "dma50" : 138.68,
    "dma100" : 144.98,
    "dma200" : 147.19,
    "volume" : 27554.00
  }, {
    "date" : "2025-05-26",
    "price" : 121.45,
    "dma50" : 138.01,
    "dma100" : 144.20,
    "dma200" : 146.93,
    "volume" : 30203.00
  }, {
    "date" : "2025-05-27",
    "price" : 120.45,
    "dma50" : 137.32,
    "dma100" : 143.50,
    "dma200" : 146.67,
    "volume" : 101808.00
  }, {
    "date" : "2025-05-28",
    "price" : 118.20,
    "dma50" : 136.57,
    "dma100" : 142.81,
    "dma200" : 146.39,
    "volume" : 77629.00
  }, {
    "date" : "2025-05-29",
    "price" : 119.80,
    "dma50" : 135.91,
    "dma100" : 142.12,
    "dma200" : 146.12,
    "volume" : 142838.00
  }, {
    "date" : "2025-05-30",
    "price" : 119.10,
    "dma50" : 135.25,
    "dma100" : 141.47,
    "dma200" : 145.85,
    "volume" : 151251.00
  }, {
    "date" : "2025-06-02",
    "price" : 116.45,
    "dma50" : 134.51,
    "dma100" : 140.80,
    "dma200" : 145.56,
    "volume" : 128713.00
  }, {
    "date" : "2025-06-03",
    "price" : 118.00,
    "dma50" : 133.87,
    "dma100" : 140.17,
    "dma200" : 145.29,
    "volume" : 191896.00
  }, {
    "date" : "2025-06-04",
    "price" : 116.50,
    "dma50" : 133.19,
    "dma100" : 139.59,
    "dma200" : 145.00,
    "volume" : 198734.00
  }, {
    "date" : "2025-06-05",
    "price" : 115.80,
    "dma50" : 132.50,
    "dma100" : 139.08,
    "dma200" : 144.71,
    "volume" : 15103.00
  }, {
    "date" : "2025-06-06",
    "price" : 121.70,
    "dma50" : 132.08,
    "dma100" : 138.63,
    "dma200" : 144.48,
    "volume" : 60399.00
  }, {
    "date" : "2025-06-09",
    "price" : 122.80,
    "dma50" : 131.72,
    "dma100" : 138.26,
    "dma200" : 144.27,
    "volume" : 17746.00
  }, {
    "date" : "2025-06-10",
    "price" : 117.90,
    "dma50" : 131.17,
    "dma100" : 137.91,
    "dma200" : 144.00,
    "volume" : 17457.00
  }, {
    "date" : "2025-06-11",
    "price" : 118.75,
    "dma50" : 130.69,
    "dma100" : 137.64,
    "dma200" : 143.75,
    "volume" : 10010.00
  }, {
    "date" : "2025-06-12",
    "price" : 116.00,
    "dma50" : 130.11,
    "dma100" : 137.27,
    "dma200" : 143.48,
    "volume" : 16984.00
  }, {
    "date" : "2025-06-13",
    "price" : 116.20,
    "dma50" : 129.57,
    "dma100" : 136.83,
    "dma200" : 143.20,
    "volume" : 17132.00
  }, {
    "date" : "2025-06-16",
    "price" : 112.25,
    "dma50" : 128.89,
    "dma100" : 136.27,
    "dma200" : 142.90,
    "volume" : 35981.00
  }, {
    "date" : "2025-06-17",
    "price" : 111.50,
    "dma50" : 128.21,
    "dma100" : 135.62,
    "dma200" : 142.58,
    "volume" : 13414.00
  }, {
    "date" : "2025-06-18",
    "price" : 111.65,
    "dma50" : 127.56,
    "dma100" : 134.88,
    "dma200" : 142.28,
    "volume" : 9725.00
  }, {
    "date" : "2025-06-19",
    "price" : 107.85,
    "dma50" : 126.78,
    "dma100" : 134.19,
    "dma200" : 141.93,
    "volume" : 31364.00
  }, {
    "date" : "2025-06-20",
    "price" : 105.75,
    "dma50" : 125.96,
    "dma100" : 133.54,
    "dma200" : 141.57,
    "volume" : 119926.00
  }, {
    "date" : "2025-06-23",
    "price" : 104.80,
    "dma50" : 125.13,
    "dma100" : 132.96,
    "dma200" : 141.21,
    "volume" : 13922.00
  }, {
    "date" : "2025-06-24",
    "price" : 104.80,
    "dma50" : 124.33,
    "dma100" : 132.46,
    "dma200" : 140.85,
    "volume" : 18230.00
  }, {
    "date" : "2025-06-25",
    "price" : 104.90,
    "dma50" : 123.57,
    "dma100" : 131.92,
    "dma200" : 140.49,
    "volume" : 29181.00
  }, {
    "date" : "2025-06-26",
    "price" : 103.85,
    "dma50" : 122.80,
    "dma100" : 131.39,
    "dma200" : 140.12,
    "volume" : 28685.00
  }, {
    "date" : "2025-06-27",
    "price" : 109.75,
    "dma50" : 122.28,
    "dma100" : 130.94,
    "dma200" : 139.82,
    "volume" : 53529.00
  }, {
    "date" : "2025-06-30",
    "price" : 119.80,
    "dma50" : 122.19,
    "dma100" : 130.62,
    "dma200" : 139.62,
    "volume" : 47849.00
  }, {
    "date" : "2025-07-01",
    "price" : 119.40,
    "dma50" : 122.08,
    "dma100" : 130.27,
    "dma200" : 139.42,
    "volume" : 22605.00
  }, {
    "date" : "2025-07-02",
    "price" : 117.05,
    "dma50" : 121.88,
    "dma100" : 129.93,
    "dma200" : 139.20,
    "volume" : 22451.00
  }, {
    "date" : "2025-07-03",
    "price" : 119.75,
    "dma50" : 121.80,
    "dma100" : 129.56,
    "dma200" : 139.00,
    "volume" : 13562.00
  }, {
    "date" : "2025-07-04",
    "price" : 119.70,
    "dma50" : 121.71,
    "dma100" : 129.21,
    "dma200" : 138.81,
    "volume" : 21159.00
  }, {
    "date" : "2025-07-07",
    "price" : 113.20,
    "dma50" : 121.38,
    "dma100" : 128.81,
    "dma200" : 138.56,
    "volume" : 41816.00
  }, {
    "date" : "2025-07-08",
    "price" : 111.25,
    "dma50" : 120.98,
    "dma100" : 128.37,
    "dma200" : 138.29,
    "volume" : 17076.00
  }, {
    "date" : "2025-07-09",
    "price" : 111.60,
    "dma50" : 120.62,
    "dma100" : 127.97,
    "dma200" : 138.02,
    "volume" : 11488.00
  }, {
    "date" : "2025-07-10",
    "price" : 111.40,
    "dma50" : 120.25,
    "dma100" : 127.64,
    "dma200" : 137.76,
    "volume" : 10060.00
  }, {
    "date" : "2025-07-11",
    "price" : 111.70,
    "dma50" : 119.92,
    "dma100" : 127.35,
    "dma200" : 137.50,
    "volume" : 5321.00
  }, {
    "date" : "2025-07-14",
    "price" : 112.30,
    "dma50" : 119.62,
    "dma100" : 127.11,
    "dma200" : 137.25,
    "volume" : 16240.00
  }, {
    "date" : "2025-07-15",
    "price" : 113.00,
    "dma50" : 119.36,
    "dma100" : 126.82,
    "dma200" : 137.00,
    "volume" : 10033.00
  }, {
    "date" : "2025-07-16",
    "price" : 113.20,
    "dma50" : 119.12,
    "dma100" : 126.56,
    "dma200" : 136.77,
    "volume" : 15503.00
  }, {
    "date" : "2025-07-17",
    "price" : 113.20,
    "dma50" : 118.89,
    "dma100" : 126.35,
    "dma200" : 136.53,
    "volume" : 18804.00
  }, {
    "date" : "2025-07-18",
    "price" : 112.35,
    "dma50" : 118.63,
    "dma100" : 126.16,
    "dma200" : 136.29,
    "volume" : 10166.00
  }, {
    "date" : "2025-07-21",
    "price" : 111.50,
    "dma50" : 118.35,
    "dma100" : 126.00,
    "dma200" : 136.05,
    "volume" : 8583.00
  }, {
    "date" : "2025-07-22",
    "price" : 116.50,
    "dma50" : 118.28,
    "dma100" : 125.95,
    "dma200" : 135.85,
    "volume" : 87098.00
  }, {
    "date" : "2025-07-23",
    "price" : 116.25,
    "dma50" : 118.20,
    "dma100" : 125.96,
    "dma200" : 135.66,
    "volume" : 15993.00
  }, {
    "date" : "2025-07-24",
    "price" : 119.35,
    "dma50" : 118.24,
    "dma100" : 126.05,
    "dma200" : 135.49,
    "volume" : 29233.00
  }, {
    "date" : "2025-07-25",
    "price" : 125.80,
    "dma50" : 118.54,
    "dma100" : 126.26,
    "dma200" : 135.40,
    "volume" : 59427.00
  }, {
    "date" : "2025-07-28",
    "price" : 122.50,
    "dma50" : 118.70,
    "dma100" : 126.49,
    "dma200" : 135.27,
    "volume" : 26576.00
  }, {
    "date" : "2025-07-29",
    "price" : 140.00,
    "dma50" : 119.53,
    "dma100" : 126.90,
    "dma200" : 135.32,
    "volume" : 411419.00
  }, {
    "date" : "2025-07-30",
    "price" : 137.90,
    "dma50" : 120.25,
    "dma100" : 127.23,
    "dma200" : 135.34,
    "volume" : 77293.00
  }, {
    "date" : "2025-07-31",
    "price" : 130.20,
    "dma50" : 120.64,
    "dma100" : 127.43,
    "dma200" : 135.29,
    "volume" : 100062.00
  }, {
    "date" : "2025-08-01",
    "price" : 115.10,
    "dma50" : 120.42,
    "dma100" : 127.43,
    "dma200" : 135.09,
    "volume" : 178534.00
  }, {
    "date" : "2025-08-04",
    "price" : 122.15,
    "dma50" : 120.49,
    "dma100" : 127.44,
    "dma200" : 134.96,
    "volume" : 65198.00
  }, {
    "date" : "2025-08-05",
    "price" : 125.45,
    "dma50" : 120.69,
    "dma100" : 127.43,
    "dma200" : 134.87,
    "volume" : 36492.00
  }, {
    "date" : "2025-08-06",
    "price" : 127.00,
    "dma50" : 120.93,
    "dma100" : 127.45,
    "dma200" : 134.79,
    "volume" : 30807.00
  }, {
    "date" : "2025-08-07",
    "price" : 124.35,
    "dma50" : 121.07,
    "dma100" : 127.41,
    "dma200" : 134.68,
    "volume" : 120715.00
  }, {
    "date" : "2025-08-08",
    "price" : 121.00,
    "dma50" : 121.07,
    "dma100" : 127.34,
    "dma200" : 134.55,
    "volume" : 10086.00
  }, {
    "date" : "2025-08-11",
    "price" : 125.15,
    "dma50" : 121.23,
    "dma100" : 127.27,
    "dma200" : 134.45,
    "volume" : 32205.00
  }, {
    "date" : "2025-08-12",
    "price" : 129.35,
    "dma50" : 121.54,
    "dma100" : 127.20,
    "dma200" : 134.40,
    "volume" : 15743.00
  }, {
    "date" : "2025-08-13",
    "price" : 128.20,
    "dma50" : 121.80,
    "dma100" : 127.07,
    "dma200" : 134.34,
    "volume" : 33229.00
  }, {
    "date" : "2025-08-14",
    "price" : 128.05,
    "dma50" : 122.05,
    "dma100" : 126.99,
    "dma200" : 134.28,
    "volume" : 12986.00
  }, {
    "date" : "2025-08-18",
    "price" : 127.45,
    "dma50" : 122.26,
    "dma100" : 126.90,
    "dma200" : 134.21,
    "volume" : 16651.00
  }, {
    "date" : "2025-08-19",
    "price" : 127.10,
    "dma50" : 122.45,
    "dma100" : 126.74,
    "dma200" : 134.14,
    "volume" : 6595.00
  }, {
    "date" : "2025-08-20",
    "price" : 127.80,
    "dma50" : 122.66,
    "dma100" : 126.64,
    "dma200" : 134.08,
    "volume" : 8034.00
  }, {
    "date" : "2025-08-21",
    "price" : 127.45,
    "dma50" : 122.85,
    "dma100" : 126.56,
    "dma200" : 134.01,
    "volume" : 10564.00
  }, {
    "date" : "2025-08-22",
    "price" : 125.80,
    "dma50" : 122.96,
    "dma100" : 126.39,
    "dma200" : 133.93,
    "volume" : 14290.00
  }, {
    "date" : "2025-08-25",
    "price" : 123.50,
    "dma50" : 122.99,
    "dma100" : 126.22,
    "dma200" : 133.83,
    "volume" : 8469.00
  }, {
    "date" : "2025-08-26",
    "price" : 123.95,
    "dma50" : 123.02,
    "dma100" : 126.03,
    "dma200" : 133.73,
    "volume" : 8430.00
  }, {
    "date" : "2025-08-28",
    "price" : 122.15,
    "dma50" : 122.99,
    "dma100" : 125.79,
    "dma200" : 133.61,
    "volume" : 145373.00
  }, {
    "date" : "2025-08-29",
    "price" : 117.65,
    "dma50" : 122.78,
    "dma100" : 125.52,
    "dma200" : 133.45,
    "volume" : 13555.00
  }, {
    "date" : "2025-09-01",
    "price" : 121.20,
    "dma50" : 122.72,
    "dma100" : 125.33,
    "dma200" : 133.33,
    "volume" : 10306.00
  }, {
    "date" : "2025-09-02",
    "price" : 123.05,
    "dma50" : 122.73,
    "dma100" : 125.25,
    "dma200" : 133.23,
    "volume" : 19361.00
  }, {
    "date" : "2025-09-03",
    "price" : 122.85,
    "dma50" : 122.74,
    "dma100" : 125.06,
    "dma200" : 133.13,
    "volume" : 5278.00
  }, {
    "date" : "2025-09-04",
    "price" : 124.65,
    "dma50" : 122.81,
    "dma100" : 124.89,
    "dma200" : 133.04,
    "volume" : 163832.00
  }, {
    "date" : "2025-09-05",
    "price" : 123.65,
    "dma50" : 122.84,
    "dma100" : 124.68,
    "dma200" : 132.95,
    "volume" : 20990.00
  }, {
    "date" : "2025-09-08",
    "price" : 123.05,
    "dma50" : 122.85,
    "dma100" : 124.35,
    "dma200" : 132.85,
    "volume" : 6110.00
  }, {
    "date" : "2025-09-09",
    "price" : 122.55,
    "dma50" : 122.84,
    "dma100" : 123.98,
    "dma200" : 132.75,
    "volume" : 7675.00
  }, {
    "date" : "2025-09-10",
    "price" : 120.65,
    "dma50" : 122.75,
    "dma100" : 123.58,
    "dma200" : 132.63,
    "volume" : 12052.00
  }, {
    "date" : "2025-09-11",
    "price" : 124.60,
    "dma50" : 122.83,
    "dma100" : 123.21,
    "dma200" : 132.55,
    "volume" : 49273.00
  }, {
    "date" : "2025-09-12",
    "price" : 124.25,
    "dma50" : 122.88,
    "dma100" : 122.87,
    "dma200" : 132.46,
    "volume" : 146525.00
  }, {
    "date" : "2025-09-15",
    "price" : 123.70,
    "dma50" : 122.91,
    "dma100" : 122.52,
    "dma200" : 132.38,
    "volume" : 127549.00
  }, {
    "date" : "2025-09-16",
    "price" : 119.75,
    "dma50" : 122.79,
    "dma100" : 122.14,
    "dma200" : 132.25,
    "volume" : 73476.00
  }, {
    "date" : "2025-09-17",
    "price" : 123.40,
    "dma50" : 122.81,
    "dma100" : 121.88,
    "dma200" : 132.16,
    "volume" : 34545.00
  }, {
    "date" : "2025-09-18",
    "price" : 123.65,
    "dma50" : 122.85,
    "dma100" : 121.62,
    "dma200" : 132.08,
    "volume" : 8782.00
  }, {
    "date" : "2025-09-19",
    "price" : 123.15,
    "dma50" : 122.86,
    "dma100" : 121.42,
    "dma200" : 131.99,
    "volume" : 22883.00
  }, {
    "date" : "2025-09-22",
    "price" : 123.05,
    "dma50" : 122.87,
    "dma100" : 121.29,
    "dma200" : 131.90,
    "volume" : 43522.00
  }, {
    "date" : "2025-09-23",
    "price" : 128.75,
    "dma50" : 123.10,
    "dma100" : 121.16,
    "dma200" : 131.87,
    "volume" : 95635.00
  }, {
    "date" : "2025-09-24",
    "price" : 130.45,
    "dma50" : 123.39,
    "dma100" : 121.08,
    "dma200" : 131.86,
    "volume" : 23832.00
  }, {
    "date" : "2025-09-25",
    "price" : 130.55,
    "dma50" : 123.67,
    "dma100" : 121.09,
    "dma200" : 131.84,
    "volume" : 46933.00
  }, {
    "date" : "2025-09-26",
    "price" : 130.00,
    "dma50" : 123.91,
    "dma100" : 121.10,
    "dma200" : 131.82,
    "volume" : 18189.00
  }, {
    "date" : "2025-09-29",
    "price" : 134.00,
    "dma50" : 124.31,
    "dma100" : 121.15,
    "dma200" : 131.85,
    "volume" : 288721.00
  }, {
    "date" : "2025-09-30",
    "price" : 133.70,
    "dma50" : 124.68,
    "dma100" : 121.28,
    "dma200" : 131.86,
    "volume" : 18400.00
  }, {
    "date" : "2025-10-01",
    "price" : 132.50,
    "dma50" : 124.99,
    "dma100" : 121.23,
    "dma200" : 131.87,
    "volume" : 96191.00
  }, {
    "date" : "2025-10-03",
    "price" : 130.20,
    "dma50" : 125.19,
    "dma100" : 121.16,
    "dma200" : 131.85,
    "volume" : 88921.00
  }, {
    "date" : "2025-10-06",
    "price" : 139.70,
    "dma50" : 125.76,
    "dma100" : 121.19,
    "dma200" : 131.93,
    "volume" : 490207.00
  }, {
    "date" : "2025-10-07",
    "price" : 145.15,
    "dma50" : 126.52,
    "dma100" : 121.24,
    "dma200" : 132.06,
    "volume" : 217194.00
  }, {
    "date" : "2025-10-08",
    "price" : 144.85,
    "dma50" : 127.24,
    "dma100" : 121.35,
    "dma200" : 132.19,
    "volume" : 113665.00
  }, {
    "date" : "2025-10-09",
    "price" : 145.05,
    "dma50" : 127.94,
    "dma100" : 121.51,
    "dma200" : 132.32,
    "volume" : 213944.00
  }, {
    "date" : "2025-10-10",
    "price" : 148.65,
    "dma50" : 128.75,
    "dma100" : 121.73,
    "dma200" : 132.48,
    "volume" : 107255.00
  }, {
    "date" : "2025-10-13",
    "price" : 148.95,
    "dma50" : 129.54,
    "dma100" : 121.98,
    "dma200" : 132.65,
    "volume" : 289533.00
  }, {
    "date" : "2025-10-14",
    "price" : 148.60,
    "dma50" : 130.29,
    "dma100" : 122.22,
    "dma200" : 132.80,
    "volume" : 192192.00
  }, {
    "date" : "2025-10-15",
    "price" : 150.35,
    "dma50" : 131.08,
    "dma100" : 122.52,
    "dma200" : 132.98,
    "volume" : 188330.00
  }, {
    "date" : "2025-10-16",
    "price" : 160.20,
    "dma50" : 132.22,
    "dma100" : 122.91,
    "dma200" : 133.25,
    "volume" : 181115.00
  }, {
    "date" : "2025-10-17",
    "price" : 162.60,
    "dma50" : 133.41,
    "dma100" : 123.33,
    "dma200" : 133.54,
    "volume" : 107455.00
  }, {
    "date" : "2025-10-20",
    "price" : 164.90,
    "dma50" : 134.64,
    "dma100" : 123.80,
    "dma200" : 133.85,
    "volume" : 134880.00
  }, {
    "date" : "2025-10-21",
    "price" : 168.30,
    "dma50" : 135.96,
    "dma100" : 124.29,
    "dma200" : 134.20,
    "volume" : 18919.00
  }, {
    "date" : "2025-10-23",
    "price" : 167.25,
    "dma50" : 137.19,
    "dma100" : 124.77,
    "dma200" : 134.53,
    "volume" : 112572.00
  }, {
    "date" : "2025-10-24",
    "price" : 158.80,
    "dma50" : 138.04,
    "dma100" : 125.19,
    "dma200" : 134.77,
    "volume" : 168479.00
  }, {
    "date" : "2025-10-27",
    "price" : 160.65,
    "dma50" : 138.92,
    "dma100" : 125.62,
    "dma200" : 135.02,
    "volume" : 80869.00
  }, {
    "date" : "2025-10-28",
    "price" : 160.75,
    "dma50" : 139.78,
    "dma100" : 126.06,
    "dma200" : 135.28,
    "volume" : 60210.00
  }, {
    "date" : "2025-10-29",
    "price" : 163.50,
    "dma50" : 140.71,
    "dma100" : 126.54,
    "dma200" : 135.56,
    "volume" : 47891.00
  }, {
    "date" : "2025-10-30",
    "price" : 164.05,
    "dma50" : 141.63,
    "dma100" : 126.96,
    "dma200" : 135.84,
    "volume" : 123458.00
  }, {
    "date" : "2025-10-31",
    "price" : 165.15,
    "dma50" : 142.55,
    "dma100" : 127.38,
    "dma200" : 136.14,
    "volume" : 86344.00
  }, {
    "date" : "2025-11-03",
    "price" : 162.60,
    "dma50" : 143.33,
    "dma100" : 127.83,
    "dma200" : 136.40,
    "volume" : 71036.00
  }, {
    "date" : "2025-11-04",
    "price" : 166.05,
    "dma50" : 144.23,
    "dma100" : 128.30,
    "dma200" : 136.69,
    "volume" : 2024966.00
  }, {
    "date" : "2025-11-06",
    "price" : 162.75,
    "dma50" : 144.95,
    "dma100" : 128.77,
    "dma200" : 136.95,
    "volume" : 120609.00
  }, {
    "date" : "2025-11-07",
    "price" : 164.25,
    "dma50" : 145.71,
    "dma100" : 129.25,
    "dma200" : 137.23,
    "volume" : 437008.00
  }, {
    "date" : "2025-11-10",
    "price" : 163.65,
    "dma50" : 146.41,
    "dma100" : 129.77,
    "dma200" : 137.49,
    "volume" : 120333.00
  }, {
    "date" : "2025-11-11",
    "price" : 160.25,
    "dma50" : 146.96,
    "dma100" : 130.25,
    "dma200" : 137.71,
    "volume" : 30848.00
  }, {
    "date" : "2025-11-12",
    "price" : 159.20,
    "dma50" : 147.44,
    "dma100" : 130.73,
    "dma200" : 137.93,
    "volume" : 49684.00
  }, {
    "date" : "2025-11-13",
    "price" : 157.75,
    "dma50" : 147.84,
    "dma100" : 131.23,
    "dma200" : 138.13,
    "volume" : 191454.00
  }, {
    "date" : "2025-11-14",
    "price" : 152.10,
    "dma50" : 148.01,
    "dma100" : 131.69,
    "dma200" : 138.26,
    "volume" : 107134.00
  }, {
    "date" : "2025-11-17",
    "price" : 151.60,
    "dma50" : 148.15,
    "dma100" : 132.16,
    "dma200" : 138.40,
    "volume" : 88016.00
  }, {
    "date" : "2025-11-18",
    "price" : 154.10,
    "dma50" : 148.38,
    "dma100" : 132.65,
    "dma200" : 138.55,
    "volume" : 82677.00
  }, {
    "date" : "2025-11-19",
    "price" : 151.05,
    "dma50" : 148.49,
    "dma100" : 133.11,
    "dma200" : 138.68,
    "volume" : 66152.00
  }, {
    "date" : "2025-11-20",
    "price" : 152.75,
    "dma50" : 148.65,
    "dma100" : 133.60,
    "dma200" : 138.82,
    "volume" : 83339.00
  }, {
    "date" : "2025-11-21",
    "price" : 161.95,
    "dma50" : 149.17,
    "dma100" : 134.12,
    "dma200" : 139.05,
    "volume" : 245894.00
  }, {
    "date" : "2025-11-24",
    "price" : 166.05,
    "dma50" : 149.84,
    "dma100" : 134.59,
    "dma200" : 139.32,
    "volume" : 636461.00
  }, {
    "date" : "2025-11-25",
    "price" : 160.05,
    "dma50" : 150.24,
    "dma100" : 134.99,
    "dma200" : 139.52,
    "volume" : 131871.00
  }, {
    "date" : "2025-11-26",
    "price" : 167.90,
    "dma50" : 150.93,
    "dma100" : 135.50,
    "dma200" : 139.81,
    "volume" : 105332.00
  }, {
    "date" : "2025-11-27",
    "price" : 165.20,
    "dma50" : 151.49,
    "dma100" : 135.96,
    "dma200" : 140.06,
    "volume" : 77606.00
  }, {
    "date" : "2025-11-28",
    "price" : 162.75,
    "dma50" : 151.93,
    "dma100" : 136.39,
    "dma200" : 140.28,
    "volume" : 87444.00
  }, {
    "date" : "2025-12-01",
    "price" : 161.45,
    "dma50" : 152.30,
    "dma100" : 136.87,
    "dma200" : 140.49,
    "volume" : 62050.00
  }, {
    "date" : "2025-12-02",
    "price" : 158.75,
    "dma50" : 152.56,
    "dma100" : 137.34,
    "dma200" : 140.68,
    "volume" : 82814.00
  }, {
    "date" : "2025-12-03",
    "price" : 159.30,
    "dma50" : 152.82,
    "dma100" : 137.82,
    "dma200" : 140.86,
    "volume" : 81813.00
  }, {
    "date" : "2025-12-04",
    "price" : 157.30,
    "dma50" : 153.00,
    "dma100" : 138.28,
    "dma200" : 141.03,
    "volume" : 81654.00
  }, {
    "date" : "2025-12-05",
    "price" : 157.00,
    "dma50" : 153.15,
    "dma100" : 138.73,
    "dma200" : 141.18,
    "volume" : 60322.00
  }, {
    "date" : "2025-12-08",
    "price" : 159.30,
    "dma50" : 153.39,
    "dma100" : 139.20,
    "dma200" : 141.36,
    "volume" : 70579.00
  }, {
    "date" : "2025-12-09",
    "price" : 163.60,
    "dma50" : 153.80,
    "dma100" : 139.71,
    "dma200" : 141.59,
    "volume" : 69831.00
  }, {
    "date" : "2025-12-10",
    "price" : 161.25,
    "dma50" : 154.09,
    "dma100" : 140.19,
    "dma200" : 141.78,
    "volume" : 203578.00
  }, {
    "date" : "2025-12-11",
    "price" : 162.00,
    "dma50" : 154.40,
    "dma100" : 140.68,
    "dma200" : 141.98,
    "volume" : 74274.00
  } ],
  "latestTechnicalAttributes" : {
    "date" : "2025-12-11",
    "price" : 162.00,
    "dma50" : 154.40,
    "dma100" : 140.68,
    "dma200" : 141.98,
    "volume" : 74274.00
  },
  "quarterlyResults" : [ {
    "date" : "2005-03-31",
    "sales" : 0.08,
    "salesGrowthYoY" : null,
    "grossProfitMargin" : 100.00,
    "grossProfit" : 0.08,
    "operatingProfitMargin" : -25.00,
    "operatingProfit" : -0.02,
    "netProfitMargin" : 25.00,
    "netProfit" : 0.02
  }, {
    "date" : "2005-06-30",
    "sales" : 0.01,
    "salesGrowthYoY" : null,
    "grossProfitMargin" : 100.00,
    "grossProfit" : 0.01,
    "operatingProfitMargin" : -100.00,
    "operatingProfit" : -0.01,
    "netProfitMargin" : -300.00,
    "netProfit" : -0.03
  }, {
    "date" : "2005-09-30",
    "sales" : 0.02,
    "salesGrowthYoY" : null,
    "grossProfitMargin" : 100.00,
    "grossProfit" : 0.02,
    "operatingProfitMargin" : -300.00,
    "operatingProfit" : -0.06,
    "netProfitMargin" : -450.00,
    "netProfit" : -0.09
  }, {
    "date" : "2005-12-31",
    "sales" : 0.04,
    "salesGrowthYoY" : null,
    "grossProfitMargin" : 100.00,
    "grossProfit" : 0.04,
    "operatingProfitMargin" : -75.00,
    "operatingProfit" : -0.03,
    "netProfitMargin" : -125.00,
    "netProfit" : -0.05
  }, {
    "date" : "2006-03-31",
    "sales" : 0.19,
    "salesGrowthYoY" : 137.50,
    "grossProfitMargin" : 100.00,
    "grossProfit" : 0.19,
    "operatingProfitMargin" : -21.05,
    "operatingProfit" : -0.04,
    "netProfitMargin" : -26.32,
    "netProfit" : -0.05
  }, {
    "date" : "2006-06-30",
    "sales" : 0.00,
    "salesGrowthYoY" : -100.00,
    "grossProfitMargin" : 0.00,
    "grossProfit" : 0.00,
    "operatingProfitMargin" : 0.00,
    "operatingProfit" : 0.00,
    "netProfitMargin" : 0.00,
    "netProfit" : 0.00
  }, {
    "date" : "2006-09-30",
    "sales" : 0.28,
    "salesGrowthYoY" : 1300.00,
    "grossProfitMargin" : 100.00,
    "grossProfit" : 0.28,
    "operatingProfitMargin" : 42.86,
    "operatingProfit" : 0.12,
    "netProfitMargin" : 25.00,
    "netProfit" : 0.07
  }, {
    "date" : "2006-12-31",
    "sales" : 0.67,
    "salesGrowthYoY" : 1575.00,
    "grossProfitMargin" : 100.00,
    "grossProfit" : 0.67,
    "operatingProfitMargin" : 62.69,
    "operatingProfit" : 0.42,
    "netProfitMargin" : 41.79,
    "netProfit" : 0.28
  }, {
    "date" : "2007-03-31",
    "sales" : 3.52,
    "salesGrowthYoY" : 1752.63,
    "grossProfitMargin" : 100.00,
    "grossProfit" : 3.52,
    "operatingProfitMargin" : 36.65,
    "operatingProfit" : 1.29,
    "netProfitMargin" : 23.86,
    "netProfit" : 0.84
  }, {
    "date" : "2007-06-30",
    "sales" : 0.03,
    "salesGrowthYoY" : 100.00,
    "grossProfitMargin" : 100.00,
    "grossProfit" : 0.03,
    "operatingProfitMargin" : -366.67,
    "operatingProfit" : -0.11,
    "netProfitMargin" : -400.00,
    "netProfit" : -0.12
  }, {
    "date" : "2007-09-30",
    "sales" : 0.00,
    "salesGrowthYoY" : -100.00,
    "grossProfitMargin" : 0.00,
    "grossProfit" : 0.00,
    "operatingProfitMargin" : 0.00,
    "operatingProfit" : 0.00,
    "netProfitMargin" : 0.00,
    "netProfit" : 0.00
  }, {
    "date" : "2007-12-31",
    "sales" : 0.12,
    "salesGrowthYoY" : -82.09,
    "grossProfitMargin" : 100.00,
    "grossProfit" : 0.12,
    "operatingProfitMargin" : -91.67,
    "operatingProfit" : -0.11,
    "netProfitMargin" : -116.67,
    "netProfit" : -0.14
  }, {
    "date" : "2008-03-31",
    "sales" : 0.82,
    "salesGrowthYoY" : -76.70,
    "grossProfitMargin" : 100.00,
    "grossProfit" : 0.82,
    "operatingProfitMargin" : 82.93,
    "operatingProfit" : 0.68,
    "netProfitMargin" : 96.34,
    "netProfit" : 0.79
  }, {
    "date" : "2008-06-30",
    "sales" : 0.07,
    "salesGrowthYoY" : 133.33,
    "grossProfitMargin" : 100.00,
    "grossProfit" : 0.07,
    "operatingProfitMargin" : -85.71,
    "operatingProfit" : -0.06,
    "netProfitMargin" : -100.00,
    "netProfit" : -0.07
  }, {
    "date" : "2008-09-30",
    "sales" : 0.03,
    "salesGrowthYoY" : 100.00,
    "grossProfitMargin" : 100.00,
    "grossProfit" : 0.03,
    "operatingProfitMargin" : -600.00,
    "operatingProfit" : -0.18,
    "netProfitMargin" : -733.33,
    "netProfit" : -0.22
  }, {
    "date" : "2008-12-31",
    "sales" : 0.06,
    "salesGrowthYoY" : -50.00,
    "grossProfitMargin" : 100.00,
    "grossProfit" : 0.06,
    "operatingProfitMargin" : -166.67,
    "operatingProfit" : -0.10,
    "netProfitMargin" : -200.00,
    "netProfit" : -0.12
  }, {
    "date" : "2009-03-31",
    "sales" : 0.00,
    "salesGrowthYoY" : -100.00,
    "grossProfitMargin" : 0.00,
    "grossProfit" : 0.00,
    "operatingProfitMargin" : 0.00,
    "operatingProfit" : 0.00,
    "netProfitMargin" : 0.00,
    "netProfit" : 0.00
  }, {
    "date" : "2009-06-30",
    "sales" : 0.00,
    "salesGrowthYoY" : -100.00,
    "grossProfitMargin" : 0.00,
    "grossProfit" : 0.00,
    "operatingProfitMargin" : 0.00,
    "operatingProfit" : 0.00,
    "netProfitMargin" : 0.00,
    "netProfit" : 0.00
  }, {
    "date" : "2009-09-30",
    "sales" : 0.00,
    "salesGrowthYoY" : -100.00,
    "grossProfitMargin" : 0.00,
    "grossProfit" : 0.00,
    "operatingProfitMargin" : 0.00,
    "operatingProfit" : 0.00,
    "netProfitMargin" : 0.00,
    "netProfit" : 0.00
  }, {
    "date" : "2009-12-31",
    "sales" : 0.04,
    "salesGrowthYoY" : -33.33,
    "grossProfitMargin" : 100.00,
    "grossProfit" : 0.04,
    "operatingProfitMargin" : -550.00,
    "operatingProfit" : -0.22,
    "netProfitMargin" : -675.00,
    "netProfit" : -0.27
  }, {
    "date" : "2010-03-31",
    "sales" : 0.07,
    "salesGrowthYoY" : 100.00,
    "grossProfitMargin" : 100.00,
    "grossProfit" : 0.07,
    "operatingProfitMargin" : -28.57,
    "operatingProfit" : -0.02,
    "netProfitMargin" : 0.00,
    "netProfit" : 0.00
  }, {
    "date" : "2010-06-30",
    "sales" : 0.95,
    "salesGrowthYoY" : 100.00,
    "grossProfitMargin" : 100.00,
    "grossProfit" : 0.95,
    "operatingProfitMargin" : 68.42,
    "operatingProfit" : 0.65,
    "netProfitMargin" : 43.16,
    "netProfit" : 0.41
  }, {
    "date" : "2010-09-30",
    "sales" : 0.17,
    "salesGrowthYoY" : 100.00,
    "grossProfitMargin" : 100.00,
    "grossProfit" : 0.17,
    "operatingProfitMargin" : -52.94,
    "operatingProfit" : -0.09,
    "netProfitMargin" : -52.94,
    "netProfit" : -0.09
  }, {
    "date" : "2010-12-31",
    "sales" : 1.49,
    "salesGrowthYoY" : 3625.00,
    "grossProfitMargin" : 100.00,
    "grossProfit" : 1.49,
    "operatingProfitMargin" : 36.24,
    "operatingProfit" : 0.54,
    "netProfitMargin" : 34.23,
    "netProfit" : 0.51
  }, {
    "date" : "2011-03-31",
    "sales" : 0.26,
    "salesGrowthYoY" : 271.43,
    "grossProfitMargin" : 100.00,
    "grossProfit" : 0.26,
    "operatingProfitMargin" : -107.69,
    "operatingProfit" : -0.28,
    "netProfitMargin" : -103.85,
    "netProfit" : -0.27
  }, {
    "date" : "2011-06-30",
    "sales" : 0.07,
    "salesGrowthYoY" : -92.63,
    "grossProfitMargin" : 100.00,
    "grossProfit" : 0.07,
    "operatingProfitMargin" : -800.00,
    "operatingProfit" : -0.56,
    "netProfitMargin" : -1057.14,
    "netProfit" : -0.74
  }, {
    "date" : "2011-09-30",
    "sales" : 0.09,
    "salesGrowthYoY" : -47.06,
    "grossProfitMargin" : 100.00,
    "grossProfit" : 0.09,
    "operatingProfitMargin" : -633.33,
    "operatingProfit" : -0.57,
    "netProfitMargin" : -777.78,
    "netProfit" : -0.70
  }, {
    "date" : "2011-12-31",
    "sales" : 0.02,
    "salesGrowthYoY" : -98.66,
    "grossProfitMargin" : 100.00,
    "grossProfit" : 0.02,
    "operatingProfitMargin" : -2950.00,
    "operatingProfit" : -0.59,
    "netProfitMargin" : -3750.00,
    "netProfit" : -0.75
  }, {
    "date" : "2012-03-31",
    "sales" : 3.40,
    "salesGrowthYoY" : 1207.69,
    "grossProfitMargin" : 100.00,
    "grossProfit" : 3.40,
    "operatingProfitMargin" : 79.12,
    "operatingProfit" : 2.69,
    "netProfitMargin" : 73.82,
    "netProfit" : 2.51
  }, {
    "date" : "2012-06-30",
    "sales" : 0.16,
    "salesGrowthYoY" : 128.57,
    "grossProfitMargin" : 100.00,
    "grossProfit" : 0.16,
    "operatingProfitMargin" : -268.75,
    "operatingProfit" : -0.43,
    "netProfitMargin" : -362.50,
    "netProfit" : -0.58
  }, {
    "date" : "2012-09-30",
    "sales" : 1.74,
    "salesGrowthYoY" : 1833.33,
    "grossProfitMargin" : 100.00,
    "grossProfit" : 1.74,
    "operatingProfitMargin" : 65.52,
    "operatingProfit" : 1.14,
    "netProfitMargin" : 50.00,
    "netProfit" : 0.87
  }, {
    "date" : "2012-12-31",
    "sales" : 0.46,
    "salesGrowthYoY" : 2200.00,
    "grossProfitMargin" : 100.00,
    "grossProfit" : 0.46,
    "operatingProfitMargin" : -41.30,
    "operatingProfit" : -0.19,
    "netProfitMargin" : -34.78,
    "netProfit" : -0.16
  }, {
    "date" : "2013-03-31",
    "sales" : 2.19,
    "salesGrowthYoY" : -35.59,
    "grossProfitMargin" : 100.00,
    "grossProfit" : 2.19,
    "operatingProfitMargin" : 69.41,
    "operatingProfit" : 1.52,
    "netProfitMargin" : 45.66,
    "netProfit" : 1.00
  }, {
    "date" : "2013-06-30",
    "sales" : 0.01,
    "salesGrowthYoY" : -93.75,
    "grossProfitMargin" : 100.00,
    "grossProfit" : 0.01,
    "operatingProfitMargin" : -6100.00,
    "operatingProfit" : -0.61,
    "netProfitMargin" : -6500.00,
    "netProfit" : -0.65
  }, {
    "date" : "2013-09-30",
    "sales" : 0.08,
    "salesGrowthYoY" : -95.40,
    "grossProfitMargin" : 100.00,
    "grossProfit" : 0.08,
    "operatingProfitMargin" : -625.00,
    "operatingProfit" : -0.50,
    "netProfitMargin" : -662.50,
    "netProfit" : -0.53
  }, {
    "date" : "2013-12-31",
    "sales" : 0.04,
    "salesGrowthYoY" : -91.30,
    "grossProfitMargin" : 100.00,
    "grossProfit" : 0.04,
    "operatingProfitMargin" : -775.00,
    "operatingProfit" : -0.31,
    "netProfitMargin" : -850.00,
    "netProfit" : -0.34
  }, {
    "date" : "2014-03-31",
    "sales" : 2.97,
    "salesGrowthYoY" : 35.62,
    "grossProfitMargin" : 100.00,
    "grossProfit" : 2.97,
    "operatingProfitMargin" : 86.53,
    "operatingProfit" : 2.57,
    "netProfitMargin" : 75.08,
    "netProfit" : 2.23
  }, {
    "date" : "2014-06-30",
    "sales" : 0.09,
    "salesGrowthYoY" : 800.00,
    "grossProfitMargin" : 100.00,
    "grossProfit" : 0.09,
    "operatingProfitMargin" : -255.56,
    "operatingProfit" : -0.23,
    "netProfitMargin" : -300.00,
    "netProfit" : -0.27
  }, {
    "date" : "2014-09-30",
    "sales" : 0.06,
    "salesGrowthYoY" : -25.00,
    "grossProfitMargin" : 100.00,
    "grossProfit" : 0.06,
    "operatingProfitMargin" : -383.33,
    "operatingProfit" : -0.23,
    "netProfitMargin" : -516.67,
    "netProfit" : -0.31
  }, {
    "date" : "2014-12-31",
    "sales" : 0.06,
    "salesGrowthYoY" : 50.00,
    "grossProfitMargin" : 100.00,
    "grossProfit" : 0.06,
    "operatingProfitMargin" : -416.67,
    "operatingProfit" : -0.25,
    "netProfitMargin" : -550.00,
    "netProfit" : -0.33
  }, {
    "date" : "2015-03-31",
    "sales" : 1.40,
    "salesGrowthYoY" : -52.86,
    "grossProfitMargin" : 100.00,
    "grossProfit" : 1.40,
    "operatingProfitMargin" : 70.00,
    "operatingProfit" : 0.98,
    "netProfitMargin" : 65.71,
    "netProfit" : 0.92
  }, {
    "date" : "2015-06-30",
    "sales" : 0.03,
    "salesGrowthYoY" : -66.67,
    "grossProfitMargin" : 100.00,
    "grossProfit" : 0.03,
    "operatingProfitMargin" : -1666.67,
    "operatingProfit" : -0.50,
    "netProfitMargin" : -1933.33,
    "netProfit" : -0.58
  }, {
    "date" : "2015-09-30",
    "sales" : 0.05,
    "salesGrowthYoY" : -16.67,
    "grossProfitMargin" : 100.00,
    "grossProfit" : 0.05,
    "operatingProfitMargin" : -600.00,
    "operatingProfit" : -0.30,
    "netProfitMargin" : -760.00,
    "netProfit" : -0.38
  }, {
    "date" : "2015-12-31",
    "sales" : 0.06,
    "salesGrowthYoY" : 0.00,
    "grossProfitMargin" : 100.00,
    "grossProfit" : 0.06,
    "operatingProfitMargin" : -416.67,
    "operatingProfit" : -0.25,
    "netProfitMargin" : -566.67,
    "netProfit" : -0.34
  }, {
    "date" : "2016-03-31",
    "sales" : 0.19,
    "salesGrowthYoY" : -86.43,
    "grossProfitMargin" : 100.00,
    "grossProfit" : 0.19,
    "operatingProfitMargin" : -63.16,
    "operatingProfit" : -0.12,
    "netProfitMargin" : -115.79,
    "netProfit" : -0.22
  }, {
    "date" : "2016-06-30",
    "sales" : 0.04,
    "salesGrowthYoY" : 33.33,
    "grossProfitMargin" : 100.00,
    "grossProfit" : 0.04,
    "operatingProfitMargin" : -725.00,
    "operatingProfit" : -0.29,
    "netProfitMargin" : -950.00,
    "netProfit" : -0.38
  }, {
    "date" : "2016-09-30",
    "sales" : 2.11,
    "salesGrowthYoY" : 4120.00,
    "grossProfitMargin" : 100.00,
    "grossProfit" : 2.11,
    "operatingProfitMargin" : 76.30,
    "operatingProfit" : 1.61,
    "netProfitMargin" : 72.99,
    "netProfit" : 1.54
  }, {
    "date" : "2016-12-31",
    "sales" : 0.05,
    "salesGrowthYoY" : -16.67,
    "grossProfitMargin" : 100.00,
    "grossProfit" : 0.05,
    "operatingProfitMargin" : -540.00,
    "operatingProfit" : -0.27,
    "netProfitMargin" : -640.00,
    "netProfit" : -0.32
  }, {
    "date" : "2017-03-31",
    "sales" : 0.33,
    "salesGrowthYoY" : 73.68,
    "grossProfitMargin" : 100.00,
    "grossProfit" : 0.33,
    "operatingProfitMargin" : -30.30,
    "operatingProfit" : -0.10,
    "netProfitMargin" : -48.48,
    "netProfit" : -0.16
  }, {
    "date" : "2017-06-30",
    "sales" : 0.05,
    "salesGrowthYoY" : 25.00,
    "grossProfitMargin" : 100.00,
    "grossProfit" : 0.05,
    "operatingProfitMargin" : -760.00,
    "operatingProfit" : -0.38,
    "netProfitMargin" : -820.00,
    "netProfit" : -0.41
  }, {
    "date" : "2017-09-30",
    "sales" : 0.46,
    "salesGrowthYoY" : -78.20,
    "grossProfitMargin" : 100.00,
    "grossProfit" : 0.46,
    "operatingProfitMargin" : 0.00,
    "operatingProfit" : 0.00,
    "netProfitMargin" : -17.39,
    "netProfit" : -0.08
  }, {
    "date" : "2017-12-31",
    "sales" : 4.70,
    "salesGrowthYoY" : 9300.00,
    "grossProfitMargin" : 100.00,
    "grossProfit" : 4.70,
    "operatingProfitMargin" : 59.79,
    "operatingProfit" : 2.81,
    "netProfitMargin" : 48.72,
    "netProfit" : 2.29
  }, {
    "date" : "2018-03-31",
    "sales" : 2.21,
    "salesGrowthYoY" : 569.70,
    "grossProfitMargin" : 100.00,
    "grossProfit" : 2.21,
    "operatingProfitMargin" : 75.11,
    "operatingProfit" : 1.66,
    "netProfitMargin" : 51.13,
    "netProfit" : 1.13
  }, {
    "date" : "2018-06-30",
    "sales" : 3.72,
    "salesGrowthYoY" : 7340.00,
    "grossProfitMargin" : 100.00,
    "grossProfit" : 3.72,
    "operatingProfitMargin" : 47.04,
    "operatingProfit" : 1.75,
    "netProfitMargin" : 19.09,
    "netProfit" : 0.71
  }, {
    "date" : "2018-09-30",
    "sales" : 1.12,
    "salesGrowthYoY" : 143.48,
    "grossProfitMargin" : 100.00,
    "grossProfit" : 1.12,
    "operatingProfitMargin" : -45.54,
    "operatingProfit" : -0.51,
    "netProfitMargin" : -85.71,
    "netProfit" : -0.96
  }, {
    "date" : "2018-12-31",
    "sales" : 0.97,
    "salesGrowthYoY" : -79.36,
    "grossProfitMargin" : 100.00,
    "grossProfit" : 0.97,
    "operatingProfitMargin" : -28.87,
    "operatingProfit" : -0.28,
    "netProfitMargin" : -102.06,
    "netProfit" : -0.99
  }, {
    "date" : "2019-03-31",
    "sales" : 2.42,
    "salesGrowthYoY" : 9.50,
    "grossProfitMargin" : 100.00,
    "grossProfit" : 2.42,
    "operatingProfitMargin" : 48.35,
    "operatingProfit" : 1.17,
    "netProfitMargin" : 32.23,
    "netProfit" : 0.78
  }, {
    "date" : "2019-06-30",
    "sales" : 0.57,
    "salesGrowthYoY" : -84.68,
    "grossProfitMargin" : 100.00,
    "grossProfit" : 0.57,
    "operatingProfitMargin" : -152.63,
    "operatingProfit" : -0.87,
    "netProfitMargin" : -284.21,
    "netProfit" : -1.62
  }, {
    "date" : "2019-09-30",
    "sales" : 0.53,
    "salesGrowthYoY" : -52.68,
    "grossProfitMargin" : 100.00,
    "grossProfit" : 0.53,
    "operatingProfitMargin" : -213.21,
    "operatingProfit" : -1.13,
    "netProfitMargin" : -360.38,
    "netProfit" : -1.91
  }, {
    "date" : "2019-12-31",
    "sales" : 0.50,
    "salesGrowthYoY" : -48.45,
    "grossProfitMargin" : 100.00,
    "grossProfit" : 0.50,
    "operatingProfitMargin" : -172.00,
    "operatingProfit" : -0.86,
    "netProfitMargin" : -324.00,
    "netProfit" : -1.62
  }, {
    "date" : "2020-03-31",
    "sales" : 2.68,
    "salesGrowthYoY" : 10.74,
    "grossProfitMargin" : 100.00,
    "grossProfit" : 2.68,
    "operatingProfitMargin" : 44.03,
    "operatingProfit" : 1.18,
    "netProfitMargin" : 50.75,
    "netProfit" : 1.36
  }, {
    "date" : "2020-06-30",
    "sales" : 0.30,
    "salesGrowthYoY" : -47.37,
    "grossProfitMargin" : 100.00,
    "grossProfit" : 0.30,
    "operatingProfitMargin" : -300.00,
    "operatingProfit" : -0.90,
    "netProfitMargin" : -456.67,
    "netProfit" : -1.37
  }, {
    "date" : "2020-09-30",
    "sales" : 6.74,
    "salesGrowthYoY" : 1171.70,
    "grossProfitMargin" : 100.00,
    "grossProfit" : 6.74,
    "operatingProfitMargin" : 75.82,
    "operatingProfit" : 5.11,
    "netProfitMargin" : 67.21,
    "netProfit" : 4.53
  }, {
    "date" : "2020-12-31",
    "sales" : 1.81,
    "salesGrowthYoY" : 262.00,
    "grossProfitMargin" : 100.00,
    "grossProfit" : 1.81,
    "operatingProfitMargin" : -1.10,
    "operatingProfit" : -0.02,
    "netProfitMargin" : -27.07,
    "netProfit" : -0.49
  }, {
    "date" : "2021-03-31",
    "sales" : 1.03,
    "salesGrowthYoY" : -61.57,
    "grossProfitMargin" : 100.00,
    "grossProfit" : 1.03,
    "operatingProfitMargin" : -115.53,
    "operatingProfit" : -1.19,
    "netProfitMargin" : -158.25,
    "netProfit" : -1.63
  }, {
    "date" : "2021-06-30",
    "sales" : 11.30,
    "salesGrowthYoY" : 3666.67,
    "grossProfitMargin" : 100.00,
    "grossProfit" : 11.30,
    "operatingProfitMargin" : 65.75,
    "operatingProfit" : 7.43,
    "netProfitMargin" : 51.86,
    "netProfit" : 5.86
  }, {
    "date" : "2021-09-30",
    "sales" : 6.52,
    "salesGrowthYoY" : -3.26,
    "grossProfitMargin" : 100.00,
    "grossProfit" : 6.52,
    "operatingProfitMargin" : 62.58,
    "operatingProfit" : 4.08,
    "netProfitMargin" : 43.87,
    "netProfit" : 2.86
  }, {
    "date" : "2021-12-31",
    "sales" : 5.58,
    "salesGrowthYoY" : 208.29,
    "grossProfitMargin" : 100.00,
    "grossProfit" : 5.58,
    "operatingProfitMargin" : 46.59,
    "operatingProfit" : 2.60,
    "netProfitMargin" : 31.00,
    "netProfit" : 1.73
  }, {
    "date" : "2022-03-31",
    "sales" : 6.51,
    "salesGrowthYoY" : 532.04,
    "grossProfitMargin" : 100.00,
    "grossProfit" : 6.51,
    "operatingProfitMargin" : 41.47,
    "operatingProfit" : 2.70,
    "netProfitMargin" : 29.34,
    "netProfit" : 1.91
  }, {
    "date" : "2022-06-30",
    "sales" : 11.36,
    "salesGrowthYoY" : 0.53,
    "grossProfitMargin" : 100.00,
    "grossProfit" : 11.36,
    "operatingProfitMargin" : 44.98,
    "operatingProfit" : 5.11,
    "netProfitMargin" : 31.34,
    "netProfit" : 3.56
  }, {
    "date" : "2022-09-30",
    "sales" : 0.85,
    "salesGrowthYoY" : -86.96,
    "grossProfitMargin" : 100.00,
    "grossProfit" : 0.85,
    "operatingProfitMargin" : -350.59,
    "operatingProfit" : -2.98,
    "netProfitMargin" : -300.00,
    "netProfit" : -2.55
  }, {
    "date" : "2022-12-31",
    "sales" : 11.15,
    "salesGrowthYoY" : 99.82,
    "grossProfitMargin" : 100.00,
    "grossProfit" : 11.15,
    "operatingProfitMargin" : 35.87,
    "operatingProfit" : 4.00,
    "netProfitMargin" : 24.57,
    "netProfit" : 2.74
  }, {
    "date" : "2023-03-31",
    "sales" : 4.18,
    "salesGrowthYoY" : -35.79,
    "grossProfitMargin" : 100.00,
    "grossProfit" : 4.18,
    "operatingProfitMargin" : 17.70,
    "operatingProfit" : 0.74,
    "netProfitMargin" : 4.55,
    "netProfit" : 0.19
  }, {
    "date" : "2023-06-30",
    "sales" : 5.50,
    "salesGrowthYoY" : -51.58,
    "grossProfitMargin" : 100.00,
    "grossProfit" : 5.50,
    "operatingProfitMargin" : 34.18,
    "operatingProfit" : 1.88,
    "netProfitMargin" : 17.82,
    "netProfit" : 0.98
  }, {
    "date" : "2023-09-30",
    "sales" : 0.54,
    "salesGrowthYoY" : -36.47,
    "grossProfitMargin" : 100.00,
    "grossProfit" : 0.54,
    "operatingProfitMargin" : -594.44,
    "operatingProfit" : -3.21,
    "netProfitMargin" : -738.89,
    "netProfit" : -3.99
  }, {
    "date" : "2023-12-31",
    "sales" : 13.28,
    "salesGrowthYoY" : 19.10,
    "grossProfitMargin" : 100.00,
    "grossProfit" : 13.28,
    "operatingProfitMargin" : 51.73,
    "operatingProfit" : 6.87,
    "netProfitMargin" : 41.94,
    "netProfit" : 5.57
  }, {
    "date" : "2024-03-31",
    "sales" : 36.42,
    "salesGrowthYoY" : 771.29,
    "grossProfitMargin" : 100.00,
    "grossProfit" : 36.42,
    "operatingProfitMargin" : 74.11,
    "operatingProfit" : 26.99,
    "netProfitMargin" : 53.16,
    "netProfit" : 19.36
  }, {
    "date" : "2024-06-30",
    "sales" : 9.33,
    "salesGrowthYoY" : 69.64,
    "grossProfitMargin" : 100.00,
    "grossProfit" : 9.33,
    "operatingProfitMargin" : 2.68,
    "operatingProfit" : 0.25,
    "netProfitMargin" : -1.07,
    "netProfit" : -0.10
  }, {
    "date" : "2024-09-30",
    "sales" : 17.16,
    "salesGrowthYoY" : 3077.78,
    "grossProfitMargin" : 100.00,
    "grossProfit" : 17.16,
    "operatingProfitMargin" : 71.27,
    "operatingProfit" : 12.23,
    "netProfitMargin" : 51.17,
    "netProfit" : 8.78
  }, {
    "date" : "2024-12-31",
    "sales" : 24.43,
    "salesGrowthYoY" : 83.96,
    "grossProfitMargin" : 100.00,
    "grossProfit" : 24.43,
    "operatingProfitMargin" : 76.34,
    "operatingProfit" : 18.65,
    "netProfitMargin" : 52.84,
    "netProfit" : 12.91
  }, {
    "date" : "2025-03-31",
    "sales" : 15.74,
    "salesGrowthYoY" : -56.78,
    "grossProfitMargin" : 100.00,
    "grossProfit" : 15.74,
    "operatingProfitMargin" : 24.84,
    "operatingProfit" : 3.91,
    "netProfitMargin" : 13.02,
    "netProfit" : 2.05
  }, {
    "date" : "2025-06-30",
    "sales" : 17.93,
    "salesGrowthYoY" : 92.18,
    "grossProfitMargin" : 100.00,
    "grossProfit" : 17.93,
    "operatingProfitMargin" : 51.25,
    "operatingProfit" : 9.19,
    "netProfitMargin" : 33.35,
    "netProfit" : 5.98
  }, {
    "date" : "2025-09-30",
    "sales" : 39.16,
    "salesGrowthYoY" : 128.21,
    "grossProfitMargin" : 100.00,
    "grossProfit" : 39.16,
    "operatingProfitMargin" : 63.82,
    "operatingProfit" : 24.99,
    "netProfitMargin" : 45.94,
    "netProfit" : 17.99
  } ],
  "latestQuarterlyResult" : {
    "date" : "2025-09-30",
    "sales" : 39.16,
    "salesGrowthYoY" : 128.21,
    "grossProfitMargin" : 100.00,
    "grossProfit" : 39.16,
    "operatingProfitMargin" : 63.82,
    "operatingProfit" : 24.99,
    "netProfitMargin" : 45.94,
    "netProfit" : 17.99
  },
  "companyScore" : {
    "priceHigherThanDma50" : 5.00,
    "priceHigherThanDma100" : 5.00,
    "priceHigherThanDma200" : 5.00,
    "dma50HigherThanDma100" : 5.00,
    "dma50HigherThanDma200" : 5.00,
    "dma100HigherThanDma200" : 0.00,
    "pricePercentageAboveDma50" : 4.75,
    "pricePercentageAboveDma100" : 4.24,
    "pricePercentageAboveDma200" : 4.29,
    "weeklyVolumeHigherThanYearlyVolume" : 0.00,
    "salesGrowthPercentile" : 13.92,
    "operatingProfitMarginPercentile" : 19.93,
    "netProfitMarginPercentile" : 9.92,
    "totalTechnicalScore" : 38.29,
    "totalFundamentalScore" : 43.77,
    "totalScore" : 82.07
  }
}