{
  "metadata" : {
    "screenerCompanyId" : "3364",
    "companyCode" : "TATACOMM",
    "companyName" : "Tata Comm",
    "screenerCompanyLink" : "https://www.screener.in/company/TATACOMM/consolidated/",
    "screenerTechnicalHistoryLink" : "https://www.screener.in/api/company/3364/chart/?q=Price-DMA50-DMA200-Volume&days=365",
    "screenerQuarterlyResultsLink" : "https://www.screener.in/api/company/3364/chart/?q=GPM-OPM-NPM-Quarter+Sales&days=10000",
    "attributes" : {
      "companyCode" : "TATACOMM",
      "companyName" : "Tata Comm",
      "marketCap" : 48071.00,
      "peRatio" : 42.00,
      "description" : "Tata Communications was incorporated on March 19, 1986 as VSNL. In February 2002, the Government of India, as per their disinvestments plan, sold 25% of their holding in the company to the strategic partner. Consequently, the company was taken over under the administrative control of TATA. [1] It is the leading global digital ecosystem enabler. It has a leadership position in emerging markets, and an infrastructure that spans the globe. It delivers managed solutions to multinational companies and service providers. It partners with 300 of the Fortune 500 companies with their state-of the-art solutions, including a wide range of communication, collaboration, cloud, mobility, connected solutions, network and data center services. [2]"
    },
    "companyScore" : {
      "priceHigherThanDma50" : 0.00,
      "priceHigherThanDma100" : 0.00,
      "priceHigherThanDma200" : 0.00,
      "dma50HigherThanDma100" : 0.00,
      "dma50HigherThanDma200" : 0.00,
      "dma100HigherThanDma200" : 5.00,
      "pricePercentageAboveDma50" : 5.00,
      "pricePercentageAboveDma100" : 5.23,
      "pricePercentageAboveDma200" : 5.09,
      "weeklyVolumeHigherThanYearlyVolume" : 0.00,
      "salesGrowthPercentile" : 10.27,
      "operatingProfitMarginPercentile" : 11.18,
      "netProfitMarginPercentile" : 8.81,
      "totalTechnicalScore" : 20.33,
      "totalFundamentalScore" : 30.26,
      "totalScore" : 50.59
    }
  },
  "attributes" : {
    "companyCode" : "TATACOMM",
    "companyName" : "Tata Comm",
    "marketCap" : 48071.00,
    "peRatio" : 42.00,
    "description" : "Tata Communications was incorporated on March 19, 1986 as VSNL. In February 2002, the Government of India, as per their disinvestments plan, sold 25% of their holding in the company to the strategic partner. Consequently, the company was taken over under the administrative control of TATA. [1] It is the leading global digital ecosystem enabler. It has a leadership position in emerging markets, and an infrastructure that spans the globe. It delivers managed solutions to multinational companies and service providers. It partners with 300 of the Fortune 500 companies with their state-of the-art solutions, including a wide range of communication, collaboration, cloud, mobility, connected solutions, network and data center services. [2]"
  },
  "technicalHistory" : [ {
    "date" : "2025-02-24",
    "price" : 1436.05,
    "dma50" : 1619.32,
    "dma100" : null,
    "dma200" : 1753.30,
    "volume" : 750903.00
  }, {
    "date" : "2025-02-25",
    "price" : 1405.45,
    "dma50" : 1610.94,
    "dma100" : null,
    "dma200" : 1749.83,
    "volume" : 617382.00
  }, {
    "date" : "2025-02-27",
    "price" : 1388.95,
    "dma50" : 1602.23,
    "dma100" : null,
    "dma200" : 1746.24,
    "volume" : 464739.00
  }, {
    "date" : "2025-02-28",
    "price" : 1352.50,
    "dma50" : 1592.44,
    "dma100" : null,
    "dma200" : 1742.33,
    "volume" : 801685.00
  }, {
    "date" : "2025-03-03",
    "price" : 1323.95,
    "dma50" : 1581.91,
    "dma100" : null,
    "dma200" : 1738.16,
    "volume" : 931487.00
  }, {
    "date" : "2025-03-04",
    "price" : 1316.25,
    "dma50" : 1571.49,
    "dma100" : null,
    "dma200" : 1733.96,
    "volume" : 819484.00
  }, {
    "date" : "2025-03-05",
    "price" : 1390.00,
    "dma50" : 1564.37,
    "dma100" : null,
    "dma200" : 1730.54,
    "volume" : 924724.00
  }, {
    "date" : "2025-03-06",
    "price" : 1398.40,
    "dma50" : 1557.87,
    "dma100" : null,
    "dma200" : 1727.24,
    "volume" : 255077.00
  }, {
    "date" : "2025-03-07",
    "price" : 1383.85,
    "dma50" : 1551.04,
    "dma100" : null,
    "dma200" : 1723.82,
    "volume" : 169460.00
  }, {
    "date" : "2025-03-10",
    "price" : 1373.20,
    "dma50" : 1544.07,
    "dma100" : null,
    "dma200" : 1720.33,
    "volume" : 246417.00
  }, {
    "date" : "2025-03-11",
    "price" : 1492.35,
    "dma50" : 1542.04,
    "dma100" : null,
    "dma200" : 1718.06,
    "volume" : 4427749.00
  }, {
    "date" : "2025-03-12",
    "price" : 1508.05,
    "dma50" : 1540.71,
    "dma100" : null,
    "dma200" : 1715.97,
    "volume" : 989664.00
  }, {
    "date" : "2025-03-13",
    "price" : 1503.95,
    "dma50" : 1539.26,
    "dma100" : null,
    "dma200" : 1713.86,
    "volume" : 454031.00
  }, {
    "date" : "2025-03-17",
    "price" : 1502.60,
    "dma50" : 1537.83,
    "dma100" : null,
    "dma200" : 1711.76,
    "volume" : 336092.00
  }, {
    "date" : "2025-03-18",
    "price" : 1506.20,
    "dma50" : 1536.59,
    "dma100" : null,
    "dma200" : 1709.72,
    "volume" : 410852.00
  }, {
    "date" : "2025-03-19",
    "price" : 1561.10,
    "dma50" : 1537.55,
    "dma100" : null,
    "dma200" : 1708.24,
    "volume" : 1292043.00
  }, {
    "date" : "2025-03-20",
    "price" : 1605.20,
    "dma50" : 1540.20,
    "dma100" : null,
    "dma200" : 1707.21,
    "volume" : 766613.00
  }, {
    "date" : "2025-03-21",
    "price" : 1610.00,
    "dma50" : 1542.94,
    "dma100" : null,
    "dma200" : 1706.24,
    "volume" : 480840.00
  }, {
    "date" : "2025-03-24",
    "price" : 1611.95,
    "dma50" : 1545.64,
    "dma100" : null,
    "dma200" : 1705.31,
    "volume" : 519335.00
  }, {
    "date" : "2025-03-25",
    "price" : 1578.25,
    "dma50" : 1546.92,
    "dma100" : null,
    "dma200" : 1704.04,
    "volume" : 279465.00
  }, {
    "date" : "2025-03-26",
    "price" : 1604.95,
    "dma50" : 1549.20,
    "dma100" : null,
    "dma200" : 1703.06,
    "volume" : 285380.00
  }, {
    "date" : "2025-03-27",
    "price" : 1594.55,
    "dma50" : 1550.98,
    "dma100" : null,
    "dma200" : 1701.98,
    "volume" : 504515.00
  }, {
    "date" : "2025-03-28",
    "price" : 1578.20,
    "dma50" : 1552.04,
    "dma100" : null,
    "dma200" : 1700.75,
    "volume" : 453389.00
  }, {
    "date" : "2025-04-01",
    "price" : 1579.65,
    "dma50" : 1553.13,
    "dma100" : null,
    "dma200" : 1699.54,
    "volume" : 305666.00
  }, {
    "date" : "2025-04-02",
    "price" : 1595.20,
    "dma50" : 1554.78,
    "dma100" : null,
    "dma200" : 1698.50,
    "volume" : 197547.00
  }, {
    "date" : "2025-04-03",
    "price" : 1631.25,
    "dma50" : 1557.78,
    "dma100" : null,
    "dma200" : 1697.83,
    "volume" : 261562.00
  }, {
    "date" : "2025-04-04",
    "price" : 1598.05,
    "dma50" : 1559.36,
    "dma100" : null,
    "dma200" : 1696.84,
    "volume" : 211677.00
  }, {
    "date" : "2025-04-07",
    "price" : 1549.85,
    "dma50" : 1558.98,
    "dma100" : null,
    "dma200" : 1695.38,
    "volume" : 316264.00
  }, {
    "date" : "2025-04-08",
    "price" : 1565.50,
    "dma50" : 1559.24,
    "dma100" : null,
    "dma200" : 1694.08,
    "volume" : 204157.00
  }, {
    "date" : "2025-04-09",
    "price" : 1547.35,
    "dma50" : 1558.77,
    "dma100" : null,
    "dma200" : 1692.62,
    "volume" : 176005.00
  }, {
    "date" : "2025-04-11",
    "price" : 1564.25,
    "dma50" : 1558.99,
    "dma100" : null,
    "dma200" : 1691.35,
    "volume" : 308035.00
  }, {
    "date" : "2025-04-15",
    "price" : 1591.00,
    "dma50" : 1560.24,
    "dma100" : null,
    "dma200" : 1690.35,
    "volume" : 720636.00
  }, {
    "date" : "2025-04-16",
    "price" : 1593.70,
    "dma50" : 1561.55,
    "dma100" : null,
    "dma200" : 1689.39,
    "volume" : 280359.00
  }, {
    "date" : "2025-04-17",
    "price" : 1565.00,
    "dma50" : 1561.69,
    "dma100" : null,
    "dma200" : 1688.15,
    "volume" : 253600.00
  }, {
    "date" : "2025-04-21",
    "price" : 1573.80,
    "dma50" : 1562.16,
    "dma100" : null,
    "dma200" : 1687.01,
    "volume" : 552720.00
  }, {
    "date" : "2025-04-22",
    "price" : 1598.70,
    "dma50" : 1563.60,
    "dma100" : null,
    "dma200" : 1686.13,
    "volume" : 570571.00
  }, {
    "date" : "2025-04-23",
    "price" : 1584.40,
    "dma50" : 1564.41,
    "dma100" : null,
    "dma200" : 1685.12,
    "volume" : 1866017.00
  }, {
    "date" : "2025-04-24",
    "price" : 1608.10,
    "dma50" : 1566.13,
    "dma100" : null,
    "dma200" : 1684.35,
    "volume" : 1626034.00
  }, {
    "date" : "2025-04-25",
    "price" : 1569.60,
    "dma50" : 1566.26,
    "dma100" : null,
    "dma200" : 1683.21,
    "volume" : 710676.00
  }, {
    "date" : "2025-04-28",
    "price" : 1581.10,
    "dma50" : 1566.84,
    "dma100" : null,
    "dma200" : 1682.20,
    "volume" : 187213.00
  }, {
    "date" : "2025-04-29",
    "price" : 1579.50,
    "dma50" : 1567.34,
    "dma100" : null,
    "dma200" : 1681.17,
    "volume" : 274060.00
  }, {
    "date" : "2025-04-30",
    "price" : 1591.40,
    "dma50" : 1568.28,
    "dma100" : null,
    "dma200" : 1680.28,
    "volume" : 388171.00
  }, {
    "date" : "2025-05-02",
    "price" : 1559.20,
    "dma50" : 1567.93,
    "dma100" : null,
    "dma200" : 1679.08,
    "volume" : 376086.00
  }, {
    "date" : "2025-05-05",
    "price" : 1591.10,
    "dma50" : 1568.84,
    "dma100" : null,
    "dma200" : 1678.20,
    "volume" : 462428.00
  }, {
    "date" : "2025-05-06",
    "price" : 1545.60,
    "dma50" : 1567.93,
    "dma100" : null,
    "dma200" : 1676.88,
    "volume" : 278643.00
  }, {
    "date" : "2025-05-07",
    "price" : 1543.60,
    "dma50" : 1566.97,
    "dma100" : null,
    "dma200" : 1675.56,
    "volume" : 324665.00
  }, {
    "date" : "2025-05-08",
    "price" : 1507.50,
    "dma50" : 1564.64,
    "dma100" : null,
    "dma200" : 1673.88,
    "volume" : 221567.00
  }, {
    "date" : "2025-05-09",
    "price" : 1515.80,
    "dma50" : 1562.72,
    "dma100" : null,
    "dma200" : 1672.31,
    "volume" : 205110.00
  }, {
    "date" : "2025-05-12",
    "price" : 1567.40,
    "dma50" : 1562.91,
    "dma100" : null,
    "dma200" : 1671.27,
    "volume" : 226388.00
  }, {
    "date" : "2025-05-13",
    "price" : 1565.30,
    "dma50" : 1563.00,
    "dma100" : null,
    "dma200" : 1670.21,
    "volume" : 358987.00
  }, {
    "date" : "2025-05-14",
    "price" : 1603.80,
    "dma50" : 1564.60,
    "dma100" : null,
    "dma200" : 1669.55,
    "volume" : 505579.00
  }, {
    "date" : "2025-05-15",
    "price" : 1615.10,
    "dma50" : 1566.58,
    "dma100" : null,
    "dma200" : 1669.01,
    "volume" : 417786.00
  }, {
    "date" : "2025-05-16",
    "price" : 1632.30,
    "dma50" : 1569.16,
    "dma100" : null,
    "dma200" : 1668.64,
    "volume" : 546271.00
  }, {
    "date" : "2025-05-19",
    "price" : 1643.50,
    "dma50" : 1572.07,
    "dma100" : null,
    "dma200" : 1668.39,
    "volume" : 780768.00
  }, {
    "date" : "2025-05-20",
    "price" : 1634.30,
    "dma50" : 1574.51,
    "dma100" : null,
    "dma200" : 1668.05,
    "volume" : 565439.00
  }, {
    "date" : "2025-05-21",
    "price" : 1664.70,
    "dma50" : 1578.05,
    "dma100" : null,
    "dma200" : 1668.02,
    "volume" : 495392.00
  }, {
    "date" : "2025-05-22",
    "price" : 1667.40,
    "dma50" : 1581.55,
    "dma100" : null,
    "dma200" : 1668.02,
    "volume" : 674314.00
  }, {
    "date" : "2025-05-23",
    "price" : 1674.60,
    "dma50" : 1585.20,
    "dma100" : null,
    "dma200" : 1668.08,
    "volume" : 203097.00
  }, {
    "date" : "2025-05-26",
    "price" : 1690.70,
    "dma50" : 1589.34,
    "dma100" : null,
    "dma200" : 1668.31,
    "volume" : 554700.00
  }, {
    "date" : "2025-05-27",
    "price" : 1687.90,
    "dma50" : 1593.21,
    "dma100" : null,
    "dma200" : 1668.50,
    "volume" : 355373.00
  }, {
    "date" : "2025-05-28",
    "price" : 1690.10,
    "dma50" : 1597.01,
    "dma100" : null,
    "dma200" : 1668.72,
    "volume" : 316250.00
  }, {
    "date" : "2025-05-29",
    "price" : 1688.40,
    "dma50" : 1600.59,
    "dma100" : null,
    "dma200" : 1668.91,
    "volume" : 446804.00
  }, {
    "date" : "2025-05-30",
    "price" : 1676.20,
    "dma50" : 1603.55,
    "dma100" : null,
    "dma200" : 1668.98,
    "volume" : 1159574.00
  }, {
    "date" : "2025-06-02",
    "price" : 1676.20,
    "dma50" : 1606.40,
    "dma100" : null,
    "dma200" : 1669.06,
    "volume" : 209155.00
  }, {
    "date" : "2025-06-03",
    "price" : 1663.20,
    "dma50" : 1608.63,
    "dma100" : null,
    "dma200" : 1669.00,
    "volume" : 391981.00
  }, {
    "date" : "2025-06-04",
    "price" : 1682.70,
    "dma50" : 1611.54,
    "dma100" : null,
    "dma200" : 1669.13,
    "volume" : 208662.00
  }, {
    "date" : "2025-06-05",
    "price" : 1713.10,
    "dma50" : 1615.52,
    "dma100" : null,
    "dma200" : 1669.57,
    "volume" : 285505.00
  }, {
    "date" : "2025-06-06",
    "price" : 1713.10,
    "dma50" : 1619.35,
    "dma100" : null,
    "dma200" : 1670.00,
    "volume" : 123065.00
  }, {
    "date" : "2025-06-09",
    "price" : 1744.60,
    "dma50" : 1624.26,
    "dma100" : null,
    "dma200" : 1670.75,
    "volume" : 167553.00
  }, {
    "date" : "2025-06-10",
    "price" : 1735.00,
    "dma50" : 1628.60,
    "dma100" : null,
    "dma200" : 1671.39,
    "volume" : 333514.00
  }, {
    "date" : "2025-06-11",
    "price" : 1712.80,
    "dma50" : 1631.90,
    "dma100" : null,
    "dma200" : 1671.80,
    "volume" : 481635.00
  }, {
    "date" : "2025-06-12",
    "price" : 1700.70,
    "dma50" : 1634.60,
    "dma100" : null,
    "dma200" : 1672.09,
    "volume" : 335186.00
  }, {
    "date" : "2025-06-13",
    "price" : 1706.00,
    "dma50" : 1637.40,
    "dma100" : null,
    "dma200" : 1672.42,
    "volume" : 341068.00
  }, {
    "date" : "2025-06-16",
    "price" : 1710.50,
    "dma50" : 1640.27,
    "dma100" : null,
    "dma200" : 1672.80,
    "volume" : 124017.00
  }, {
    "date" : "2025-06-17",
    "price" : 1709.60,
    "dma50" : 1642.99,
    "dma100" : null,
    "dma200" : 1673.17,
    "volume" : 339148.00
  }, {
    "date" : "2025-06-18",
    "price" : 1699.70,
    "dma50" : 1645.21,
    "dma100" : null,
    "dma200" : 1673.43,
    "volume" : 161632.00
  }, {
    "date" : "2025-06-19",
    "price" : 1648.70,
    "dma50" : 1645.35,
    "dma100" : null,
    "dma200" : 1673.19,
    "volume" : 326934.00
  }, {
    "date" : "2025-06-20",
    "price" : 1654.50,
    "dma50" : 1645.71,
    "dma100" : null,
    "dma200" : 1673.00,
    "volume" : 247128.00
  }, {
    "date" : "2025-06-23",
    "price" : 1643.70,
    "dma50" : 1645.63,
    "dma100" : null,
    "dma200" : 1672.71,
    "volume" : 348624.00
  }, {
    "date" : "2025-06-24",
    "price" : 1645.90,
    "dma50" : 1645.64,
    "dma100" : null,
    "dma200" : 1672.44,
    "volume" : 411723.00
  }, {
    "date" : "2025-06-25",
    "price" : 1672.20,
    "dma50" : 1646.68,
    "dma100" : null,
    "dma200" : 1672.44,
    "volume" : 464288.00
  }, {
    "date" : "2025-06-26",
    "price" : 1673.00,
    "dma50" : 1647.71,
    "dma100" : null,
    "dma200" : 1672.45,
    "volume" : 338536.00
  }, {
    "date" : "2025-06-27",
    "price" : 1678.80,
    "dma50" : 1648.93,
    "dma100" : null,
    "dma200" : 1672.51,
    "volume" : 243434.00
  }, {
    "date" : "2025-06-30",
    "price" : 1690.60,
    "dma50" : 1650.56,
    "dma100" : null,
    "dma200" : 1672.69,
    "volume" : 188623.00
  }, {
    "date" : "2025-07-01",
    "price" : 1725.80,
    "dma50" : 1653.52,
    "dma100" : null,
    "dma200" : 1673.22,
    "volume" : 262882.00
  }, {
    "date" : "2025-07-02",
    "price" : 1807.50,
    "dma50" : 1659.55,
    "dma100" : null,
    "dma200" : 1674.55,
    "volume" : 3719056.00
  }, {
    "date" : "2025-07-03",
    "price" : 1778.00,
    "dma50" : 1664.20,
    "dma100" : null,
    "dma200" : 1675.58,
    "volume" : 1241926.00
  }, {
    "date" : "2025-07-04",
    "price" : 1762.40,
    "dma50" : 1668.05,
    "dma100" : null,
    "dma200" : 1676.45,
    "volume" : 702661.00
  }, {
    "date" : "2025-07-07",
    "price" : 1768.30,
    "dma50" : 1671.98,
    "dma100" : null,
    "dma200" : 1677.36,
    "volume" : 263917.00
  }, {
    "date" : "2025-07-08",
    "price" : 1763.50,
    "dma50" : 1675.57,
    "dma100" : null,
    "dma200" : 1678.22,
    "volume" : 254201.00
  }, {
    "date" : "2025-07-09",
    "price" : 1761.20,
    "dma50" : 1678.93,
    "dma100" : null,
    "dma200" : 1679.04,
    "volume" : 267084.00
  }, {
    "date" : "2025-07-10",
    "price" : 1753.40,
    "dma50" : 1681.85,
    "dma100" : null,
    "dma200" : 1679.78,
    "volume" : 283626.00
  }, {
    "date" : "2025-07-11",
    "price" : 1711.80,
    "dma50" : 1683.02,
    "dma100" : null,
    "dma200" : 1680.10,
    "volume" : 919457.00
  }, {
    "date" : "2025-07-14",
    "price" : 1713.40,
    "dma50" : 1684.21,
    "dma100" : null,
    "dma200" : 1680.43,
    "volume" : 579782.00
  }, {
    "date" : "2025-07-15",
    "price" : 1728.70,
    "dma50" : 1685.96,
    "dma100" : null,
    "dma200" : 1680.91,
    "volume" : 154170.00
  }, {
    "date" : "2025-07-16",
    "price" : 1724.10,
    "dma50" : 1687.45,
    "dma100" : null,
    "dma200" : 1681.34,
    "volume" : 182523.00
  }, {
    "date" : "2025-07-17",
    "price" : 1731.60,
    "dma50" : 1689.19,
    "dma100" : null,
    "dma200" : 1681.84,
    "volume" : 213650.00
  }, {
    "date" : "2025-07-18",
    "price" : 1763.80,
    "dma50" : 1692.11,
    "dma100" : null,
    "dma200" : 1682.66,
    "volume" : 3624194.00
  }, {
    "date" : "2025-07-21",
    "price" : 1771.20,
    "dma50" : 1695.21,
    "dma100" : null,
    "dma200" : 1683.54,
    "volume" : 688015.00
  }, {
    "date" : "2025-07-22",
    "price" : 1736.70,
    "dma50" : 1696.84,
    "dma100" : null,
    "dma200" : 1684.07,
    "volume" : 471818.00
  }, {
    "date" : "2025-07-23",
    "price" : 1741.60,
    "dma50" : 1698.60,
    "dma100" : 1618.39,
    "dma200" : 1684.64,
    "volume" : 284555.00
  }, {
    "date" : "2025-07-24",
    "price" : 1728.50,
    "dma50" : 1699.77,
    "dma100" : 1621.62,
    "dma200" : 1685.08,
    "volume" : 170867.00
  }, {
    "date" : "2025-07-25",
    "price" : 1728.80,
    "dma50" : 1700.91,
    "dma100" : 1625.02,
    "dma200" : 1685.51,
    "volume" : 383822.00
  }, {
    "date" : "2025-07-28",
    "price" : 1724.60,
    "dma50" : 1701.84,
    "dma100" : 1628.74,
    "dma200" : 1685.90,
    "volume" : 509899.00
  }, {
    "date" : "2025-07-29",
    "price" : 1729.40,
    "dma50" : 1702.92,
    "dma100" : 1632.80,
    "dma200" : 1686.33,
    "volume" : 457451.00
  }, {
    "date" : "2025-07-30",
    "price" : 1758.60,
    "dma50" : 1705.10,
    "dma100" : 1637.22,
    "dma200" : 1687.05,
    "volume" : 393290.00
  }, {
    "date" : "2025-07-31",
    "price" : 1724.70,
    "dma50" : 1705.87,
    "dma100" : 1640.57,
    "dma200" : 1687.43,
    "volume" : 650184.00
  }, {
    "date" : "2025-08-01",
    "price" : 1667.20,
    "dma50" : 1704.35,
    "dma100" : 1643.26,
    "dma200" : 1687.23,
    "volume" : 226810.00
  }, {
    "date" : "2025-08-04",
    "price" : 1675.40,
    "dma50" : 1703.22,
    "dma100" : 1646.17,
    "dma200" : 1687.11,
    "volume" : 222050.00
  }, {
    "date" : "2025-08-05",
    "price" : 1691.20,
    "dma50" : 1702.75,
    "dma100" : 1649.35,
    "dma200" : 1687.15,
    "volume" : 205018.00
  }, {
    "date" : "2025-08-06",
    "price" : 1685.00,
    "dma50" : 1702.05,
    "dma100" : 1651.28,
    "dma200" : 1687.13,
    "volume" : 168088.00
  }, {
    "date" : "2025-08-07",
    "price" : 1672.50,
    "dma50" : 1700.89,
    "dma100" : 1652.92,
    "dma200" : 1686.98,
    "volume" : 255067.00
  }, {
    "date" : "2025-08-08",
    "price" : 1654.50,
    "dma50" : 1699.07,
    "dma100" : 1654.43,
    "dma200" : 1686.66,
    "volume" : 112535.00
  }, {
    "date" : "2025-08-11",
    "price" : 1664.90,
    "dma50" : 1697.73,
    "dma100" : 1656.05,
    "dma200" : 1686.44,
    "volume" : 375209.00
  }, {
    "date" : "2025-08-12",
    "price" : 1627.00,
    "dma50" : 1694.96,
    "dma100" : 1657.26,
    "dma200" : 1685.85,
    "volume" : 216333.00
  }, {
    "date" : "2025-08-13",
    "price" : 1639.80,
    "dma50" : 1692.80,
    "dma100" : 1658.05,
    "dma200" : 1685.39,
    "volume" : 140287.00
  }, {
    "date" : "2025-08-14",
    "price" : 1694.90,
    "dma50" : 1692.88,
    "dma100" : 1658.94,
    "dma200" : 1685.49,
    "volume" : 263007.00
  }, {
    "date" : "2025-08-18",
    "price" : 1673.40,
    "dma50" : 1692.11,
    "dma100" : 1659.58,
    "dma200" : 1685.37,
    "volume" : 155819.00
  }, {
    "date" : "2025-08-19",
    "price" : 1668.80,
    "dma50" : 1691.20,
    "dma100" : 1660.15,
    "dma200" : 1685.20,
    "volume" : 251132.00
  }, {
    "date" : "2025-08-20",
    "price" : 1645.20,
    "dma50" : 1689.40,
    "dma100" : 1660.82,
    "dma200" : 1684.80,
    "volume" : 90738.00
  }, {
    "date" : "2025-08-21",
    "price" : 1589.00,
    "dma50" : 1685.46,
    "dma100" : 1660.66,
    "dma200" : 1683.85,
    "volume" : 6838951.00
  }, {
    "date" : "2025-08-22",
    "price" : 1604.50,
    "dma50" : 1682.28,
    "dma100" : 1660.76,
    "dma200" : 1683.06,
    "volume" : 569698.00
  }, {
    "date" : "2025-08-25",
    "price" : 1594.80,
    "dma50" : 1678.85,
    "dma100" : 1660.92,
    "dma200" : 1682.18,
    "volume" : 3526334.00
  }, {
    "date" : "2025-08-26",
    "price" : 1562.80,
    "dma50" : 1674.30,
    "dma100" : 1660.75,
    "dma200" : 1681.00,
    "volume" : 760482.00
  }, {
    "date" : "2025-08-28",
    "price" : 1559.60,
    "dma50" : 1669.80,
    "dma100" : 1660.40,
    "dma200" : 1679.79,
    "volume" : 1698943.00
  }, {
    "date" : "2025-08-29",
    "price" : 1548.60,
    "dma50" : 1665.05,
    "dma100" : 1659.57,
    "dma200" : 1678.48,
    "volume" : 471522.00
  }, {
    "date" : "2025-09-01",
    "price" : 1561.00,
    "dma50" : 1660.97,
    "dma100" : 1659.20,
    "dma200" : 1677.31,
    "volume" : 138751.00
  }, {
    "date" : "2025-09-02",
    "price" : 1551.50,
    "dma50" : 1656.68,
    "dma100" : 1659.22,
    "dma200" : 1676.06,
    "volume" : 95688.00
  }, {
    "date" : "2025-09-03",
    "price" : 1566.10,
    "dma50" : 1653.13,
    "dma100" : 1659.22,
    "dma200" : 1674.97,
    "volume" : 978738.00
  }, {
    "date" : "2025-09-04",
    "price" : 1554.30,
    "dma50" : 1649.25,
    "dma100" : 1659.29,
    "dma200" : 1673.77,
    "volume" : 530334.00
  }, {
    "date" : "2025-09-05",
    "price" : 1549.60,
    "dma50" : 1645.34,
    "dma100" : 1659.15,
    "dma200" : 1672.53,
    "volume" : 169303.00
  }, {
    "date" : "2025-09-08",
    "price" : 1547.00,
    "dma50" : 1641.49,
    "dma100" : 1658.71,
    "dma200" : 1671.28,
    "volume" : 109055.00
  }, {
    "date" : "2025-09-09",
    "price" : 1603.50,
    "dma50" : 1640.00,
    "dma100" : 1658.80,
    "dma200" : 1670.61,
    "volume" : 637734.00
  }, {
    "date" : "2025-09-10",
    "price" : 1582.70,
    "dma50" : 1637.75,
    "dma100" : 1658.98,
    "dma200" : 1669.73,
    "volume" : 258812.00
  }, {
    "date" : "2025-09-11",
    "price" : 1583.30,
    "dma50" : 1635.61,
    "dma100" : 1659.08,
    "dma200" : 1668.87,
    "volume" : 221109.00
  }, {
    "date" : "2025-09-12",
    "price" : 1614.00,
    "dma50" : 1634.77,
    "dma100" : 1659.23,
    "dma200" : 1668.33,
    "volume" : 382796.00
  }, {
    "date" : "2025-09-15",
    "price" : 1670.30,
    "dma50" : 1636.16,
    "dma100" : 1660.09,
    "dma200" : 1668.35,
    "volume" : 371498.00
  }, {
    "date" : "2025-09-16",
    "price" : 1713.80,
    "dma50" : 1639.20,
    "dma100" : 1661.14,
    "dma200" : 1668.80,
    "volume" : 418577.00
  }, {
    "date" : "2025-09-17",
    "price" : 1693.10,
    "dma50" : 1641.32,
    "dma100" : 1662.38,
    "dma200" : 1669.04,
    "volume" : 241022.00
  }, {
    "date" : "2025-09-18",
    "price" : 1683.60,
    "dma50" : 1642.98,
    "dma100" : 1663.40,
    "dma200" : 1669.19,
    "volume" : 419736.00
  }, {
    "date" : "2025-09-19",
    "price" : 1684.40,
    "dma50" : 1644.60,
    "dma100" : 1664.45,
    "dma200" : 1669.34,
    "volume" : 688338.00
  }, {
    "date" : "2025-09-22",
    "price" : 1652.90,
    "dma50" : 1644.93,
    "dma100" : 1665.07,
    "dma200" : 1669.17,
    "volume" : 128964.00
  }, {
    "date" : "2025-09-23",
    "price" : 1655.30,
    "dma50" : 1645.33,
    "dma100" : 1666.03,
    "dma200" : 1669.04,
    "volume" : 145000.00
  }, {
    "date" : "2025-09-24",
    "price" : 1654.60,
    "dma50" : 1645.70,
    "dma100" : 1666.66,
    "dma200" : 1668.89,
    "volume" : 129319.00
  }, {
    "date" : "2025-09-25",
    "price" : 1658.80,
    "dma50" : 1646.21,
    "dma100" : 1667.80,
    "dma200" : 1668.79,
    "volume" : 168378.00
  }, {
    "date" : "2025-09-26",
    "price" : 1613.70,
    "dma50" : 1644.94,
    "dma100" : 1668.50,
    "dma200" : 1668.24,
    "volume" : 156802.00
  }, {
    "date" : "2025-09-29",
    "price" : 1613.00,
    "dma50" : 1643.68,
    "dma100" : 1669.55,
    "dma200" : 1667.69,
    "volume" : 425583.00
  }, {
    "date" : "2025-09-30",
    "price" : 1613.30,
    "dma50" : 1642.49,
    "dma100" : 1670.53,
    "dma200" : 1667.15,
    "volume" : 190020.00
  }, {
    "date" : "2025-10-01",
    "price" : 1613.20,
    "dma50" : 1641.34,
    "dma100" : 1670.99,
    "dma200" : 1666.62,
    "volume" : 222994.00
  }, {
    "date" : "2025-10-03",
    "price" : 1613.80,
    "dma50" : 1640.26,
    "dma100" : 1671.47,
    "dma200" : 1666.09,
    "volume" : 179277.00
  }, {
    "date" : "2025-10-06",
    "price" : 1658.50,
    "dma50" : 1640.98,
    "dma100" : 1672.02,
    "dma200" : 1666.01,
    "volume" : 266956.00
  }, {
    "date" : "2025-10-07",
    "price" : 1662.50,
    "dma50" : 1641.82,
    "dma100" : 1672.49,
    "dma200" : 1665.98,
    "volume" : 106005.00
  }, {
    "date" : "2025-10-08",
    "price" : 1689.20,
    "dma50" : 1643.68,
    "dma100" : 1673.06,
    "dma200" : 1666.21,
    "volume" : 467658.00
  }, {
    "date" : "2025-10-09",
    "price" : 1696.80,
    "dma50" : 1645.76,
    "dma100" : 1673.59,
    "dma200" : 1666.51,
    "volume" : 144547.00
  }, {
    "date" : "2025-10-10",
    "price" : 1870.20,
    "dma50" : 1654.56,
    "dma100" : 1675.95,
    "dma200" : 1668.54,
    "volume" : 15809415.00
  }, {
    "date" : "2025-10-13",
    "price" : 1798.20,
    "dma50" : 1660.20,
    "dma100" : 1677.29,
    "dma200" : 1669.83,
    "volume" : 1159209.00
  }, {
    "date" : "2025-10-14",
    "price" : 1872.60,
    "dma50" : 1668.53,
    "dma100" : 1679.34,
    "dma200" : 1671.85,
    "volume" : 3723575.00
  }, {
    "date" : "2025-10-15",
    "price" : 1955.10,
    "dma50" : 1679.76,
    "dma100" : 1682.14,
    "dma200" : 1674.67,
    "volume" : 7439463.00
  }, {
    "date" : "2025-10-16",
    "price" : 1971.30,
    "dma50" : 1691.20,
    "dma100" : 1684.95,
    "dma200" : 1677.62,
    "volume" : 2811304.00
  }, {
    "date" : "2025-10-17",
    "price" : 1926.90,
    "dma50" : 1700.44,
    "dma100" : 1687.34,
    "dma200" : 1680.10,
    "volume" : 718234.00
  }, {
    "date" : "2025-10-20",
    "price" : 1905.10,
    "dma50" : 1708.47,
    "dma100" : 1689.49,
    "dma200" : 1682.34,
    "volume" : 818403.00
  }, {
    "date" : "2025-10-21",
    "price" : 1915.30,
    "dma50" : 1716.58,
    "dma100" : 1691.76,
    "dma200" : 1684.66,
    "volume" : 60197.00
  }, {
    "date" : "2025-10-23",
    "price" : 1852.20,
    "dma50" : 1721.90,
    "dma100" : 1693.52,
    "dma200" : 1686.32,
    "volume" : 316474.00
  }, {
    "date" : "2025-10-24",
    "price" : 1896.00,
    "dma50" : 1728.72,
    "dma100" : 1695.72,
    "dma200" : 1688.41,
    "volume" : 370768.00
  }, {
    "date" : "2025-10-27",
    "price" : 1941.30,
    "dma50" : 1737.06,
    "dma100" : 1698.50,
    "dma200" : 1690.93,
    "volume" : 606692.00
  }, {
    "date" : "2025-10-28",
    "price" : 1906.70,
    "dma50" : 1743.71,
    "dma100" : 1700.74,
    "dma200" : 1693.07,
    "volume" : 324937.00
  }, {
    "date" : "2025-10-29",
    "price" : 1909.70,
    "dma50" : 1750.22,
    "dma100" : 1702.70,
    "dma200" : 1695.23,
    "volume" : 167756.00
  }, {
    "date" : "2025-10-30",
    "price" : 1913.80,
    "dma50" : 1756.64,
    "dma100" : 1704.71,
    "dma200" : 1697.40,
    "volume" : 694123.00
  }, {
    "date" : "2025-10-31",
    "price" : 1875.40,
    "dma50" : 1761.29,
    "dma100" : 1706.02,
    "dma200" : 1699.17,
    "volume" : 162852.00
  }, {
    "date" : "2025-11-03",
    "price" : 1901.00,
    "dma50" : 1766.77,
    "dma100" : 1707.68,
    "dma200" : 1701.18,
    "volume" : 182953.00
  }, {
    "date" : "2025-11-04",
    "price" : 1905.40,
    "dma50" : 1772.21,
    "dma100" : 1709.61,
    "dma200" : 1703.21,
    "volume" : 287786.00
  }, {
    "date" : "2025-11-06",
    "price" : 1842.00,
    "dma50" : 1774.95,
    "dma100" : 1711.02,
    "dma200" : 1704.60,
    "volume" : 253338.00
  }, {
    "date" : "2025-11-07",
    "price" : 1849.40,
    "dma50" : 1777.87,
    "dma100" : 1712.45,
    "dma200" : 1706.04,
    "volume" : 248826.00
  }, {
    "date" : "2025-11-10",
    "price" : 1843.90,
    "dma50" : 1780.46,
    "dma100" : 1713.79,
    "dma200" : 1707.41,
    "volume" : 157697.00
  }, {
    "date" : "2025-11-11",
    "price" : 1840.00,
    "dma50" : 1782.79,
    "dma100" : 1715.09,
    "dma200" : 1708.73,
    "volume" : 106481.00
  }, {
    "date" : "2025-11-12",
    "price" : 1840.00,
    "dma50" : 1785.03,
    "dma100" : 1716.49,
    "dma200" : 1710.03,
    "volume" : 265366.00
  }, {
    "date" : "2025-11-13",
    "price" : 1888.70,
    "dma50" : 1789.10,
    "dma100" : 1718.89,
    "dma200" : 1711.81,
    "volume" : 371639.00
  }, {
    "date" : "2025-11-14",
    "price" : 1874.00,
    "dma50" : 1792.43,
    "dma100" : 1721.09,
    "dma200" : 1713.43,
    "volume" : 301508.00
  }, {
    "date" : "2025-11-17",
    "price" : 1906.90,
    "dma50" : 1796.92,
    "dma100" : 1723.72,
    "dma200" : 1715.35,
    "volume" : 216130.00
  }, {
    "date" : "2025-11-18",
    "price" : 1880.90,
    "dma50" : 1800.21,
    "dma100" : 1726.07,
    "dma200" : 1717.00,
    "volume" : 134233.00
  }, {
    "date" : "2025-11-19",
    "price" : 1875.50,
    "dma50" : 1803.16,
    "dma100" : 1728.10,
    "dma200" : 1718.57,
    "volume" : 134544.00
  }, {
    "date" : "2025-11-20",
    "price" : 1917.40,
    "dma50" : 1807.64,
    "dma100" : 1730.55,
    "dma200" : 1720.55,
    "volume" : 379444.00
  }, {
    "date" : "2025-11-21",
    "price" : 1920.90,
    "dma50" : 1812.09,
    "dma100" : 1732.97,
    "dma200" : 1722.55,
    "volume" : 515041.00
  }, {
    "date" : "2025-11-24",
    "price" : 1880.80,
    "dma50" : 1814.78,
    "dma100" : 1734.87,
    "dma200" : 1724.12,
    "volume" : 344536.00
  }, {
    "date" : "2025-11-25",
    "price" : 1825.90,
    "dma50" : 1815.22,
    "dma100" : 1735.87,
    "dma200" : 1725.13,
    "volume" : 272764.00
  }, {
    "date" : "2025-11-26",
    "price" : 1851.00,
    "dma50" : 1816.62,
    "dma100" : 1736.31,
    "dma200" : 1726.39,
    "volume" : 329547.00
  }, {
    "date" : "2025-11-27",
    "price" : 1842.90,
    "dma50" : 1817.65,
    "dma100" : 1736.96,
    "dma200" : 1727.55,
    "volume" : 219026.00
  }, {
    "date" : "2025-11-28",
    "price" : 1815.20,
    "dma50" : 1817.55,
    "dma100" : 1737.48,
    "dma200" : 1728.42,
    "volume" : 308985.00
  }, {
    "date" : "2025-12-01",
    "price" : 1836.60,
    "dma50" : 1818.30,
    "dma100" : 1738.17,
    "dma200" : 1729.49,
    "volume" : 186128.00
  }, {
    "date" : "2025-12-02",
    "price" : 1848.30,
    "dma50" : 1819.48,
    "dma100" : 1739.01,
    "dma200" : 1730.68,
    "volume" : 261637.00
  }, {
    "date" : "2025-12-03",
    "price" : 1864.90,
    "dma50" : 1821.26,
    "dma100" : 1740.05,
    "dma200" : 1732.01,
    "volume" : 576835.00
  }, {
    "date" : "2025-12-04",
    "price" : 1846.80,
    "dma50" : 1822.26,
    "dma100" : 1740.99,
    "dma200" : 1733.15,
    "volume" : 152478.00
  }, {
    "date" : "2025-12-05",
    "price" : 1837.90,
    "dma50" : 1822.87,
    "dma100" : 1742.25,
    "dma200" : 1734.20,
    "volume" : 183448.00
  }, {
    "date" : "2025-12-08",
    "price" : 1811.80,
    "dma50" : 1822.44,
    "dma100" : 1743.23,
    "dma200" : 1734.97,
    "volume" : 235460.00
  }, {
    "date" : "2025-12-09",
    "price" : 1806.40,
    "dma50" : 1821.81,
    "dma100" : 1744.01,
    "dma200" : 1735.68,
    "volume" : 309133.00
  }, {
    "date" : "2025-12-10",
    "price" : 1796.00,
    "dma50" : 1820.80,
    "dma100" : 1744.73,
    "dma200" : 1736.28,
    "volume" : 86441.00
  }, {
    "date" : "2025-12-11",
    "price" : 1775.30,
    "dma50" : 1819.01,
    "dma100" : 1745.16,
    "dma200" : 1736.67,
    "volume" : 297996.00
  }, {
    "date" : "2025-12-12",
    "price" : 1799.10,
    "dma50" : 1818.23,
    "dma100" : 1745.52,
    "dma200" : 1737.29,
    "volume" : 504027.00
  }, {
    "date" : "2025-12-15",
    "price" : 1792.40,
    "dma50" : 1817.22,
    "dma100" : 1745.73,
    "dma200" : 1737.84,
    "volume" : 70298.00
  }, {
    "date" : "2025-12-16",
    "price" : 1824.80,
    "dma50" : 1817.52,
    "dma100" : 1746.61,
    "dma200" : 1738.70,
    "volume" : 336797.00
  }, {
    "date" : "2025-12-17",
    "price" : 1827.70,
    "dma50" : 1817.92,
    "dma100" : 1747.47,
    "dma200" : 1739.59,
    "volume" : 124566.00
  }, {
    "date" : "2025-12-18",
    "price" : 1791.70,
    "dma50" : 1816.89,
    "dma100" : 1748.10,
    "dma200" : 1740.11,
    "volume" : 129358.00
  }, {
    "date" : "2025-12-19",
    "price" : 1824.70,
    "dma50" : 1817.19,
    "dma100" : 1749.06,
    "dma200" : 1740.95,
    "volume" : 237615.00
  }, {
    "date" : "2025-12-22",
    "price" : 1797.90,
    "dma50" : 1816.44,
    "dma100" : 1749.79,
    "dma200" : 1741.52,
    "volume" : 163227.00
  }, {
    "date" : "2025-12-23",
    "price" : 1793.70,
    "dma50" : 1815.55,
    "dma100" : 1750.44,
    "dma200" : 1742.03,
    "volume" : 126382.00
  }, {
    "date" : "2025-12-24",
    "price" : 1771.40,
    "dma50" : 1813.82,
    "dma100" : 1750.57,
    "dma200" : 1742.33,
    "volume" : 107554.00
  }, {
    "date" : "2025-12-26",
    "price" : 1777.60,
    "dma50" : 1812.39,
    "dma100" : 1751.09,
    "dma200" : 1742.68,
    "volume" : 102129.00
  }, {
    "date" : "2025-12-29",
    "price" : 1800.00,
    "dma50" : 1811.91,
    "dma100" : 1752.42,
    "dma200" : 1743.25,
    "volume" : 327544.00
  }, {
    "date" : "2025-12-30",
    "price" : 1811.70,
    "dma50" : 1811.90,
    "dma100" : 1753.79,
    "dma200" : 1743.93,
    "volume" : 475837.00
  }, {
    "date" : "2025-12-31",
    "price" : 1825.30,
    "dma50" : 1812.43,
    "dma100" : 1755.13,
    "dma200" : 1744.74,
    "volume" : 374295.00
  }, {
    "date" : "2026-01-01",
    "price" : 1811.50,
    "dma50" : 1812.39,
    "dma100" : 1756.39,
    "dma200" : 1745.40,
    "volume" : 117665.00
  }, {
    "date" : "2026-01-02",
    "price" : 1790.10,
    "dma50" : 1811.52,
    "dma100" : 1757.57,
    "dma200" : 1745.85,
    "volume" : 162658.00
  }, {
    "date" : "2026-01-05",
    "price" : 1803.00,
    "dma50" : 1811.18,
    "dma100" : 1759.05,
    "dma200" : 1746.42,
    "volume" : 154365.00
  }, {
    "date" : "2026-01-06",
    "price" : 1804.70,
    "dma50" : 1810.93,
    "dma100" : 1760.45,
    "dma200" : 1747.00,
    "volume" : 147266.00
  }, {
    "date" : "2026-01-07",
    "price" : 1799.90,
    "dma50" : 1810.50,
    "dma100" : 1762.18,
    "dma200" : 1747.52,
    "volume" : 297839.00
  }, {
    "date" : "2026-01-08",
    "price" : 1775.90,
    "dma50" : 1809.14,
    "dma100" : 1763.54,
    "dma200" : 1747.81,
    "volume" : 115234.00
  }, {
    "date" : "2026-01-09",
    "price" : 1741.70,
    "dma50" : 1806.49,
    "dma100" : 1764.01,
    "dma200" : 1747.74,
    "volume" : 130978.00
  }, {
    "date" : "2026-01-12",
    "price" : 1737.30,
    "dma50" : 1803.78,
    "dma100" : 1764.65,
    "dma200" : 1747.64,
    "volume" : 169950.00
  }, {
    "date" : "2026-01-13",
    "price" : 1738.60,
    "dma50" : 1801.22,
    "dma100" : 1765.35,
    "dma200" : 1747.55,
    "volume" : 73022.00
  }, {
    "date" : "2026-01-14",
    "price" : 1753.60,
    "dma50" : 1799.36,
    "dma100" : 1766.43,
    "dma200" : 1747.61,
    "volume" : 88856.00
  }, {
    "date" : "2026-01-16",
    "price" : 1754.60,
    "dma50" : 1797.60,
    "dma100" : 1768.09,
    "dma200" : 1747.68,
    "volume" : 188864.00
  }, {
    "date" : "2026-01-19",
    "price" : 1762.00,
    "dma50" : 1796.21,
    "dma100" : 1769.66,
    "dma200" : 1747.82,
    "volume" : 172616.00
  }, {
    "date" : "2026-01-20",
    "price" : 1712.20,
    "dma50" : 1792.91,
    "dma100" : 1770.83,
    "dma200" : 1747.47,
    "volume" : 204430.00
  }, {
    "date" : "2026-01-21",
    "price" : 1617.80,
    "dma50" : 1786.04,
    "dma100" : 1771.38,
    "dma200" : 1746.18,
    "volume" : 1022814.00
  }, {
    "date" : "2026-01-22",
    "price" : 1547.90,
    "dma50" : 1776.70,
    "dma100" : 1771.27,
    "dma200" : 1744.21,
    "volume" : 2103864.00
  }, {
    "date" : "2026-01-23",
    "price" : 1560.20,
    "dma50" : 1768.21,
    "dma100" : 1771.38,
    "dma200" : 1742.37,
    "volume" : 631060.00
  }, {
    "date" : "2026-01-27",
    "price" : 1556.20,
    "dma50" : 1759.90,
    "dma100" : 1771.34,
    "dma200" : 1740.52,
    "volume" : 151760.00
  }, {
    "date" : "2026-01-28",
    "price" : 1529.40,
    "dma50" : 1750.86,
    "dma100" : 1771.11,
    "dma200" : 1738.42,
    "volume" : 444576.00
  }, {
    "date" : "2026-01-29",
    "price" : 1528.60,
    "dma50" : 1742.14,
    "dma100" : 1770.74,
    "dma200" : 1736.33,
    "volume" : 727224.00
  }, {
    "date" : "2026-01-30",
    "price" : 1570.50,
    "dma50" : 1735.41,
    "dma100" : 1770.90,
    "dma200" : 1734.68,
    "volume" : 503566.00
  }, {
    "date" : "2026-02-01",
    "price" : 1604.90,
    "dma50" : 1730.30,
    "dma100" : 1771.45,
    "dma200" : 1733.39,
    "volume" : 256423.00
  }, {
    "date" : "2026-02-02",
    "price" : 1570.20,
    "dma50" : 1724.02,
    "dma100" : 1771.69,
    "dma200" : 1731.77,
    "volume" : 560132.00
  }, {
    "date" : "2026-02-03",
    "price" : 1583.30,
    "dma50" : 1718.50,
    "dma100" : 1771.48,
    "dma200" : 1730.29,
    "volume" : 384884.00
  }, {
    "date" : "2026-02-04",
    "price" : 1562.20,
    "dma50" : 1712.37,
    "dma100" : 1771.28,
    "dma200" : 1728.62,
    "volume" : 139383.00
  }, {
    "date" : "2026-02-05",
    "price" : 1550.00,
    "dma50" : 1706.00,
    "dma100" : 1770.95,
    "dma200" : 1726.84,
    "volume" : 103658.00
  }, {
    "date" : "2026-02-06",
    "price" : 1552.70,
    "dma50" : 1699.99,
    "dma100" : 1770.33,
    "dma200" : 1725.11,
    "volume" : 84674.00
  }, {
    "date" : "2026-02-09",
    "price" : 1573.60,
    "dma50" : 1695.03,
    "dma100" : 1769.37,
    "dma200" : 1723.60,
    "volume" : 617329.00
  }, {
    "date" : "2026-02-10",
    "price" : 1676.80,
    "dma50" : 1694.32,
    "dma100" : 1769.00,
    "dma200" : 1723.14,
    "volume" : 521981.00
  }, {
    "date" : "2026-02-11",
    "price" : 1703.30,
    "dma50" : 1694.67,
    "dma100" : 1769.10,
    "dma200" : 1722.94,
    "volume" : 588938.00
  }, {
    "date" : "2026-02-12",
    "price" : 1705.30,
    "dma50" : 1695.09,
    "dma100" : 1769.32,
    "dma200" : 1722.76,
    "volume" : 128195.00
  }, {
    "date" : "2026-02-13",
    "price" : 1656.90,
    "dma50" : 1693.59,
    "dma100" : 1769.04,
    "dma200" : 1722.11,
    "volume" : 159810.00
  }, {
    "date" : "2026-02-16",
    "price" : 1621.60,
    "dma50" : 1690.77,
    "dma100" : 1768.73,
    "dma200" : 1721.11,
    "volume" : 103517.00
  }, {
    "date" : "2026-02-17",
    "price" : 1651.30,
    "dma50" : 1689.22,
    "dma100" : 1768.69,
    "dma200" : 1720.41,
    "volume" : 84999.00
  }, {
    "date" : "2026-02-18",
    "price" : 1657.60,
    "dma50" : 1687.98,
    "dma100" : 1768.72,
    "dma200" : 1719.79,
    "volume" : 82361.00
  }, {
    "date" : "2026-02-19",
    "price" : 1656.50,
    "dma50" : 1686.74,
    "dma100" : 1768.69,
    "dma200" : 1719.16,
    "volume" : 185267.00
  }, {
    "date" : "2026-02-20",
    "price" : 1686.70,
    "dma50" : 1686.74,
    "dma100" : 1769.42,
    "dma200" : 1718.83,
    "volume" : 536094.00
  } ],
  "latestTechnicalAttributes" : {
    "date" : "2026-02-20",
    "price" : 1686.70,
    "dma50" : 1686.74,
    "dma100" : 1769.42,
    "dma200" : 1718.83,
    "volume" : 536094.00
  },
  "quarterlyResults" : [ {
    "date" : "2005-03-31",
    "sales" : 878.60,
    "salesGrowthYoY" : null,
    "grossProfitMargin" : 100.00,
    "grossProfit" : 878.60,
    "operatingProfitMargin" : 22.99,
    "operatingProfit" : 201.99,
    "netProfitMargin" : 13.90,
    "netProfit" : 122.13
  }, {
    "date" : "2005-06-30",
    "sales" : 914.90,
    "salesGrowthYoY" : null,
    "grossProfitMargin" : 100.00,
    "grossProfit" : 914.90,
    "operatingProfitMargin" : 27.03,
    "operatingProfit" : 247.30,
    "netProfitMargin" : 13.88,
    "netProfit" : 126.99
  }, {
    "date" : "2005-09-30",
    "sales" : 929.00,
    "salesGrowthYoY" : null,
    "grossProfitMargin" : 100.00,
    "grossProfit" : 929.00,
    "operatingProfitMargin" : 20.45,
    "operatingProfit" : 189.98,
    "netProfitMargin" : 9.80,
    "netProfit" : 91.04
  }, {
    "date" : "2005-12-31",
    "sales" : 978.00,
    "salesGrowthYoY" : null,
    "grossProfitMargin" : 100.00,
    "grossProfit" : 978.00,
    "operatingProfitMargin" : 20.96,
    "operatingProfit" : 204.99,
    "netProfitMargin" : 15.34,
    "netProfit" : 150.03
  }, {
    "date" : "2006-03-31",
    "sales" : 959.49,
    "salesGrowthYoY" : 9.21,
    "grossProfitMargin" : 100.00,
    "grossProfit" : 959.49,
    "operatingProfitMargin" : 24.16,
    "operatingProfit" : 231.81,
    "netProfitMargin" : 16.34,
    "netProfit" : 156.78
  }, {
    "date" : "2006-06-30",
    "sales" : 924.42,
    "salesGrowthYoY" : 1.04,
    "grossProfitMargin" : 100.00,
    "grossProfit" : 924.42,
    "operatingProfitMargin" : 22.70,
    "operatingProfit" : 209.84,
    "netProfitMargin" : 9.53,
    "netProfit" : 88.10
  }, {
    "date" : "2006-09-30",
    "sales" : 966.19,
    "salesGrowthYoY" : 4.00,
    "grossProfitMargin" : 100.00,
    "grossProfit" : 966.19,
    "operatingProfitMargin" : 22.03,
    "operatingProfit" : 212.85,
    "netProfitMargin" : 11.07,
    "netProfit" : 106.96
  }, {
    "date" : "2006-12-31",
    "sales" : 1065.65,
    "salesGrowthYoY" : 8.96,
    "grossProfitMargin" : 100.00,
    "grossProfit" : 1065.65,
    "operatingProfitMargin" : 26.04,
    "operatingProfit" : 277.50,
    "netProfitMargin" : 14.62,
    "netProfit" : 155.80
  }, {
    "date" : "2007-03-31",
    "sales" : 1039.04,
    "salesGrowthYoY" : 8.29,
    "grossProfitMargin" : 100.00,
    "grossProfit" : 1039.04,
    "operatingProfitMargin" : 25.19,
    "operatingProfit" : 261.73,
    "netProfitMargin" : 15.90,
    "netProfit" : 165.21
  }, {
    "date" : "2007-06-30",
    "sales" : 864.73,
    "salesGrowthYoY" : -6.46,
    "grossProfitMargin" : 100.00,
    "grossProfit" : 864.73,
    "operatingProfitMargin" : 28.41,
    "operatingProfit" : 245.67,
    "netProfitMargin" : 14.99,
    "netProfit" : 129.62
  }, {
    "date" : "2007-09-30",
    "sales" : 804.33,
    "salesGrowthYoY" : -16.75,
    "grossProfitMargin" : 100.00,
    "grossProfit" : 804.33,
    "operatingProfitMargin" : 21.01,
    "operatingProfit" : 168.99,
    "netProfitMargin" : 11.92,
    "netProfit" : 95.88
  }, {
    "date" : "2007-12-31",
    "sales" : 846.71,
    "salesGrowthYoY" : -20.55,
    "grossProfitMargin" : 100.00,
    "grossProfit" : 846.71,
    "operatingProfitMargin" : 19.08,
    "operatingProfit" : 161.55,
    "netProfitMargin" : 14.10,
    "netProfit" : 119.39
  }, {
    "date" : "2008-03-31",
    "sales" : 855.53,
    "salesGrowthYoY" : -17.66,
    "grossProfitMargin" : 100.00,
    "grossProfit" : 855.53,
    "operatingProfitMargin" : 17.66,
    "operatingProfit" : 151.09,
    "netProfitMargin" : 6.63,
    "netProfit" : 56.72
  }, {
    "date" : "2008-06-30",
    "sales" : 870.88,
    "salesGrowthYoY" : 0.71,
    "grossProfitMargin" : 100.00,
    "grossProfit" : 870.88,
    "operatingProfitMargin" : 22.84,
    "operatingProfit" : 198.91,
    "netProfitMargin" : 11.31,
    "netProfit" : 98.50
  }, {
    "date" : "2008-09-30",
    "sales" : 992.14,
    "salesGrowthYoY" : 23.35,
    "grossProfitMargin" : 100.00,
    "grossProfit" : 992.14,
    "operatingProfitMargin" : 22.99,
    "operatingProfit" : 228.09,
    "netProfitMargin" : 11.13,
    "netProfit" : 110.43
  }, {
    "date" : "2008-12-31",
    "sales" : 990.24,
    "salesGrowthYoY" : 16.95,
    "grossProfitMargin" : 100.00,
    "grossProfit" : 990.24,
    "operatingProfitMargin" : 23.28,
    "operatingProfit" : 230.53,
    "netProfitMargin" : 8.17,
    "netProfit" : 80.90
  }, {
    "date" : "2009-03-31",
    "sales" : 886.93,
    "salesGrowthYoY" : 3.67,
    "grossProfitMargin" : 100.00,
    "grossProfit" : 886.93,
    "operatingProfitMargin" : 20.06,
    "operatingProfit" : 177.92,
    "netProfitMargin" : 3.75,
    "netProfit" : 33.26
  }, {
    "date" : "2009-06-30",
    "sales" : 842.89,
    "salesGrowthYoY" : -3.21,
    "grossProfitMargin" : 100.00,
    "grossProfit" : 842.89,
    "operatingProfitMargin" : 25.90,
    "operatingProfit" : 218.31,
    "netProfitMargin" : 3.79,
    "netProfit" : 31.95
  }, {
    "date" : "2009-09-30",
    "sales" : 759.23,
    "salesGrowthYoY" : -23.48,
    "grossProfitMargin" : 100.00,
    "grossProfit" : 759.23,
    "operatingProfitMargin" : 23.07,
    "operatingProfit" : 175.15,
    "netProfitMargin" : 1.38,
    "netProfit" : 10.48
  }, {
    "date" : "2009-12-31",
    "sales" : 769.75,
    "salesGrowthYoY" : -22.27,
    "grossProfitMargin" : 100.00,
    "grossProfit" : 769.75,
    "operatingProfitMargin" : 20.22,
    "operatingProfit" : 155.64,
    "netProfitMargin" : 36.61,
    "netProfit" : 281.81
  }, {
    "date" : "2010-03-31",
    "sales" : 846.17,
    "salesGrowthYoY" : -4.60,
    "grossProfitMargin" : 100.00,
    "grossProfit" : 846.17,
    "operatingProfitMargin" : 23.31,
    "operatingProfit" : 197.24,
    "netProfitMargin" : 18.79,
    "netProfit" : 159.00
  }, {
    "date" : "2010-06-30",
    "sales" : 897.30,
    "salesGrowthYoY" : 6.46,
    "grossProfitMargin" : 100.00,
    "grossProfit" : 897.30,
    "operatingProfitMargin" : 24.16,
    "operatingProfit" : 216.79,
    "netProfitMargin" : 7.33,
    "netProfit" : 65.77
  }, {
    "date" : "2010-09-30",
    "sales" : 872.43,
    "salesGrowthYoY" : 14.91,
    "grossProfitMargin" : 100.00,
    "grossProfit" : 872.43,
    "operatingProfitMargin" : 25.00,
    "operatingProfit" : 218.11,
    "netProfitMargin" : 2.64,
    "netProfit" : 23.03
  }, {
    "date" : "2010-12-31",
    "sales" : 924.82,
    "salesGrowthYoY" : 20.15,
    "grossProfitMargin" : 100.00,
    "grossProfit" : 924.82,
    "operatingProfitMargin" : 21.59,
    "operatingProfit" : 199.67,
    "netProfitMargin" : 5.26,
    "netProfit" : 48.65
  }, {
    "date" : "2011-03-31",
    "sales" : 917.22,
    "salesGrowthYoY" : 8.40,
    "grossProfitMargin" : 100.00,
    "grossProfit" : 917.22,
    "operatingProfitMargin" : 24.16,
    "operatingProfit" : 221.60,
    "netProfitMargin" : 4.17,
    "netProfit" : 38.25
  }, {
    "date" : "2011-06-30",
    "sales" : 945.29,
    "salesGrowthYoY" : 5.35,
    "grossProfitMargin" : 100.00,
    "grossProfit" : 945.29,
    "operatingProfitMargin" : 24.65,
    "operatingProfit" : 233.01,
    "netProfitMargin" : 4.42,
    "netProfit" : 41.78
  }, {
    "date" : "2011-09-30",
    "sales" : 1026.61,
    "salesGrowthYoY" : 17.67,
    "grossProfitMargin" : 100.00,
    "grossProfit" : 1026.61,
    "operatingProfitMargin" : 28.78,
    "operatingProfit" : 295.46,
    "netProfitMargin" : 6.03,
    "netProfit" : 61.90
  }, {
    "date" : "2011-12-31",
    "sales" : 1019.23,
    "salesGrowthYoY" : 10.21,
    "grossProfitMargin" : 100.00,
    "grossProfit" : 1019.23,
    "operatingProfitMargin" : 21.79,
    "operatingProfit" : 222.09,
    "netProfitMargin" : 2.89,
    "netProfit" : 29.46
  }, {
    "date" : "2012-03-31",
    "sales" : 1100.64,
    "salesGrowthYoY" : 20.00,
    "grossProfitMargin" : 100.00,
    "grossProfit" : 1100.64,
    "operatingProfitMargin" : 21.57,
    "operatingProfit" : 237.41,
    "netProfitMargin" : 3.47,
    "netProfit" : 38.19
  }, {
    "date" : "2012-06-30",
    "sales" : 1082.22,
    "salesGrowthYoY" : 14.49,
    "grossProfitMargin" : 100.00,
    "grossProfit" : 1082.22,
    "operatingProfitMargin" : 17.57,
    "operatingProfit" : 190.15,
    "netProfitMargin" : 10.54,
    "netProfit" : 114.07
  }, {
    "date" : "2012-09-30",
    "sales" : 1094.44,
    "salesGrowthYoY" : 6.61,
    "grossProfitMargin" : 100.00,
    "grossProfit" : 1094.44,
    "operatingProfitMargin" : 17.99,
    "operatingProfit" : 196.89,
    "netProfitMargin" : 2.19,
    "netProfit" : 23.97
  }, {
    "date" : "2012-12-31",
    "sales" : 1089.23,
    "salesGrowthYoY" : 6.87,
    "grossProfitMargin" : 100.00,
    "grossProfit" : 1089.23,
    "operatingProfitMargin" : 26.23,
    "operatingProfit" : 285.71,
    "netProfitMargin" : 7.81,
    "netProfit" : 85.07
  }, {
    "date" : "2013-03-31",
    "sales" : 1150.23,
    "salesGrowthYoY" : 4.51,
    "grossProfitMargin" : 100.00,
    "grossProfit" : 1150.23,
    "operatingProfitMargin" : 28.47,
    "operatingProfit" : 327.47,
    "netProfitMargin" : 11.49,
    "netProfit" : 132.16
  }, {
    "date" : "2013-06-30",
    "sales" : 1140.65,
    "salesGrowthYoY" : 5.40,
    "grossProfitMargin" : 100.00,
    "grossProfit" : 1140.65,
    "operatingProfitMargin" : 23.94,
    "operatingProfit" : 273.07,
    "netProfitMargin" : 7.67,
    "netProfit" : 87.49
  }, {
    "date" : "2013-09-30",
    "sales" : 1219.23,
    "salesGrowthYoY" : 11.40,
    "grossProfitMargin" : 100.00,
    "grossProfit" : 1219.23,
    "operatingProfitMargin" : 24.77,
    "operatingProfit" : 302.00,
    "netProfitMargin" : 10.12,
    "netProfit" : 123.39
  }, {
    "date" : "2013-12-31",
    "sales" : 1202.18,
    "salesGrowthYoY" : 10.37,
    "grossProfitMargin" : 100.00,
    "grossProfit" : 1202.18,
    "operatingProfitMargin" : 27.36,
    "operatingProfit" : 328.92,
    "netProfitMargin" : 11.69,
    "netProfit" : 140.53
  }, {
    "date" : "2014-03-31",
    "sales" : 814.34,
    "salesGrowthYoY" : -29.20,
    "grossProfitMargin" : 100.00,
    "grossProfit" : 814.34,
    "operatingProfitMargin" : 11.54,
    "operatingProfit" : 93.97,
    "netProfitMargin" : 15.15,
    "netProfit" : 123.37
  }, {
    "date" : "2014-06-30",
    "sales" : 1069.54,
    "salesGrowthYoY" : -6.23,
    "grossProfitMargin" : 100.00,
    "grossProfit" : 1069.54,
    "operatingProfitMargin" : 24.36,
    "operatingProfit" : 260.54,
    "netProfitMargin" : 11.75,
    "netProfit" : 125.67
  }, {
    "date" : "2014-09-30",
    "sales" : 1097.81,
    "salesGrowthYoY" : -9.96,
    "grossProfitMargin" : 100.00,
    "grossProfit" : 1097.81,
    "operatingProfitMargin" : 23.28,
    "operatingProfit" : 255.57,
    "netProfitMargin" : 24.42,
    "netProfit" : 268.09
  }, {
    "date" : "2014-12-31",
    "sales" : 1065.26,
    "salesGrowthYoY" : -11.39,
    "grossProfitMargin" : 100.00,
    "grossProfit" : 1065.26,
    "operatingProfitMargin" : 23.15,
    "operatingProfit" : 246.61,
    "netProfitMargin" : 11.28,
    "netProfit" : 120.16
  }, {
    "date" : "2015-03-31",
    "sales" : 1086.74,
    "salesGrowthYoY" : 33.45,
    "grossProfitMargin" : 100.00,
    "grossProfit" : 1086.74,
    "operatingProfitMargin" : 24.41,
    "operatingProfit" : 265.27,
    "netProfitMargin" : 11.91,
    "netProfit" : 129.43
  }, {
    "date" : "2015-06-30",
    "sales" : 1155.81,
    "salesGrowthYoY" : 8.07,
    "grossProfitMargin" : 100.00,
    "grossProfit" : 1155.81,
    "operatingProfitMargin" : 23.97,
    "operatingProfit" : 277.05,
    "netProfitMargin" : 11.10,
    "netProfit" : 128.29
  }, {
    "date" : "2015-09-30",
    "sales" : 1204.11,
    "salesGrowthYoY" : 9.68,
    "grossProfitMargin" : 100.00,
    "grossProfit" : 1204.11,
    "operatingProfitMargin" : 24.53,
    "operatingProfit" : 295.37,
    "netProfitMargin" : 15.70,
    "netProfit" : 189.05
  }, {
    "date" : "2015-12-31",
    "sales" : 1208.27,
    "salesGrowthYoY" : 13.42,
    "grossProfitMargin" : 100.00,
    "grossProfit" : 1208.27,
    "operatingProfitMargin" : 24.11,
    "operatingProfit" : 291.31,
    "netProfitMargin" : -0.96,
    "netProfit" : -11.60
  }, {
    "date" : "2016-03-31",
    "sales" : 1222.13,
    "salesGrowthYoY" : 12.46,
    "grossProfitMargin" : 100.00,
    "grossProfit" : 1222.13,
    "operatingProfitMargin" : 26.87,
    "operatingProfit" : 328.39,
    "netProfitMargin" : 7.95,
    "netProfit" : 97.16
  }, {
    "date" : "2016-06-30",
    "sales" : 1220.52,
    "salesGrowthYoY" : 5.60,
    "grossProfitMargin" : 100.00,
    "grossProfit" : 1220.52,
    "operatingProfitMargin" : 26.68,
    "operatingProfit" : 325.63,
    "netProfitMargin" : 16.74,
    "netProfit" : 204.32
  }, {
    "date" : "2016-09-30",
    "sales" : 1248.52,
    "salesGrowthYoY" : 3.69,
    "grossProfitMargin" : 100.00,
    "grossProfit" : 1248.52,
    "operatingProfitMargin" : 24.81,
    "operatingProfit" : 309.76,
    "netProfitMargin" : 21.44,
    "netProfit" : 267.68
  }, {
    "date" : "2016-12-31",
    "sales" : 1318.62,
    "salesGrowthYoY" : 9.13,
    "grossProfitMargin" : 100.00,
    "grossProfit" : 1318.62,
    "operatingProfitMargin" : 23.13,
    "operatingProfit" : 305.00,
    "netProfitMargin" : 15.53,
    "netProfit" : 204.78
  }, {
    "date" : "2017-03-31",
    "sales" : 1280.49,
    "salesGrowthYoY" : 4.78,
    "grossProfitMargin" : 100.00,
    "grossProfit" : 1280.49,
    "operatingProfitMargin" : 19.75,
    "operatingProfit" : 252.90,
    "netProfitMargin" : -29.83,
    "netProfit" : -381.97
  }, {
    "date" : "2017-06-30",
    "sales" : 1291.60,
    "salesGrowthYoY" : 5.82,
    "grossProfitMargin" : 100.00,
    "grossProfit" : 1291.60,
    "operatingProfitMargin" : 19.50,
    "operatingProfit" : 251.86,
    "netProfitMargin" : 6.34,
    "netProfit" : 81.89
  }, {
    "date" : "2017-09-30",
    "sales" : 1286.97,
    "salesGrowthYoY" : 3.08,
    "grossProfitMargin" : 100.00,
    "grossProfit" : 1286.97,
    "operatingProfitMargin" : 25.06,
    "operatingProfit" : 322.51,
    "netProfitMargin" : 1.55,
    "netProfit" : 19.95
  }, {
    "date" : "2017-12-31",
    "sales" : 1298.43,
    "salesGrowthYoY" : -1.53,
    "grossProfitMargin" : 100.00,
    "grossProfit" : 1298.43,
    "operatingProfitMargin" : 25.77,
    "operatingProfit" : 334.61,
    "netProfitMargin" : 9.40,
    "netProfit" : 122.05
  }, {
    "date" : "2018-03-31",
    "sales" : 1343.53,
    "salesGrowthYoY" : 4.92,
    "grossProfitMargin" : 100.00,
    "grossProfit" : 1343.53,
    "operatingProfitMargin" : 24.54,
    "operatingProfit" : 329.70,
    "netProfitMargin" : 15.72,
    "netProfit" : 211.20
  }, {
    "date" : "2018-06-30",
    "sales" : 1257.57,
    "salesGrowthYoY" : -2.63,
    "grossProfitMargin" : 100.00,
    "grossProfit" : 1257.57,
    "operatingProfitMargin" : 25.39,
    "operatingProfit" : 319.30,
    "netProfitMargin" : 5.63,
    "netProfit" : 70.80
  }, {
    "date" : "2018-09-30",
    "sales" : 1295.10,
    "salesGrowthYoY" : 0.63,
    "grossProfitMargin" : 100.00,
    "grossProfit" : 1295.10,
    "operatingProfitMargin" : 20.08,
    "operatingProfit" : 260.06,
    "netProfitMargin" : 2.63,
    "netProfit" : 34.06
  }, {
    "date" : "2018-12-31",
    "sales" : 1414.08,
    "salesGrowthYoY" : 8.91,
    "grossProfitMargin" : 100.00,
    "grossProfit" : 1414.08,
    "operatingProfitMargin" : 20.86,
    "operatingProfit" : 294.98,
    "netProfitMargin" : 4.32,
    "netProfit" : 61.09
  }, {
    "date" : "2019-03-31",
    "sales" : 1422.38,
    "salesGrowthYoY" : 5.87,
    "grossProfitMargin" : 100.00,
    "grossProfit" : 1422.38,
    "operatingProfitMargin" : 24.71,
    "operatingProfit" : 351.47,
    "netProfitMargin" : -2.59,
    "netProfit" : -36.84
  }, {
    "date" : "2019-06-30",
    "sales" : 1373.08,
    "salesGrowthYoY" : 9.19,
    "grossProfitMargin" : 100.00,
    "grossProfit" : 1373.08,
    "operatingProfitMargin" : 29.26,
    "operatingProfit" : 401.76,
    "netProfitMargin" : 12.16,
    "netProfit" : 166.97
  }, {
    "date" : "2019-09-30",
    "sales" : 1469.64,
    "salesGrowthYoY" : 13.48,
    "grossProfitMargin" : 100.00,
    "grossProfit" : 1469.64,
    "operatingProfitMargin" : 25.39,
    "operatingProfit" : 373.14,
    "netProfitMargin" : 5.29,
    "netProfit" : 77.74
  }, {
    "date" : "2019-12-31",
    "sales" : 1418.68,
    "salesGrowthYoY" : 0.33,
    "grossProfitMargin" : 100.00,
    "grossProfit" : 1418.68,
    "operatingProfitMargin" : 26.58,
    "operatingProfit" : 377.09,
    "netProfitMargin" : 8.00,
    "netProfit" : 113.49
  }, {
    "date" : "2020-03-31",
    "sales" : 1488.93,
    "salesGrowthYoY" : 4.68,
    "grossProfitMargin" : 100.00,
    "grossProfit" : 1488.93,
    "operatingProfitMargin" : 28.21,
    "operatingProfit" : 420.03,
    "netProfitMargin" : 9.32,
    "netProfit" : 138.77
  }, {
    "date" : "2020-06-30",
    "sales" : 1510.35,
    "salesGrowthYoY" : 10.00,
    "grossProfitMargin" : 100.00,
    "grossProfit" : 1510.35,
    "operatingProfitMargin" : 31.73,
    "operatingProfit" : 479.23,
    "netProfitMargin" : 11.95,
    "netProfit" : 180.49
  }, {
    "date" : "2020-09-30",
    "sales" : 1592.15,
    "salesGrowthYoY" : 8.34,
    "grossProfitMargin" : 100.00,
    "grossProfit" : 1592.15,
    "operatingProfitMargin" : 34.01,
    "operatingProfit" : 541.49,
    "netProfitMargin" : 22.36,
    "netProfit" : 356.00
  }, {
    "date" : "2020-12-31",
    "sales" : 1544.48,
    "salesGrowthYoY" : 8.87,
    "grossProfitMargin" : 100.00,
    "grossProfit" : 1544.48,
    "operatingProfitMargin" : 30.18,
    "operatingProfit" : 466.12,
    "netProfitMargin" : 12.22,
    "netProfit" : 188.74
  }, {
    "date" : "2021-03-31",
    "sales" : 1578.34,
    "salesGrowthYoY" : 6.00,
    "grossProfitMargin" : 100.00,
    "grossProfit" : 1578.34,
    "operatingProfitMargin" : 31.47,
    "operatingProfit" : 496.70,
    "netProfitMargin" : 12.30,
    "netProfit" : 194.14
  }, {
    "date" : "2021-06-30",
    "sales" : 1576.20,
    "salesGrowthYoY" : 4.36,
    "grossProfitMargin" : 100.00,
    "grossProfit" : 1576.20,
    "operatingProfitMargin" : 30.11,
    "operatingProfit" : 474.59,
    "netProfitMargin" : 21.17,
    "netProfit" : 333.68
  }, {
    "date" : "2021-09-30",
    "sales" : 1628.17,
    "salesGrowthYoY" : 2.26,
    "grossProfitMargin" : 100.00,
    "grossProfit" : 1628.17,
    "operatingProfitMargin" : 32.66,
    "operatingProfit" : 531.76,
    "netProfitMargin" : 14.98,
    "netProfit" : 243.90
  }, {
    "date" : "2021-12-31",
    "sales" : 1657.70,
    "salesGrowthYoY" : 7.33,
    "grossProfitMargin" : 100.00,
    "grossProfit" : 1657.70,
    "operatingProfitMargin" : 30.51,
    "operatingProfit" : 505.76,
    "netProfitMargin" : 13.60,
    "netProfit" : 225.45
  }, {
    "date" : "2022-03-31",
    "sales" : 1725.28,
    "salesGrowthYoY" : 9.31,
    "grossProfitMargin" : 100.00,
    "grossProfit" : 1725.28,
    "operatingProfitMargin" : 25.71,
    "operatingProfit" : 443.57,
    "netProfitMargin" : 20.63,
    "netProfit" : 355.93
  }, {
    "date" : "2022-06-30",
    "sales" : 1720.36,
    "salesGrowthYoY" : 9.15,
    "grossProfitMargin" : 100.00,
    "grossProfit" : 1720.36,
    "operatingProfitMargin" : 27.31,
    "operatingProfit" : 469.83,
    "netProfitMargin" : 20.90,
    "netProfit" : 359.56
  }, {
    "date" : "2022-09-30",
    "sales" : 1775.02,
    "salesGrowthYoY" : 9.02,
    "grossProfitMargin" : 100.00,
    "grossProfit" : 1775.02,
    "operatingProfitMargin" : 25.35,
    "operatingProfit" : 449.97,
    "netProfitMargin" : 11.25,
    "netProfit" : 199.69
  }, {
    "date" : "2022-12-31",
    "sales" : 1843.54,
    "salesGrowthYoY" : 11.21,
    "grossProfitMargin" : 100.00,
    "grossProfit" : 1843.54,
    "operatingProfitMargin" : 25.02,
    "operatingProfit" : 461.25,
    "netProfitMargin" : 11.33,
    "netProfit" : 208.87
  }, {
    "date" : "2023-03-31",
    "sales" : 1897.36,
    "salesGrowthYoY" : 9.97,
    "grossProfitMargin" : 100.00,
    "grossProfit" : 1897.36,
    "operatingProfitMargin" : 24.51,
    "operatingProfit" : 465.04,
    "netProfitMargin" : 6.39,
    "netProfit" : 121.24
  }, {
    "date" : "2023-06-30",
    "sales" : 1975.08,
    "salesGrowthYoY" : 14.81,
    "grossProfitMargin" : 100.00,
    "grossProfit" : 1975.08,
    "operatingProfitMargin" : 24.80,
    "operatingProfit" : 489.82,
    "netProfitMargin" : 16.54,
    "netProfit" : 326.68
  }, {
    "date" : "2023-09-30",
    "sales" : 2007.66,
    "salesGrowthYoY" : 13.11,
    "grossProfitMargin" : 100.00,
    "grossProfit" : 2007.66,
    "operatingProfitMargin" : 22.42,
    "operatingProfit" : 450.12,
    "netProfitMargin" : 8.19,
    "netProfit" : 164.43
  }, {
    "date" : "2023-12-31",
    "sales" : 2005.28,
    "salesGrowthYoY" : 8.77,
    "grossProfitMargin" : 100.00,
    "grossProfit" : 2005.28,
    "operatingProfitMargin" : 24.52,
    "operatingProfit" : 491.69,
    "netProfitMargin" : -2.17,
    "netProfit" : -43.51
  }, {
    "date" : "2024-03-31",
    "sales" : 2003.66,
    "salesGrowthYoY" : 5.60,
    "grossProfitMargin" : 100.00,
    "grossProfit" : 2003.66,
    "operatingProfitMargin" : 23.55,
    "operatingProfit" : 471.86,
    "netProfitMargin" : 9.00,
    "netProfit" : 180.33
  }, {
    "date" : "2024-06-30",
    "sales" : 1808.65,
    "salesGrowthYoY" : -8.43,
    "grossProfitMargin" : 100.00,
    "grossProfit" : 1808.65,
    "operatingProfitMargin" : 22.35,
    "operatingProfit" : 404.23,
    "netProfitMargin" : 10.36,
    "netProfit" : 187.38
  }, {
    "date" : "2024-09-30",
    "sales" : 1794.09,
    "salesGrowthYoY" : -10.64,
    "grossProfitMargin" : 100.00,
    "grossProfit" : 1794.09,
    "operatingProfitMargin" : 22.80,
    "operatingProfit" : 409.05,
    "netProfitMargin" : 6.82,
    "netProfit" : 122.36
  }, {
    "date" : "2024-12-31",
    "sales" : 1814.65,
    "salesGrowthYoY" : -9.51,
    "grossProfitMargin" : 100.00,
    "grossProfit" : 1814.65,
    "operatingProfitMargin" : 23.22,
    "operatingProfit" : 421.36,
    "netProfitMargin" : 7.41,
    "netProfit" : 134.47
  }, {
    "date" : "2025-03-31",
    "sales" : 1860.47,
    "salesGrowthYoY" : -7.15,
    "grossProfitMargin" : 100.00,
    "grossProfit" : 1860.47,
    "operatingProfitMargin" : 19.44,
    "operatingProfit" : 361.68,
    "netProfitMargin" : 5.88,
    "netProfit" : 109.40
  }, {
    "date" : "2025-06-30",
    "sales" : 1823.02,
    "salesGrowthYoY" : 0.79,
    "grossProfitMargin" : 100.00,
    "grossProfit" : 1823.02,
    "operatingProfitMargin" : 19.60,
    "operatingProfit" : 357.31,
    "netProfitMargin" : 7.48,
    "netProfit" : 136.36
  }, {
    "date" : "2025-09-30",
    "sales" : 1802.60,
    "salesGrowthYoY" : 0.47,
    "grossProfitMargin" : 100.00,
    "grossProfit" : 1802.60,
    "operatingProfitMargin" : 25.00,
    "operatingProfit" : 450.65,
    "netProfitMargin" : 8.59,
    "netProfit" : 154.84
  }, {
    "date" : "2025-12-31",
    "sales" : 1868.74,
    "salesGrowthYoY" : 2.98,
    "grossProfitMargin" : 100.00,
    "grossProfit" : 1868.74,
    "operatingProfitMargin" : 24.10,
    "operatingProfit" : 450.37,
    "netProfitMargin" : 16.36,
    "netProfit" : 305.73
  } ],
  "latestQuarterlyResult" : {
    "date" : "2025-12-31",
    "sales" : 1868.74,
    "salesGrowthYoY" : 2.98,
    "grossProfitMargin" : 100.00,
    "grossProfit" : 1868.74,
    "operatingProfitMargin" : 24.10,
    "operatingProfit" : 450.37,
    "netProfitMargin" : 16.36,
    "netProfit" : 305.73
  },
  "companyScore" : {
    "priceHigherThanDma50" : 0.00,
    "priceHigherThanDma100" : 0.00,
    "priceHigherThanDma200" : 0.00,
    "dma50HigherThanDma100" : 0.00,
    "dma50HigherThanDma200" : 0.00,
    "dma100HigherThanDma200" : 5.00,
    "pricePercentageAboveDma50" : 5.00,
    "pricePercentageAboveDma100" : 5.23,
    "pricePercentageAboveDma200" : 5.09,
    "weeklyVolumeHigherThanYearlyVolume" : 0.00,
    "salesGrowthPercentile" : 10.27,
    "operatingProfitMarginPercentile" : 11.18,
    "netProfitMarginPercentile" : 8.81,
    "totalTechnicalScore" : 20.33,
    "totalFundamentalScore" : 30.26,
    "totalScore" : 50.59
  }
}