{
  "metadata" : {
    "screenerCompanyId" : "3368",
    "companyCode" : "TATAINVEST",
    "companyName" : "Tata Inv.Corpn.",
    "screenerCompanyLink" : "https://www.screener.in/company/TATAINVEST/consolidated/",
    "screenerTechnicalHistoryLink" : "https://www.screener.in/api/company/3368/chart/?q=Price-DMA50-DMA200-Volume&days=365",
    "screenerQuarterlyResultsLink" : "https://www.screener.in/api/company/3368/chart/?q=GPM-OPM-NPM-Quarter+Sales&days=10000",
    "attributes" : {
      "companyCode" : "TATAINVEST",
      "companyName" : "Tata Inv.Corpn.",
      "marketCap" : 32333.00,
      "peRatio" : 79.30,
      "description" : "Tata Investment Corporation Ltd is primarily engaged in the business of investment in listed and unlisted equity shares, debt instruments and mutual funds etc. of companies in a wide range of industries. The company is a NBFC registered with the RBI under the category of Investment Company.[1]"
    },
    "companyScore" : {
      "priceHigherThanDma50" : 0.00,
      "priceHigherThanDma100" : 0.00,
      "priceHigherThanDma200" : 0.00,
      "dma50HigherThanDma100" : 0.00,
      "dma50HigherThanDma200" : 0.00,
      "dma100HigherThanDma200" : 5.00,
      "pricePercentageAboveDma50" : 5.22,
      "pricePercentageAboveDma100" : 5.74,
      "pricePercentageAboveDma200" : 5.43,
      "weeklyVolumeHigherThanYearlyVolume" : 0.00,
      "salesGrowthPercentile" : 11.65,
      "operatingProfitMarginPercentile" : 12.32,
      "netProfitMarginPercentile" : 6.05,
      "totalTechnicalScore" : 21.40,
      "totalFundamentalScore" : 30.01,
      "totalScore" : 51.41
    }
  },
  "attributes" : {
    "companyCode" : "TATAINVEST",
    "companyName" : "Tata Inv.Corpn.",
    "marketCap" : 32333.00,
    "peRatio" : 79.30,
    "description" : "Tata Investment Corporation Ltd is primarily engaged in the business of investment in listed and unlisted equity shares, debt instruments and mutual funds etc. of companies in a wide range of industries. The company is a NBFC registered with the RBI under the category of Investment Company.[1]"
  },
  "technicalHistory" : [ {
    "date" : "2025-02-18",
    "price" : 523.45,
    "dma50" : 611.37,
    "dma100" : null,
    "dma200" : 625.55,
    "volume" : 270410.00
  }, {
    "date" : "2025-02-19",
    "price" : 594.45,
    "dma50" : 610.70,
    "dma100" : null,
    "dma200" : 625.24,
    "volume" : 8373241.00
  }, {
    "date" : "2025-02-20",
    "price" : 608.73,
    "dma50" : 610.63,
    "dma100" : null,
    "dma200" : 625.07,
    "volume" : 7179825.00
  }, {
    "date" : "2025-02-21",
    "price" : 594.12,
    "dma50" : 609.98,
    "dma100" : null,
    "dma200" : 624.76,
    "volume" : 2239313.00
  }, {
    "date" : "2025-02-24",
    "price" : 575.53,
    "dma50" : 608.63,
    "dma100" : null,
    "dma200" : 624.27,
    "volume" : 762030.00
  }, {
    "date" : "2025-02-25",
    "price" : 616.73,
    "dma50" : 608.95,
    "dma100" : null,
    "dma200" : 624.20,
    "volume" : 14396527.00
  }, {
    "date" : "2025-02-27",
    "price" : 597.22,
    "dma50" : 608.49,
    "dma100" : null,
    "dma200" : 623.93,
    "volume" : 1445999.00
  }, {
    "date" : "2025-02-28",
    "price" : 606.55,
    "dma50" : 608.41,
    "dma100" : null,
    "dma200" : 623.76,
    "volume" : 1968615.00
  }, {
    "date" : "2025-03-03",
    "price" : 593.28,
    "dma50" : 607.82,
    "dma100" : null,
    "dma200" : 623.45,
    "volume" : 1409859.00
  }, {
    "date" : "2025-03-04",
    "price" : 600.66,
    "dma50" : 607.54,
    "dma100" : null,
    "dma200" : 623.23,
    "volume" : 3221055.00
  }, {
    "date" : "2025-03-05",
    "price" : 602.58,
    "dma50" : 607.34,
    "dma100" : null,
    "dma200" : 623.02,
    "volume" : 1202320.00
  }, {
    "date" : "2025-03-06",
    "price" : 619.83,
    "dma50" : 607.83,
    "dma100" : null,
    "dma200" : 622.99,
    "volume" : 1506879.00
  }, {
    "date" : "2025-03-07",
    "price" : 638.48,
    "dma50" : 609.03,
    "dma100" : null,
    "dma200" : 623.14,
    "volume" : 3916240.00
  }, {
    "date" : "2025-03-10",
    "price" : 622.97,
    "dma50" : 609.58,
    "dma100" : null,
    "dma200" : 623.14,
    "volume" : 1000193.00
  }, {
    "date" : "2025-03-11",
    "price" : 612.64,
    "dma50" : 609.70,
    "dma100" : null,
    "dma200" : 623.04,
    "volume" : 689320.00
  }, {
    "date" : "2025-03-12",
    "price" : 617.37,
    "dma50" : 610.00,
    "dma100" : null,
    "dma200" : 622.98,
    "volume" : 553510.00
  }, {
    "date" : "2025-03-13",
    "price" : 610.75,
    "dma50" : 610.03,
    "dma100" : null,
    "dma200" : 622.86,
    "volume" : 478430.00
  }, {
    "date" : "2025-03-17",
    "price" : 610.37,
    "dma50" : 610.04,
    "dma100" : null,
    "dma200" : 622.74,
    "volume" : 351230.00
  }, {
    "date" : "2025-03-18",
    "price" : 618.00,
    "dma50" : 610.36,
    "dma100" : null,
    "dma200" : 622.69,
    "volume" : 409240.00
  }, {
    "date" : "2025-03-19",
    "price" : 626.77,
    "dma50" : 611.00,
    "dma100" : null,
    "dma200" : 622.73,
    "volume" : 556110.00
  }, {
    "date" : "2025-03-20",
    "price" : 622.05,
    "dma50" : 611.43,
    "dma100" : null,
    "dma200" : 622.72,
    "volume" : 592280.00
  }, {
    "date" : "2025-03-21",
    "price" : 643.39,
    "dma50" : 612.69,
    "dma100" : null,
    "dma200" : 622.93,
    "volume" : 1197682.00
  }, {
    "date" : "2025-03-24",
    "price" : 643.40,
    "dma50" : 613.89,
    "dma100" : null,
    "dma200" : 623.13,
    "volume" : 739620.00
  }, {
    "date" : "2025-03-25",
    "price" : 636.39,
    "dma50" : 614.77,
    "dma100" : null,
    "dma200" : 623.26,
    "volume" : 544680.00
  }, {
    "date" : "2025-03-26",
    "price" : 626.34,
    "dma50" : 615.23,
    "dma100" : null,
    "dma200" : 623.29,
    "volume" : 469977.00
  }, {
    "date" : "2025-03-27",
    "price" : 633.16,
    "dma50" : 615.93,
    "dma100" : null,
    "dma200" : 623.39,
    "volume" : 686620.00
  }, {
    "date" : "2025-03-28",
    "price" : 631.77,
    "dma50" : 616.55,
    "dma100" : null,
    "dma200" : 623.48,
    "volume" : 583450.00
  }, {
    "date" : "2025-04-01",
    "price" : 623.21,
    "dma50" : 616.81,
    "dma100" : null,
    "dma200" : 623.47,
    "volume" : 289510.00
  }, {
    "date" : "2025-04-02",
    "price" : 627.10,
    "dma50" : 617.22,
    "dma100" : null,
    "dma200" : 623.51,
    "volume" : 195519.00
  }, {
    "date" : "2025-04-03",
    "price" : 626.67,
    "dma50" : 617.59,
    "dma100" : null,
    "dma200" : 623.54,
    "volume" : 168949.00
  }, {
    "date" : "2025-04-04",
    "price" : 615.03,
    "dma50" : 617.49,
    "dma100" : null,
    "dma200" : 623.46,
    "volume" : 298230.00
  }, {
    "date" : "2025-04-07",
    "price" : 597.62,
    "dma50" : 616.71,
    "dma100" : null,
    "dma200" : 623.20,
    "volume" : 517200.00
  }, {
    "date" : "2025-04-08",
    "price" : 611.08,
    "dma50" : 616.49,
    "dma100" : null,
    "dma200" : 623.08,
    "volume" : 288930.00
  }, {
    "date" : "2025-04-09",
    "price" : 604.80,
    "dma50" : 616.03,
    "dma100" : null,
    "dma200" : 622.90,
    "volume" : 148299.00
  }, {
    "date" : "2025-04-11",
    "price" : 617.15,
    "dma50" : 616.07,
    "dma100" : null,
    "dma200" : 622.84,
    "volume" : 349810.00
  }, {
    "date" : "2025-04-15",
    "price" : 622.65,
    "dma50" : 616.33,
    "dma100" : null,
    "dma200" : 622.84,
    "volume" : 257640.00
  }, {
    "date" : "2025-04-16",
    "price" : 625.85,
    "dma50" : 616.70,
    "dma100" : null,
    "dma200" : 622.87,
    "volume" : 280960.00
  }, {
    "date" : "2025-04-17",
    "price" : 628.90,
    "dma50" : 617.18,
    "dma100" : null,
    "dma200" : 622.93,
    "volume" : 215000.00
  }, {
    "date" : "2025-04-21",
    "price" : 640.05,
    "dma50" : 618.08,
    "dma100" : null,
    "dma200" : 623.10,
    "volume" : 937850.00
  }, {
    "date" : "2025-04-22",
    "price" : 628.15,
    "dma50" : 618.47,
    "dma100" : null,
    "dma200" : 623.15,
    "volume" : 765130.00
  }, {
    "date" : "2025-04-23",
    "price" : 625.65,
    "dma50" : 618.75,
    "dma100" : null,
    "dma200" : 623.17,
    "volume" : 350350.00
  }, {
    "date" : "2025-04-24",
    "price" : 625.85,
    "dma50" : 619.03,
    "dma100" : null,
    "dma200" : 623.20,
    "volume" : 227610.00
  }, {
    "date" : "2025-04-25",
    "price" : 612.85,
    "dma50" : 618.79,
    "dma100" : null,
    "dma200" : 623.10,
    "volume" : 432710.00
  }, {
    "date" : "2025-04-28",
    "price" : 611.85,
    "dma50" : 618.52,
    "dma100" : null,
    "dma200" : 622.99,
    "volume" : 316810.00
  }, {
    "date" : "2025-04-29",
    "price" : 606.95,
    "dma50" : 618.06,
    "dma100" : null,
    "dma200" : 622.83,
    "volume" : 255540.00
  }, {
    "date" : "2025-04-30",
    "price" : 593.55,
    "dma50" : 617.10,
    "dma100" : null,
    "dma200" : 622.53,
    "volume" : 332560.00
  }, {
    "date" : "2025-05-02",
    "price" : 592.55,
    "dma50" : 616.14,
    "dma100" : null,
    "dma200" : 622.24,
    "volume" : 236670.00
  }, {
    "date" : "2025-05-05",
    "price" : 600.40,
    "dma50" : 615.52,
    "dma100" : null,
    "dma200" : 622.02,
    "volume" : 205140.00
  }, {
    "date" : "2025-05-06",
    "price" : 585.90,
    "dma50" : 614.36,
    "dma100" : null,
    "dma200" : 621.66,
    "volume" : 210120.00
  }, {
    "date" : "2025-05-07",
    "price" : 584.25,
    "dma50" : 613.18,
    "dma100" : null,
    "dma200" : 621.29,
    "volume" : 304420.00
  }, {
    "date" : "2025-05-08",
    "price" : 587.00,
    "dma50" : 612.15,
    "dma100" : null,
    "dma200" : 620.95,
    "volume" : 346400.00
  }, {
    "date" : "2025-05-09",
    "price" : 580.60,
    "dma50" : 610.92,
    "dma100" : null,
    "dma200" : 620.54,
    "volume" : 303630.00
  }, {
    "date" : "2025-05-12",
    "price" : 602.40,
    "dma50" : 610.58,
    "dma100" : null,
    "dma200" : 620.36,
    "volume" : 334370.00
  }, {
    "date" : "2025-05-13",
    "price" : 607.95,
    "dma50" : 610.48,
    "dma100" : null,
    "dma200" : 620.24,
    "volume" : 313680.00
  }, {
    "date" : "2025-05-14",
    "price" : 612.85,
    "dma50" : 610.57,
    "dma100" : null,
    "dma200" : 620.17,
    "volume" : 218520.00
  }, {
    "date" : "2025-05-15",
    "price" : 617.65,
    "dma50" : 610.85,
    "dma100" : null,
    "dma200" : 620.14,
    "volume" : 253000.00
  }, {
    "date" : "2025-05-16",
    "price" : 620.90,
    "dma50" : 611.24,
    "dma100" : null,
    "dma200" : 620.15,
    "volume" : 319780.00
  }, {
    "date" : "2025-05-19",
    "price" : 632.20,
    "dma50" : 612.07,
    "dma100" : null,
    "dma200" : 620.27,
    "volume" : 595210.00
  }, {
    "date" : "2025-05-20",
    "price" : 618.35,
    "dma50" : 612.31,
    "dma100" : null,
    "dma200" : 620.25,
    "volume" : 234290.00
  }, {
    "date" : "2025-05-21",
    "price" : 617.30,
    "dma50" : 612.51,
    "dma100" : null,
    "dma200" : 620.22,
    "volume" : 243430.00
  }, {
    "date" : "2025-05-22",
    "price" : 618.55,
    "dma50" : 612.74,
    "dma100" : null,
    "dma200" : 620.20,
    "volume" : 159340.00
  }, {
    "date" : "2025-05-23",
    "price" : 626.90,
    "dma50" : 613.30,
    "dma100" : null,
    "dma200" : 620.27,
    "volume" : 451650.00
  }, {
    "date" : "2025-05-26",
    "price" : 627.15,
    "dma50" : 613.84,
    "dma100" : null,
    "dma200" : 620.34,
    "volume" : 376700.00
  }, {
    "date" : "2025-05-27",
    "price" : 630.55,
    "dma50" : 614.50,
    "dma100" : null,
    "dma200" : 620.44,
    "volume" : 166890.00
  }, {
    "date" : "2025-05-28",
    "price" : 643.25,
    "dma50" : 615.63,
    "dma100" : null,
    "dma200" : 620.67,
    "volume" : 1121880.00
  }, {
    "date" : "2025-05-29",
    "price" : 653.90,
    "dma50" : 617.13,
    "dma100" : null,
    "dma200" : 621.00,
    "volume" : 793030.00
  }, {
    "date" : "2025-05-30",
    "price" : 672.95,
    "dma50" : 619.32,
    "dma100" : null,
    "dma200" : 621.52,
    "volume" : 3487810.00
  }, {
    "date" : "2025-06-02",
    "price" : 678.90,
    "dma50" : 621.65,
    "dma100" : null,
    "dma200" : 622.09,
    "volume" : 689640.00
  }, {
    "date" : "2025-06-03",
    "price" : 666.45,
    "dma50" : 623.41,
    "dma100" : null,
    "dma200" : 622.53,
    "volume" : 560680.00
  }, {
    "date" : "2025-06-04",
    "price" : 662.20,
    "dma50" : 624.93,
    "dma100" : null,
    "dma200" : 622.92,
    "volume" : 372460.00
  }, {
    "date" : "2025-06-05",
    "price" : 663.35,
    "dma50" : 626.44,
    "dma100" : null,
    "dma200" : 623.32,
    "volume" : 323450.00
  }, {
    "date" : "2025-06-06",
    "price" : 682.80,
    "dma50" : 628.65,
    "dma100" : null,
    "dma200" : 623.92,
    "volume" : 4796618.00
  }, {
    "date" : "2025-06-09",
    "price" : 690.65,
    "dma50" : 631.08,
    "dma100" : null,
    "dma200" : 624.58,
    "volume" : 638300.00
  }, {
    "date" : "2025-06-10",
    "price" : 733.65,
    "dma50" : 635.10,
    "dma100" : null,
    "dma200" : 625.67,
    "volume" : 5311139.00
  }, {
    "date" : "2025-06-11",
    "price" : 717.45,
    "dma50" : 638.33,
    "dma100" : null,
    "dma200" : 626.58,
    "volume" : 1492529.00
  }, {
    "date" : "2025-06-12",
    "price" : 688.40,
    "dma50" : 640.29,
    "dma100" : null,
    "dma200" : 627.19,
    "volume" : 1047630.00
  }, {
    "date" : "2025-06-13",
    "price" : 679.40,
    "dma50" : 641.83,
    "dma100" : null,
    "dma200" : 627.71,
    "volume" : 841450.00
  }, {
    "date" : "2025-06-16",
    "price" : 671.50,
    "dma50" : 642.99,
    "dma100" : null,
    "dma200" : 628.15,
    "volume" : 807060.00
  }, {
    "date" : "2025-06-17",
    "price" : 660.70,
    "dma50" : 643.69,
    "dma100" : null,
    "dma200" : 628.47,
    "volume" : 493430.00
  }, {
    "date" : "2025-06-18",
    "price" : 652.75,
    "dma50" : 644.04,
    "dma100" : null,
    "dma200" : 628.71,
    "volume" : 436010.00
  }, {
    "date" : "2025-06-19",
    "price" : 642.40,
    "dma50" : 643.98,
    "dma100" : null,
    "dma200" : 628.85,
    "volume" : 363200.00
  }, {
    "date" : "2025-06-20",
    "price" : 663.10,
    "dma50" : 644.73,
    "dma100" : null,
    "dma200" : 629.19,
    "volume" : 739370.00
  }, {
    "date" : "2025-06-23",
    "price" : 665.90,
    "dma50" : 645.56,
    "dma100" : null,
    "dma200" : 629.56,
    "volume" : 982180.00
  }, {
    "date" : "2025-06-24",
    "price" : 673.15,
    "dma50" : 646.64,
    "dma100" : null,
    "dma200" : 629.99,
    "volume" : 963110.00
  }, {
    "date" : "2025-06-25",
    "price" : 679.45,
    "dma50" : 647.93,
    "dma100" : null,
    "dma200" : 630.48,
    "volume" : 323000.00
  }, {
    "date" : "2025-06-26",
    "price" : 678.70,
    "dma50" : 649.13,
    "dma100" : null,
    "dma200" : 630.96,
    "volume" : 237300.00
  }, {
    "date" : "2025-06-27",
    "price" : 681.05,
    "dma50" : 650.38,
    "dma100" : null,
    "dma200" : 631.46,
    "volume" : 411350.00
  }, {
    "date" : "2025-06-30",
    "price" : 686.15,
    "dma50" : 651.79,
    "dma100" : null,
    "dma200" : 632.01,
    "volume" : 306370.00
  }, {
    "date" : "2025-07-01",
    "price" : 686.95,
    "dma50" : 653.17,
    "dma100" : null,
    "dma200" : 632.55,
    "volume" : 349150.00
  }, {
    "date" : "2025-07-02",
    "price" : 682.40,
    "dma50" : 654.31,
    "dma100" : null,
    "dma200" : 633.05,
    "volume" : 242410.00
  }, {
    "date" : "2025-07-03",
    "price" : 682.50,
    "dma50" : 655.42,
    "dma100" : null,
    "dma200" : 633.54,
    "volume" : 221530.00
  }, {
    "date" : "2025-07-04",
    "price" : 674.95,
    "dma50" : 656.18,
    "dma100" : null,
    "dma200" : 633.95,
    "volume" : 224880.00
  }, {
    "date" : "2025-07-07",
    "price" : 667.40,
    "dma50" : 656.62,
    "dma100" : null,
    "dma200" : 634.28,
    "volume" : 306870.00
  }, {
    "date" : "2025-07-08",
    "price" : 667.35,
    "dma50" : 657.04,
    "dma100" : null,
    "dma200" : 634.61,
    "volume" : 162890.00
  }, {
    "date" : "2025-07-09",
    "price" : 664.10,
    "dma50" : 657.32,
    "dma100" : null,
    "dma200" : 634.91,
    "volume" : 220980.00
  }, {
    "date" : "2025-07-10",
    "price" : 665.00,
    "dma50" : 657.62,
    "dma100" : null,
    "dma200" : 635.21,
    "volume" : 130920.00
  }, {
    "date" : "2025-07-11",
    "price" : 660.55,
    "dma50" : 657.74,
    "dma100" : null,
    "dma200" : 635.46,
    "volume" : 173480.00
  }, {
    "date" : "2025-07-14",
    "price" : 654.10,
    "dma50" : 657.59,
    "dma100" : null,
    "dma200" : 635.64,
    "volume" : 162450.00
  }, {
    "date" : "2025-07-15",
    "price" : 658.05,
    "dma50" : 657.61,
    "dma100" : null,
    "dma200" : 635.87,
    "volume" : 133400.00
  }, {
    "date" : "2025-07-16",
    "price" : 659.40,
    "dma50" : 657.68,
    "dma100" : null,
    "dma200" : 636.10,
    "volume" : 110010.00
  }, {
    "date" : "2025-07-17",
    "price" : 659.10,
    "dma50" : 657.74,
    "dma100" : 635.82,
    "dma200" : 636.33,
    "volume" : 121330.00
  }, {
    "date" : "2025-07-18",
    "price" : 654.10,
    "dma50" : 657.60,
    "dma100" : 636.42,
    "dma200" : 636.51,
    "volume" : 109790.00
  }, {
    "date" : "2025-07-21",
    "price" : 675.95,
    "dma50" : 658.31,
    "dma100" : 637.09,
    "dma200" : 636.90,
    "volume" : 3416569.00
  }, {
    "date" : "2025-07-22",
    "price" : 671.60,
    "dma50" : 658.84,
    "dma100" : 637.86,
    "dma200" : 637.24,
    "volume" : 399560.00
  }, {
    "date" : "2025-07-23",
    "price" : 677.55,
    "dma50" : 659.57,
    "dma100" : 638.88,
    "dma200" : 637.65,
    "volume" : 491580.00
  }, {
    "date" : "2025-07-24",
    "price" : 675.05,
    "dma50" : 660.18,
    "dma100" : 639.47,
    "dma200" : 638.02,
    "volume" : 246750.00
  }, {
    "date" : "2025-07-25",
    "price" : 662.35,
    "dma50" : 660.26,
    "dma100" : 640.12,
    "dma200" : 638.26,
    "volume" : 195810.00
  }, {
    "date" : "2025-07-28",
    "price" : 664.65,
    "dma50" : 660.43,
    "dma100" : 640.70,
    "dma200" : 638.52,
    "volume" : 577680.00
  }, {
    "date" : "2025-07-29",
    "price" : 671.75,
    "dma50" : 660.88,
    "dma100" : 641.48,
    "dma200" : 638.85,
    "volume" : 366350.00
  }, {
    "date" : "2025-07-30",
    "price" : 673.10,
    "dma50" : 661.36,
    "dma100" : 642.21,
    "dma200" : 639.19,
    "volume" : 273380.00
  }, {
    "date" : "2025-07-31",
    "price" : 680.10,
    "dma50" : 662.09,
    "dma100" : 642.98,
    "dma200" : 639.60,
    "volume" : 1080350.00
  }, {
    "date" : "2025-08-01",
    "price" : 678.25,
    "dma50" : 662.73,
    "dma100" : 643.57,
    "dma200" : 639.99,
    "volume" : 632370.00
  }, {
    "date" : "2025-08-04",
    "price" : 697.60,
    "dma50" : 664.09,
    "dma100" : 644.16,
    "dma200" : 640.56,
    "volume" : 2624519.00
  }, {
    "date" : "2025-08-05",
    "price" : 713.80,
    "dma50" : 666.04,
    "dma100" : 645.07,
    "dma200" : 641.29,
    "volume" : 14485633.00
  }, {
    "date" : "2025-08-06",
    "price" : 708.45,
    "dma50" : 667.71,
    "dma100" : 646.03,
    "dma200" : 641.96,
    "volume" : 1254950.00
  }, {
    "date" : "2025-08-07",
    "price" : 690.25,
    "dma50" : 668.59,
    "dma100" : 646.75,
    "dma200" : 642.44,
    "volume" : 1066020.00
  }, {
    "date" : "2025-08-08",
    "price" : 689.45,
    "dma50" : 669.41,
    "dma100" : 647.54,
    "dma200" : 642.90,
    "volume" : 599390.00
  }, {
    "date" : "2025-08-11",
    "price" : 689.85,
    "dma50" : 670.21,
    "dma100" : 648.34,
    "dma200" : 643.37,
    "volume" : 387450.00
  }, {
    "date" : "2025-08-12",
    "price" : 688.95,
    "dma50" : 670.94,
    "dma100" : 649.05,
    "dma200" : 643.83,
    "volume" : 300540.00
  }, {
    "date" : "2025-08-13",
    "price" : 687.55,
    "dma50" : 671.60,
    "dma100" : 649.65,
    "dma200" : 644.26,
    "volume" : 269310.00
  }, {
    "date" : "2025-08-14",
    "price" : 687.55,
    "dma50" : 672.22,
    "dma100" : 650.31,
    "dma200" : 644.69,
    "volume" : 229640.00
  }, {
    "date" : "2025-08-18",
    "price" : 688.75,
    "dma50" : 672.87,
    "dma100" : 650.76,
    "dma200" : 645.13,
    "volume" : 263660.00
  }, {
    "date" : "2025-08-19",
    "price" : 692.20,
    "dma50" : 673.63,
    "dma100" : 651.25,
    "dma200" : 645.60,
    "volume" : 205750.00
  }, {
    "date" : "2025-08-20",
    "price" : 693.95,
    "dma50" : 674.42,
    "dma100" : 651.83,
    "dma200" : 646.08,
    "volume" : 272330.00
  }, {
    "date" : "2025-08-21",
    "price" : 695.40,
    "dma50" : 675.25,
    "dma100" : 652.52,
    "dma200" : 646.57,
    "volume" : 234730.00
  }, {
    "date" : "2025-08-22",
    "price" : 691.55,
    "dma50" : 675.89,
    "dma100" : 653.10,
    "dma200" : 647.02,
    "volume" : 165070.00
  }, {
    "date" : "2025-08-25",
    "price" : 699.65,
    "dma50" : 676.82,
    "dma100" : 653.78,
    "dma200" : 647.54,
    "volume" : 499740.00
  }, {
    "date" : "2025-08-26",
    "price" : 688.10,
    "dma50" : 677.26,
    "dma100" : 654.43,
    "dma200" : 647.94,
    "volume" : 229320.00
  }, {
    "date" : "2025-08-28",
    "price" : 683.45,
    "dma50" : 677.50,
    "dma100" : 654.99,
    "dma200" : 648.30,
    "volume" : 253360.00
  }, {
    "date" : "2025-08-29",
    "price" : 681.55,
    "dma50" : 677.66,
    "dma100" : 655.54,
    "dma200" : 648.63,
    "volume" : 271770.00
  }, {
    "date" : "2025-09-01",
    "price" : 681.65,
    "dma50" : 677.82,
    "dma100" : 656.21,
    "dma200" : 648.96,
    "volume" : 333750.00
  }, {
    "date" : "2025-09-02",
    "price" : 682.65,
    "dma50" : 678.01,
    "dma100" : 657.06,
    "dma200" : 649.29,
    "volume" : 191090.00
  }, {
    "date" : "2025-09-03",
    "price" : 680.25,
    "dma50" : 678.10,
    "dma100" : 657.75,
    "dma200" : 649.60,
    "volume" : 264880.00
  }, {
    "date" : "2025-09-04",
    "price" : 674.75,
    "dma50" : 677.96,
    "dma100" : 658.45,
    "dma200" : 649.85,
    "volume" : 254290.00
  }, {
    "date" : "2025-09-05",
    "price" : 675.85,
    "dma50" : 677.88,
    "dma100" : 659.03,
    "dma200" : 650.11,
    "volume" : 164560.00
  }, {
    "date" : "2025-09-08",
    "price" : 672.45,
    "dma50" : 677.67,
    "dma100" : 659.53,
    "dma200" : 650.33,
    "volume" : 187010.00
  }, {
    "date" : "2025-09-09",
    "price" : 669.15,
    "dma50" : 677.33,
    "dma100" : 659.97,
    "dma200" : 650.52,
    "volume" : 232360.00
  }, {
    "date" : "2025-09-10",
    "price" : 676.05,
    "dma50" : 677.28,
    "dma100" : 660.44,
    "dma200" : 650.77,
    "volume" : 239110.00
  }, {
    "date" : "2025-09-11",
    "price" : 686.05,
    "dma50" : 677.63,
    "dma100" : 660.90,
    "dma200" : 651.12,
    "volume" : 870000.00
  }, {
    "date" : "2025-09-12",
    "price" : 687.70,
    "dma50" : 678.02,
    "dma100" : 661.49,
    "dma200" : 651.49,
    "volume" : 567040.00
  }, {
    "date" : "2025-09-15",
    "price" : 689.20,
    "dma50" : 678.46,
    "dma100" : 662.13,
    "dma200" : 651.86,
    "volume" : 207390.00
  }, {
    "date" : "2025-09-16",
    "price" : 703.90,
    "dma50" : 679.46,
    "dma100" : 662.91,
    "dma200" : 652.38,
    "volume" : 642660.00
  }, {
    "date" : "2025-09-17",
    "price" : 704.15,
    "dma50" : 680.43,
    "dma100" : 663.82,
    "dma200" : 652.90,
    "volume" : 452890.00
  }, {
    "date" : "2025-09-18",
    "price" : 750.25,
    "dma50" : 683.17,
    "dma100" : 665.21,
    "dma200" : 653.86,
    "volume" : 7493838.00
  }, {
    "date" : "2025-09-19",
    "price" : 733.35,
    "dma50" : 685.13,
    "dma100" : 666.47,
    "dma200" : 654.66,
    "volume" : 1275720.00
  }, {
    "date" : "2025-09-22",
    "price" : 728.10,
    "dma50" : 686.82,
    "dma100" : 667.81,
    "dma200" : 655.39,
    "volume" : 1378470.00
  }, {
    "date" : "2025-09-23",
    "price" : 813.80,
    "dma50" : 691.80,
    "dma100" : 670.03,
    "dma200" : 656.96,
    "volume" : 18320090.00
  }, {
    "date" : "2025-09-24",
    "price" : 886.35,
    "dma50" : 699.43,
    "dma100" : 672.89,
    "dma200" : 659.25,
    "volume" : 39544203.00
  }, {
    "date" : "2025-09-25",
    "price" : 837.20,
    "dma50" : 704.83,
    "dma100" : 675.40,
    "dma200" : 661.02,
    "volume" : 9130270.00
  }, {
    "date" : "2025-09-26",
    "price" : 866.60,
    "dma50" : 711.17,
    "dma100" : 678.22,
    "dma200" : 663.06,
    "volume" : 22814740.00
  }, {
    "date" : "2025-09-29",
    "price" : 884.30,
    "dma50" : 717.96,
    "dma100" : 681.20,
    "dma200" : 665.26,
    "volume" : 12572015.00
  }, {
    "date" : "2025-09-30",
    "price" : 1033.05,
    "dma50" : 730.32,
    "dma100" : 685.72,
    "dma200" : 668.92,
    "volume" : 60197693.00
  }, {
    "date" : "2025-10-01",
    "price" : 1058.00,
    "dma50" : 743.17,
    "dma100" : 690.28,
    "dma200" : 672.79,
    "volume" : 32108890.00
  }, {
    "date" : "2025-10-03",
    "price" : 1000.20,
    "dma50" : 753.25,
    "dma100" : 694.20,
    "dma200" : 676.05,
    "volume" : 58250880.00
  }, {
    "date" : "2025-10-06",
    "price" : 994.70,
    "dma50" : 762.72,
    "dma100" : 698.02,
    "dma200" : 679.22,
    "volume" : 22036750.00
  }, {
    "date" : "2025-10-07",
    "price" : 920.50,
    "dma50" : 768.91,
    "dma100" : 701.05,
    "dma200" : 681.62,
    "volume" : 23717114.00
  }, {
    "date" : "2025-10-08",
    "price" : 924.60,
    "dma50" : 775.01,
    "dma100" : 704.08,
    "dma200" : 684.04,
    "volume" : 20758470.00
  }, {
    "date" : "2025-10-09",
    "price" : 902.00,
    "dma50" : 779.99,
    "dma100" : 706.78,
    "dma200" : 686.21,
    "volume" : 12078012.00
  }, {
    "date" : "2025-10-10",
    "price" : 929.50,
    "dma50" : 785.85,
    "dma100" : 709.89,
    "dma200" : 688.63,
    "volume" : 20152820.00
  }, {
    "date" : "2025-10-13",
    "price" : 992.20,
    "dma50" : 793.95,
    "dma100" : 713.64,
    "dma200" : 691.65,
    "volume" : 29771670.00
  }, {
    "date" : "2025-10-14",
    "price" : 1035.00,
    "dma50" : 803.40,
    "dma100" : 717.81,
    "dma200" : 695.07,
    "volume" : 13157874.00
  }, {
    "date" : "2025-10-15",
    "price" : 941.00,
    "dma50" : 808.80,
    "dma100" : 720.95,
    "dma200" : 697.51,
    "volume" : 7616679.00
  }, {
    "date" : "2025-10-16",
    "price" : 906.00,
    "dma50" : 812.61,
    "dma100" : 723.74,
    "dma200" : 699.59,
    "volume" : 4323923.00
  }, {
    "date" : "2025-10-17",
    "price" : 889.00,
    "dma50" : 815.60,
    "dma100" : 726.32,
    "dma200" : 701.47,
    "volume" : 2922238.00
  }, {
    "date" : "2025-10-20",
    "price" : 805.00,
    "dma50" : 815.19,
    "dma100" : 727.94,
    "dma200" : 702.50,
    "volume" : 7769033.00
  }, {
    "date" : "2025-10-21",
    "price" : 875.00,
    "dma50" : 817.53,
    "dma100" : 730.15,
    "dma200" : 704.22,
    "volume" : 10808612.00
  }, {
    "date" : "2025-10-23",
    "price" : 827.00,
    "dma50" : 817.90,
    "dma100" : 731.69,
    "dma200" : 705.44,
    "volume" : 11155868.00
  }, {
    "date" : "2025-10-24",
    "price" : 839.00,
    "dma50" : 818.73,
    "dma100" : 733.29,
    "dma200" : 706.77,
    "volume" : 5099591.00
  }, {
    "date" : "2025-10-27",
    "price" : 837.00,
    "dma50" : 819.45,
    "dma100" : 735.00,
    "dma200" : 708.07,
    "volume" : 3958880.00
  }, {
    "date" : "2025-10-28",
    "price" : 821.00,
    "dma50" : 819.51,
    "dma100" : 736.58,
    "dma200" : 709.19,
    "volume" : 1503548.00
  }, {
    "date" : "2025-10-29",
    "price" : 812.00,
    "dma50" : 819.21,
    "dma100" : 738.07,
    "dma200" : 710.21,
    "volume" : 1444478.00
  }, {
    "date" : "2025-10-30",
    "price" : 802.00,
    "dma50" : 818.54,
    "dma100" : 739.26,
    "dma200" : 711.13,
    "volume" : 1044458.00
  }, {
    "date" : "2025-10-31",
    "price" : 799.00,
    "dma50" : 817.77,
    "dma100" : 740.35,
    "dma200" : 712.00,
    "volume" : 1034687.00
  }, {
    "date" : "2025-11-03",
    "price" : 798.70,
    "dma50" : 817.03,
    "dma100" : 741.00,
    "dma200" : 712.86,
    "volume" : 1075750.00
  }, {
    "date" : "2025-11-04",
    "price" : 786.15,
    "dma50" : 815.81,
    "dma100" : 741.68,
    "dma200" : 713.59,
    "volume" : 1033480.00
  }, {
    "date" : "2025-11-06",
    "price" : 766.25,
    "dma50" : 813.87,
    "dma100" : 742.46,
    "dma200" : 714.12,
    "volume" : 946422.00
  }, {
    "date" : "2025-11-07",
    "price" : 781.25,
    "dma50" : 812.59,
    "dma100" : 743.48,
    "dma200" : 714.78,
    "volume" : 1899131.00
  }, {
    "date" : "2025-11-10",
    "price" : 781.60,
    "dma50" : 811.38,
    "dma100" : 744.58,
    "dma200" : 715.45,
    "volume" : 676456.00
  }, {
    "date" : "2025-11-11",
    "price" : 778.70,
    "dma50" : 810.09,
    "dma100" : 745.76,
    "dma200" : 716.08,
    "volume" : 507841.00
  }, {
    "date" : "2025-11-12",
    "price" : 776.00,
    "dma50" : 808.76,
    "dma100" : 746.99,
    "dma200" : 716.68,
    "volume" : 800163.00
  }, {
    "date" : "2025-11-13",
    "price" : 777.30,
    "dma50" : 807.52,
    "dma100" : 748.34,
    "dma200" : 717.28,
    "volume" : 909758.00
  }, {
    "date" : "2025-11-14",
    "price" : 779.20,
    "dma50" : 806.41,
    "dma100" : 749.50,
    "dma200" : 717.89,
    "volume" : 402401.00
  }, {
    "date" : "2025-11-17",
    "price" : 775.25,
    "dma50" : 805.19,
    "dma100" : 750.60,
    "dma200" : 718.47,
    "volume" : 402222.00
  }, {
    "date" : "2025-11-18",
    "price" : 767.50,
    "dma50" : 803.71,
    "dma100" : 751.54,
    "dma200" : 718.95,
    "volume" : 477500.00
  }, {
    "date" : "2025-11-19",
    "price" : 762.35,
    "dma50" : 802.09,
    "dma100" : 752.37,
    "dma200" : 719.38,
    "volume" : 395714.00
  }, {
    "date" : "2025-11-20",
    "price" : 759.05,
    "dma50" : 800.40,
    "dma100" : 753.17,
    "dma200" : 719.78,
    "volume" : 262563.00
  }, {
    "date" : "2025-11-21",
    "price" : 750.85,
    "dma50" : 798.46,
    "dma100" : 753.87,
    "dma200" : 720.09,
    "volume" : 318907.00
  }, {
    "date" : "2025-11-24",
    "price" : 736.65,
    "dma50" : 796.04,
    "dma100" : 754.38,
    "dma200" : 720.25,
    "volume" : 548491.00
  }, {
    "date" : "2025-11-25",
    "price" : 726.55,
    "dma50" : 793.31,
    "dma100" : 754.77,
    "dma200" : 720.32,
    "volume" : 483178.00
  }, {
    "date" : "2025-11-26",
    "price" : 766.60,
    "dma50" : 792.26,
    "dma100" : 755.61,
    "dma200" : 720.78,
    "volume" : 10125642.00
  }, {
    "date" : "2025-11-27",
    "price" : 758.55,
    "dma50" : 790.94,
    "dma100" : 756.38,
    "dma200" : 721.15,
    "volume" : 802832.00
  }, {
    "date" : "2025-11-28",
    "price" : 745.75,
    "dma50" : 789.17,
    "dma100" : 757.08,
    "dma200" : 721.40,
    "volume" : 646768.00
  }, {
    "date" : "2025-12-01",
    "price" : 744.50,
    "dma50" : 787.42,
    "dma100" : 757.85,
    "dma200" : 721.63,
    "volume" : 656826.00
  }, {
    "date" : "2025-12-02",
    "price" : 732.60,
    "dma50" : 785.27,
    "dma100" : 758.51,
    "dma200" : 721.74,
    "volume" : 421040.00
  }, {
    "date" : "2025-12-03",
    "price" : 723.90,
    "dma50" : 782.86,
    "dma100" : 759.10,
    "dma200" : 721.76,
    "volume" : 456989.00
  }, {
    "date" : "2025-12-04",
    "price" : 715.50,
    "dma50" : 780.22,
    "dma100" : 759.61,
    "dma200" : 721.70,
    "volume" : 384696.00
  }, {
    "date" : "2025-12-05",
    "price" : 708.50,
    "dma50" : 777.41,
    "dma100" : 760.09,
    "dma200" : 721.56,
    "volume" : 365708.00
  }, {
    "date" : "2025-12-08",
    "price" : 716.45,
    "dma50" : 775.02,
    "dma100" : 760.71,
    "dma200" : 721.51,
    "volume" : 4377429.00
  }, {
    "date" : "2025-12-09",
    "price" : 717.35,
    "dma50" : 772.76,
    "dma100" : 761.31,
    "dma200" : 721.47,
    "volume" : 694375.00
  }, {
    "date" : "2025-12-10",
    "price" : 717.85,
    "dma50" : 770.60,
    "dma100" : 761.89,
    "dma200" : 721.44,
    "volume" : 533547.00
  }, {
    "date" : "2025-12-11",
    "price" : 714.05,
    "dma50" : 768.38,
    "dma100" : 762.44,
    "dma200" : 721.36,
    "volume" : 303351.00
  }, {
    "date" : "2025-12-12",
    "price" : 721.85,
    "dma50" : 766.56,
    "dma100" : 763.12,
    "dma200" : 721.37,
    "volume" : 537447.00
  }, {
    "date" : "2025-12-15",
    "price" : 724.30,
    "dma50" : 764.90,
    "dma100" : 763.60,
    "dma200" : 721.40,
    "volume" : 289041.00
  }, {
    "date" : "2025-12-16",
    "price" : 712.75,
    "dma50" : 762.86,
    "dma100" : 764.01,
    "dma200" : 721.31,
    "volume" : 370402.00
  }, {
    "date" : "2025-12-17",
    "price" : 709.05,
    "dma50" : 760.75,
    "dma100" : 764.33,
    "dma200" : 721.19,
    "volume" : 320875.00
  }, {
    "date" : "2025-12-18",
    "price" : 703.05,
    "dma50" : 758.48,
    "dma100" : 764.61,
    "dma200" : 721.01,
    "volume" : 297616.00
  }, {
    "date" : "2025-12-19",
    "price" : 708.60,
    "dma50" : 756.53,
    "dma100" : 765.07,
    "dma200" : 720.88,
    "volume" : 335578.00
  }, {
    "date" : "2025-12-22",
    "price" : 719.25,
    "dma50" : 755.07,
    "dma100" : 765.62,
    "dma200" : 720.87,
    "volume" : 332561.00
  }, {
    "date" : "2025-12-23",
    "price" : 715.50,
    "dma50" : 753.51,
    "dma100" : 766.05,
    "dma200" : 720.81,
    "volume" : 305052.00
  }, {
    "date" : "2025-12-24",
    "price" : 712.15,
    "dma50" : 751.89,
    "dma100" : 766.44,
    "dma200" : 720.73,
    "volume" : 251465.00
  }, {
    "date" : "2025-12-26",
    "price" : 707.30,
    "dma50" : 750.14,
    "dma100" : 766.72,
    "dma200" : 720.60,
    "volume" : 250781.00
  }, {
    "date" : "2025-12-29",
    "price" : 699.25,
    "dma50" : 748.15,
    "dma100" : 766.93,
    "dma200" : 720.38,
    "volume" : 412911.00
  }, {
    "date" : "2025-12-30",
    "price" : 691.35,
    "dma50" : 745.92,
    "dma100" : 766.86,
    "dma200" : 720.09,
    "volume" : 253003.00
  }, {
    "date" : "2025-12-31",
    "price" : 697.55,
    "dma50" : 744.02,
    "dma100" : 766.70,
    "dma200" : 719.87,
    "volume" : 549452.00
  }, {
    "date" : "2026-01-01",
    "price" : 696.65,
    "dma50" : 742.17,
    "dma100" : 766.58,
    "dma200" : 719.64,
    "volume" : 229987.00
  }, {
    "date" : "2026-01-02",
    "price" : 703.75,
    "dma50" : 740.66,
    "dma100" : 766.72,
    "dma200" : 719.48,
    "volume" : 348861.00
  }, {
    "date" : "2026-01-05",
    "price" : 697.75,
    "dma50" : 738.98,
    "dma100" : 766.80,
    "dma200" : 719.26,
    "volume" : 233228.00
  }, {
    "date" : "2026-01-06",
    "price" : 691.20,
    "dma50" : 737.10,
    "dma100" : 766.81,
    "dma200" : 718.98,
    "volume" : 290587.00
  }, {
    "date" : "2026-01-07",
    "price" : 698.95,
    "dma50" : 735.61,
    "dma100" : 766.91,
    "dma200" : 718.79,
    "volume" : 411301.00
  }, {
    "date" : "2026-01-08",
    "price" : 685.85,
    "dma50" : 733.66,
    "dma100" : 766.90,
    "dma200" : 718.46,
    "volume" : 340083.00
  }, {
    "date" : "2026-01-09",
    "price" : 668.30,
    "dma50" : 731.09,
    "dma100" : 766.70,
    "dma200" : 717.96,
    "volume" : 391439.00
  }, {
    "date" : "2026-01-12",
    "price" : 666.70,
    "dma50" : 728.57,
    "dma100" : 766.48,
    "dma200" : 717.45,
    "volume" : 357081.00
  }, {
    "date" : "2026-01-13",
    "price" : 669.10,
    "dma50" : 726.24,
    "dma100" : 766.25,
    "dma200" : 716.97,
    "volume" : 414035.00
  }, {
    "date" : "2026-01-14",
    "price" : 663.80,
    "dma50" : 723.79,
    "dma100" : 765.95,
    "dma200" : 716.44,
    "volume" : 239656.00
  }, {
    "date" : "2026-01-16",
    "price" : 663.65,
    "dma50" : 721.43,
    "dma100" : 765.63,
    "dma200" : 715.91,
    "volume" : 265299.00
  }, {
    "date" : "2026-01-19",
    "price" : 652.45,
    "dma50" : 718.72,
    "dma100" : 765.24,
    "dma200" : 715.28,
    "volume" : 404786.00
  }, {
    "date" : "2026-01-20",
    "price" : 632.20,
    "dma50" : 715.33,
    "dma100" : 764.57,
    "dma200" : 714.46,
    "volume" : 506756.00
  }, {
    "date" : "2026-01-21",
    "price" : 620.25,
    "dma50" : 711.60,
    "dma100" : 763.89,
    "dma200" : 713.52,
    "volume" : 671736.00
  }, {
    "date" : "2026-01-22",
    "price" : 619.90,
    "dma50" : 708.01,
    "dma100" : 763.25,
    "dma200" : 712.59,
    "volume" : 383072.00
  }, {
    "date" : "2026-01-23",
    "price" : 603.80,
    "dma50" : 703.92,
    "dma100" : 762.48,
    "dma200" : 711.50,
    "volume" : 348445.00
  }, {
    "date" : "2026-01-27",
    "price" : 604.55,
    "dma50" : 700.02,
    "dma100" : 761.71,
    "dma200" : 710.44,
    "volume" : 702599.00
  }, {
    "date" : "2026-01-28",
    "price" : 623.95,
    "dma50" : 697.04,
    "dma100" : 761.12,
    "dma200" : 709.58,
    "volume" : 518148.00
  }, {
    "date" : "2026-01-29",
    "price" : 615.20,
    "dma50" : 693.83,
    "dma100" : 760.47,
    "dma200" : 708.64,
    "volume" : 439669.00
  }, {
    "date" : "2026-01-30",
    "price" : 622.90,
    "dma50" : 691.05,
    "dma100" : 759.95,
    "dma200" : 707.79,
    "volume" : 665795.00
  }, {
    "date" : "2026-02-01",
    "price" : 604.55,
    "dma50" : 687.66,
    "dma100" : 759.24,
    "dma200" : 706.76,
    "volume" : 305739.00
  }, {
    "date" : "2026-02-02",
    "price" : 601.65,
    "dma50" : 684.28,
    "dma100" : 758.53,
    "dma200" : 705.71,
    "volume" : 568055.00
  }, {
    "date" : "2026-02-03",
    "price" : 634.25,
    "dma50" : 682.32,
    "dma100" : 758.18,
    "dma200" : 705.00,
    "volume" : 737217.00
  }, {
    "date" : "2026-02-04",
    "price" : 637.15,
    "dma50" : 680.55,
    "dma100" : 757.79,
    "dma200" : 704.33,
    "volume" : 548162.00
  }, {
    "date" : "2026-02-05",
    "price" : 622.65,
    "dma50" : 678.28,
    "dma100" : 757.16,
    "dma200" : 703.51,
    "volume" : 284819.00
  }, {
    "date" : "2026-02-06",
    "price" : 622.75,
    "dma50" : 676.10,
    "dma100" : 756.51,
    "dma200" : 702.71,
    "volume" : 251046.00
  }, {
    "date" : "2026-02-09",
    "price" : 656.45,
    "dma50" : 675.33,
    "dma100" : 756.18,
    "dma200" : 702.25,
    "volume" : 1215166.00
  }, {
    "date" : "2026-02-10",
    "price" : 665.55,
    "dma50" : 674.95,
    "dma100" : 755.80,
    "dma200" : 701.89,
    "volume" : 1188595.00
  }, {
    "date" : "2026-02-11",
    "price" : 659.20,
    "dma50" : 674.33,
    "dma100" : 755.35,
    "dma200" : 701.46,
    "volume" : 304790.00
  }, {
    "date" : "2026-02-12",
    "price" : 647.75,
    "dma50" : 673.29,
    "dma100" : 754.32,
    "dma200" : 700.93,
    "volume" : 274269.00
  }, {
    "date" : "2026-02-13",
    "price" : 630.15,
    "dma50" : 671.60,
    "dma100" : 753.29,
    "dma200" : 700.22,
    "volume" : 324562.00
  }, {
    "date" : "2026-02-16",
    "price" : 630.40,
    "dma50" : 669.98,
    "dma100" : 752.31,
    "dma200" : 699.53,
    "volume" : 211568.00
  }, {
    "date" : "2026-02-17",
    "price" : 638.90,
    "dma50" : 668.76,
    "dma100" : 750.56,
    "dma200" : 698.92,
    "volume" : 304204.00
  } ],
  "latestTechnicalAttributes" : {
    "date" : "2026-02-17",
    "price" : 638.90,
    "dma50" : 668.76,
    "dma100" : 750.56,
    "dma200" : 698.92,
    "volume" : 304204.00
  },
  "quarterlyResults" : [ {
    "date" : "2005-03-31",
    "sales" : 24.86,
    "salesGrowthYoY" : null,
    "grossProfitMargin" : 100.00,
    "grossProfit" : 24.86,
    "operatingProfitMargin" : 89.50,
    "operatingProfit" : 22.25,
    "netProfitMargin" : 89.50,
    "netProfit" : 22.25
  }, {
    "date" : "2005-06-30",
    "sales" : 28.70,
    "salesGrowthYoY" : null,
    "grossProfitMargin" : 100.00,
    "grossProfit" : 28.70,
    "operatingProfitMargin" : 96.41,
    "operatingProfit" : 27.67,
    "netProfitMargin" : 95.37,
    "netProfit" : 27.37
  }, {
    "date" : "2005-09-30",
    "sales" : 68.85,
    "salesGrowthYoY" : null,
    "grossProfitMargin" : 100.00,
    "grossProfit" : 68.85,
    "operatingProfitMargin" : 96.28,
    "operatingProfit" : 66.29,
    "netProfitMargin" : 96.28,
    "netProfit" : 66.29
  }, {
    "date" : "2005-12-31",
    "sales" : 47.98,
    "salesGrowthYoY" : null,
    "grossProfitMargin" : 100.00,
    "grossProfit" : 47.98,
    "operatingProfitMargin" : 97.21,
    "operatingProfit" : 46.64,
    "netProfitMargin" : 96.83,
    "netProfit" : 46.46
  }, {
    "date" : "2006-03-31",
    "sales" : 24.49,
    "salesGrowthYoY" : -1.49,
    "grossProfitMargin" : 100.00,
    "grossProfit" : 24.49,
    "operatingProfitMargin" : 93.96,
    "operatingProfit" : 23.01,
    "netProfitMargin" : 94.04,
    "netProfit" : 23.03
  }, {
    "date" : "2006-06-30",
    "sales" : 41.10,
    "salesGrowthYoY" : 43.21,
    "grossProfitMargin" : 100.00,
    "grossProfit" : 41.10,
    "operatingProfitMargin" : 97.01,
    "operatingProfit" : 39.87,
    "netProfitMargin" : 88.69,
    "netProfit" : 36.45
  }, {
    "date" : "2006-09-30",
    "sales" : 76.61,
    "salesGrowthYoY" : 11.27,
    "grossProfitMargin" : 100.00,
    "grossProfit" : 76.61,
    "operatingProfitMargin" : 98.11,
    "operatingProfit" : 75.16,
    "netProfitMargin" : 93.73,
    "netProfit" : 71.81
  }, {
    "date" : "2006-12-31",
    "sales" : 56.32,
    "salesGrowthYoY" : 17.38,
    "grossProfitMargin" : 100.00,
    "grossProfit" : 56.32,
    "operatingProfitMargin" : 97.53,
    "operatingProfit" : 54.93,
    "netProfitMargin" : 85.35,
    "netProfit" : 48.07
  }, {
    "date" : "2007-03-31",
    "sales" : 30.10,
    "salesGrowthYoY" : 22.91,
    "grossProfitMargin" : 100.00,
    "grossProfit" : 30.10,
    "operatingProfitMargin" : 92.56,
    "operatingProfit" : 27.86,
    "netProfitMargin" : 84.12,
    "netProfit" : 25.32
  }, {
    "date" : "2007-06-30",
    "sales" : 43.57,
    "salesGrowthYoY" : 6.01,
    "grossProfitMargin" : 100.00,
    "grossProfit" : 43.57,
    "operatingProfitMargin" : 96.79,
    "operatingProfit" : 42.17,
    "netProfitMargin" : 90.87,
    "netProfit" : 39.59
  }, {
    "date" : "2007-09-30",
    "sales" : 89.25,
    "salesGrowthYoY" : 16.50,
    "grossProfitMargin" : 100.00,
    "grossProfit" : 89.25,
    "operatingProfitMargin" : 96.96,
    "operatingProfit" : 86.54,
    "netProfitMargin" : 90.51,
    "netProfit" : 80.78
  }, {
    "date" : "2007-12-31",
    "sales" : 52.56,
    "salesGrowthYoY" : -6.68,
    "grossProfitMargin" : 100.00,
    "grossProfit" : 52.56,
    "operatingProfitMargin" : 96.84,
    "operatingProfit" : 50.90,
    "netProfitMargin" : 85.06,
    "netProfit" : 44.71
  }, {
    "date" : "2008-03-31",
    "sales" : 24.91,
    "salesGrowthYoY" : -17.24,
    "grossProfitMargin" : 100.00,
    "grossProfit" : 24.91,
    "operatingProfitMargin" : 92.09,
    "operatingProfit" : 22.94,
    "netProfitMargin" : 83.38,
    "netProfit" : 20.77
  }, {
    "date" : "2008-06-30",
    "sales" : 49.47,
    "salesGrowthYoY" : 13.54,
    "grossProfitMargin" : 100.00,
    "grossProfit" : 49.47,
    "operatingProfitMargin" : 96.68,
    "operatingProfit" : 47.83,
    "netProfitMargin" : 86.76,
    "netProfit" : 42.92
  }, {
    "date" : "2008-09-30",
    "sales" : 89.18,
    "salesGrowthYoY" : -0.08,
    "grossProfitMargin" : 100.00,
    "grossProfit" : 89.18,
    "operatingProfitMargin" : 96.60,
    "operatingProfit" : 86.15,
    "netProfitMargin" : 91.69,
    "netProfit" : 81.77
  }, {
    "date" : "2008-12-31",
    "sales" : 48.31,
    "salesGrowthYoY" : -8.09,
    "grossProfitMargin" : 100.00,
    "grossProfit" : 48.31,
    "operatingProfitMargin" : 81.56,
    "operatingProfit" : 39.40,
    "netProfitMargin" : 72.32,
    "netProfit" : 34.94
  }, {
    "date" : "2009-06-30",
    "sales" : 39.88,
    "salesGrowthYoY" : 60.10,
    "grossProfitMargin" : 100.00,
    "grossProfit" : 39.88,
    "operatingProfitMargin" : 95.69,
    "operatingProfit" : 38.16,
    "netProfitMargin" : 87.99,
    "netProfit" : 35.09
  }, {
    "date" : "2009-09-30",
    "sales" : 101.71,
    "salesGrowthYoY" : 105.60,
    "grossProfitMargin" : 100.00,
    "grossProfit" : 101.71,
    "operatingProfitMargin" : 98.07,
    "operatingProfit" : 99.75,
    "netProfitMargin" : 87.95,
    "netProfit" : 89.45
  }, {
    "date" : "2009-12-31",
    "sales" : 53.78,
    "salesGrowthYoY" : -39.69,
    "grossProfitMargin" : 100.00,
    "grossProfit" : 53.78,
    "operatingProfitMargin" : 96.24,
    "operatingProfit" : 51.76,
    "netProfitMargin" : 80.48,
    "netProfit" : 43.28
  }, {
    "date" : "2010-03-31",
    "sales" : 34.48,
    "salesGrowthYoY" : -28.63,
    "grossProfitMargin" : 100.00,
    "grossProfit" : 34.48,
    "operatingProfitMargin" : 88.49,
    "operatingProfit" : 30.51,
    "netProfitMargin" : 75.73,
    "netProfit" : 26.11
  }, {
    "date" : "2010-06-30",
    "sales" : 45.80,
    "salesGrowthYoY" : 14.84,
    "grossProfitMargin" : 100.00,
    "grossProfit" : 45.80,
    "operatingProfitMargin" : 94.34,
    "operatingProfit" : 43.21,
    "netProfitMargin" : 78.58,
    "netProfit" : 35.99
  }, {
    "date" : "2010-09-30",
    "sales" : 108.16,
    "salesGrowthYoY" : 6.34,
    "grossProfitMargin" : 100.00,
    "grossProfit" : 108.16,
    "operatingProfitMargin" : 97.79,
    "operatingProfit" : 105.77,
    "netProfitMargin" : 87.28,
    "netProfit" : 94.40
  }, {
    "date" : "2010-12-31",
    "sales" : 59.02,
    "salesGrowthYoY" : 9.74,
    "grossProfitMargin" : 100.00,
    "grossProfit" : 59.02,
    "operatingProfitMargin" : 95.63,
    "operatingProfit" : 56.44,
    "netProfitMargin" : 77.28,
    "netProfit" : 45.61
  }, {
    "date" : "2011-03-31",
    "sales" : 30.40,
    "salesGrowthYoY" : -11.83,
    "grossProfitMargin" : 100.00,
    "grossProfit" : 30.40,
    "operatingProfitMargin" : 85.69,
    "operatingProfit" : 26.05,
    "netProfitMargin" : 74.31,
    "netProfit" : 22.59
  }, {
    "date" : "2011-06-30",
    "sales" : 34.12,
    "salesGrowthYoY" : -25.50,
    "grossProfitMargin" : 100.00,
    "grossProfit" : 34.12,
    "operatingProfitMargin" : 90.77,
    "operatingProfit" : 30.97,
    "netProfitMargin" : 76.06,
    "netProfit" : 25.95
  }, {
    "date" : "2011-09-30",
    "sales" : 88.35,
    "salesGrowthYoY" : -18.32,
    "grossProfitMargin" : 100.00,
    "grossProfit" : 88.35,
    "operatingProfitMargin" : 96.93,
    "operatingProfit" : 85.64,
    "netProfitMargin" : 89.94,
    "netProfit" : 79.46
  }, {
    "date" : "2011-12-31",
    "sales" : 41.23,
    "salesGrowthYoY" : -30.14,
    "grossProfitMargin" : 100.00,
    "grossProfit" : 41.23,
    "operatingProfitMargin" : 93.33,
    "operatingProfit" : 38.48,
    "netProfitMargin" : 75.82,
    "netProfit" : 31.26
  }, {
    "date" : "2012-03-31",
    "sales" : 38.26,
    "salesGrowthYoY" : 25.86,
    "grossProfitMargin" : 100.00,
    "grossProfit" : 38.26,
    "operatingProfitMargin" : 80.32,
    "operatingProfit" : 30.73,
    "netProfitMargin" : 65.13,
    "netProfit" : 24.92
  }, {
    "date" : "2012-06-30",
    "sales" : 41.42,
    "salesGrowthYoY" : 21.40,
    "grossProfitMargin" : 100.00,
    "grossProfit" : 41.42,
    "operatingProfitMargin" : 90.49,
    "operatingProfit" : 37.48,
    "netProfitMargin" : 75.98,
    "netProfit" : 31.47
  }, {
    "date" : "2012-09-30",
    "sales" : 93.22,
    "salesGrowthYoY" : 5.51,
    "grossProfitMargin" : 100.00,
    "grossProfit" : 93.22,
    "operatingProfitMargin" : 95.29,
    "operatingProfit" : 88.83,
    "netProfitMargin" : 88.01,
    "netProfit" : 82.04
  }, {
    "date" : "2012-12-31",
    "sales" : 42.49,
    "salesGrowthYoY" : 3.06,
    "grossProfitMargin" : 100.00,
    "grossProfit" : 42.49,
    "operatingProfitMargin" : 92.59,
    "operatingProfit" : 39.34,
    "netProfitMargin" : 76.04,
    "netProfit" : 32.31
  }, {
    "date" : "2013-03-31",
    "sales" : 28.71,
    "salesGrowthYoY" : -24.96,
    "grossProfitMargin" : 100.00,
    "grossProfit" : 28.71,
    "operatingProfitMargin" : 89.93,
    "operatingProfit" : 25.82,
    "netProfitMargin" : 74.29,
    "netProfit" : 21.33
  }, {
    "date" : "2013-06-30",
    "sales" : 41.65,
    "salesGrowthYoY" : 0.56,
    "grossProfitMargin" : 100.00,
    "grossProfit" : 41.65,
    "operatingProfitMargin" : 93.35,
    "operatingProfit" : 38.88,
    "netProfitMargin" : 77.58,
    "netProfit" : 32.31
  }, {
    "date" : "2013-09-30",
    "sales" : 107.49,
    "salesGrowthYoY" : 15.31,
    "grossProfitMargin" : 100.00,
    "grossProfit" : 107.49,
    "operatingProfitMargin" : 95.87,
    "operatingProfit" : 103.05,
    "netProfitMargin" : 86.42,
    "netProfit" : 92.89
  }, {
    "date" : "2013-12-31",
    "sales" : 43.93,
    "salesGrowthYoY" : 3.39,
    "grossProfitMargin" : 100.00,
    "grossProfit" : 43.93,
    "operatingProfitMargin" : 93.13,
    "operatingProfit" : 40.91,
    "netProfitMargin" : 75.01,
    "netProfit" : 32.95
  }, {
    "date" : "2014-03-31",
    "sales" : 27.81,
    "salesGrowthYoY" : -3.13,
    "grossProfitMargin" : 100.00,
    "grossProfit" : 27.81,
    "operatingProfitMargin" : 81.88,
    "operatingProfit" : 22.77,
    "netProfitMargin" : 73.82,
    "netProfit" : 20.53
  }, {
    "date" : "2014-06-30",
    "sales" : 45.11,
    "salesGrowthYoY" : 8.31,
    "grossProfitMargin" : 100.00,
    "grossProfit" : 45.11,
    "operatingProfitMargin" : 93.04,
    "operatingProfit" : 41.97,
    "netProfitMargin" : 76.46,
    "netProfit" : 34.49
  }, {
    "date" : "2014-09-30",
    "sales" : 109.67,
    "salesGrowthYoY" : 2.03,
    "grossProfitMargin" : 100.00,
    "grossProfit" : 109.67,
    "operatingProfitMargin" : 95.92,
    "operatingProfit" : 105.20,
    "netProfitMargin" : 87.29,
    "netProfit" : 95.73
  }, {
    "date" : "2014-12-31",
    "sales" : 44.65,
    "salesGrowthYoY" : 1.64,
    "grossProfitMargin" : 100.00,
    "grossProfit" : 44.65,
    "operatingProfitMargin" : 92.92,
    "operatingProfit" : 41.49,
    "netProfitMargin" : 74.74,
    "netProfit" : 33.37
  }, {
    "date" : "2015-03-31",
    "sales" : 31.51,
    "salesGrowthYoY" : 13.30,
    "grossProfitMargin" : 100.00,
    "grossProfit" : 31.51,
    "operatingProfitMargin" : 86.39,
    "operatingProfit" : 27.22,
    "netProfitMargin" : 72.74,
    "netProfit" : 22.92
  }, {
    "date" : "2015-06-30",
    "sales" : 48.86,
    "salesGrowthYoY" : 8.31,
    "grossProfitMargin" : 100.00,
    "grossProfit" : 48.86,
    "operatingProfitMargin" : 92.12,
    "operatingProfit" : 45.01,
    "netProfitMargin" : 74.76,
    "netProfit" : 36.53
  }, {
    "date" : "2015-09-30",
    "sales" : 128.64,
    "salesGrowthYoY" : 17.30,
    "grossProfitMargin" : 100.00,
    "grossProfit" : 128.64,
    "operatingProfitMargin" : 96.01,
    "operatingProfit" : 123.51,
    "netProfitMargin" : 85.50,
    "netProfit" : 109.99
  }, {
    "date" : "2015-12-31",
    "sales" : 35.19,
    "salesGrowthYoY" : -21.19,
    "grossProfitMargin" : 100.00,
    "grossProfit" : 35.19,
    "operatingProfitMargin" : 89.29,
    "operatingProfit" : 31.42,
    "netProfitMargin" : 72.15,
    "netProfit" : 25.39
  }, {
    "date" : "2016-03-31",
    "sales" : 39.23,
    "salesGrowthYoY" : 24.50,
    "grossProfitMargin" : 100.00,
    "grossProfit" : 39.23,
    "operatingProfitMargin" : 87.28,
    "operatingProfit" : 34.24,
    "netProfitMargin" : 78.26,
    "netProfit" : 30.70
  }, {
    "date" : "2016-06-30",
    "sales" : 46.88,
    "salesGrowthYoY" : -4.05,
    "grossProfitMargin" : 100.00,
    "grossProfit" : 46.88,
    "operatingProfitMargin" : 91.34,
    "operatingProfit" : 42.82,
    "netProfitMargin" : 72.25,
    "netProfit" : 33.87
  }, {
    "date" : "2016-09-30",
    "sales" : 156.27,
    "salesGrowthYoY" : 21.48,
    "grossProfitMargin" : 100.00,
    "grossProfit" : 156.27,
    "operatingProfitMargin" : 96.64,
    "operatingProfit" : 151.02,
    "netProfitMargin" : 83.19,
    "netProfit" : 130.00
  }, {
    "date" : "2016-12-31",
    "sales" : 32.30,
    "salesGrowthYoY" : -8.21,
    "grossProfitMargin" : 100.00,
    "grossProfit" : 32.30,
    "operatingProfitMargin" : 87.28,
    "operatingProfit" : 28.19,
    "netProfitMargin" : 69.29,
    "netProfit" : 22.38
  }, {
    "date" : "2017-03-31",
    "sales" : 35.83,
    "salesGrowthYoY" : -8.67,
    "grossProfitMargin" : 100.00,
    "grossProfit" : 35.83,
    "operatingProfitMargin" : 50.38,
    "operatingProfit" : 18.05,
    "netProfitMargin" : 44.99,
    "netProfit" : 16.12
  }, {
    "date" : "2017-06-30",
    "sales" : 25.33,
    "salesGrowthYoY" : -45.97,
    "grossProfitMargin" : 100.00,
    "grossProfit" : 25.33,
    "operatingProfitMargin" : 82.31,
    "operatingProfit" : 20.85,
    "netProfitMargin" : 70.98,
    "netProfit" : 17.98
  }, {
    "date" : "2017-09-30",
    "sales" : 82.41,
    "salesGrowthYoY" : -47.26,
    "grossProfitMargin" : 100.00,
    "grossProfit" : 82.41,
    "operatingProfitMargin" : 91.92,
    "operatingProfit" : 75.75,
    "netProfitMargin" : 87.65,
    "netProfit" : 72.23
  }, {
    "date" : "2017-12-31",
    "sales" : 28.29,
    "salesGrowthYoY" : -12.41,
    "grossProfitMargin" : 100.00,
    "grossProfit" : 28.29,
    "operatingProfitMargin" : 87.66,
    "operatingProfit" : 24.80,
    "netProfitMargin" : 69.60,
    "netProfit" : 19.69
  }, {
    "date" : "2018-03-31",
    "sales" : 25.25,
    "salesGrowthYoY" : -29.53,
    "grossProfitMargin" : 100.00,
    "grossProfit" : 25.25,
    "operatingProfitMargin" : 74.06,
    "operatingProfit" : 18.70,
    "netProfitMargin" : 59.64,
    "netProfit" : 15.06
  }, {
    "date" : "2018-06-30",
    "sales" : 30.94,
    "salesGrowthYoY" : 22.15,
    "grossProfitMargin" : 100.00,
    "grossProfit" : 30.94,
    "operatingProfitMargin" : 85.13,
    "operatingProfit" : 26.34,
    "netProfitMargin" : 72.66,
    "netProfit" : 22.48
  }, {
    "date" : "2018-09-30",
    "sales" : 100.60,
    "salesGrowthYoY" : 22.07,
    "grossProfitMargin" : 100.00,
    "grossProfit" : 100.60,
    "operatingProfitMargin" : 94.40,
    "operatingProfit" : 94.97,
    "netProfitMargin" : 90.76,
    "netProfit" : 91.30
  }, {
    "date" : "2018-12-31",
    "sales" : 25.25,
    "salesGrowthYoY" : -10.75,
    "grossProfitMargin" : 100.00,
    "grossProfit" : 25.25,
    "operatingProfitMargin" : 74.06,
    "operatingProfit" : 18.70,
    "netProfitMargin" : 59.64,
    "netProfit" : 15.06
  }, {
    "date" : "2019-03-31",
    "sales" : 24.95,
    "salesGrowthYoY" : -1.19,
    "grossProfitMargin" : 100.00,
    "grossProfit" : 24.95,
    "operatingProfitMargin" : 82.61,
    "operatingProfit" : 20.61,
    "netProfitMargin" : 75.39,
    "netProfit" : 18.81
  }, {
    "date" : "2019-06-30",
    "sales" : 25.38,
    "salesGrowthYoY" : -17.97,
    "grossProfitMargin" : 100.00,
    "grossProfit" : 25.38,
    "operatingProfitMargin" : 85.19,
    "operatingProfit" : 21.62,
    "netProfitMargin" : 76.67,
    "netProfit" : 19.46
  }, {
    "date" : "2019-09-30",
    "sales" : 84.82,
    "salesGrowthYoY" : -15.69,
    "grossProfitMargin" : 100.00,
    "grossProfit" : 84.82,
    "operatingProfitMargin" : 92.51,
    "operatingProfit" : 78.47,
    "netProfitMargin" : 90.34,
    "netProfit" : 76.63
  }, {
    "date" : "2019-12-31",
    "sales" : 23.35,
    "salesGrowthYoY" : -7.52,
    "grossProfitMargin" : 100.00,
    "grossProfit" : 23.35,
    "operatingProfitMargin" : 79.96,
    "operatingProfit" : 18.67,
    "netProfitMargin" : 50.84,
    "netProfit" : 11.87
  }, {
    "date" : "2020-03-31",
    "sales" : 15.92,
    "salesGrowthYoY" : -36.19,
    "grossProfitMargin" : 100.00,
    "grossProfit" : 15.92,
    "operatingProfitMargin" : 70.67,
    "operatingProfit" : 11.25,
    "netProfitMargin" : 67.09,
    "netProfit" : 10.68
  }, {
    "date" : "2020-06-30",
    "sales" : 21.75,
    "salesGrowthYoY" : -14.30,
    "grossProfitMargin" : 100.00,
    "grossProfit" : 21.75,
    "operatingProfitMargin" : 72.28,
    "operatingProfit" : 15.72,
    "netProfitMargin" : 56.92,
    "netProfit" : 12.38
  }, {
    "date" : "2020-09-30",
    "sales" : 79.47,
    "salesGrowthYoY" : -6.31,
    "grossProfitMargin" : 100.00,
    "grossProfit" : 79.47,
    "operatingProfitMargin" : 94.83,
    "operatingProfit" : 75.36,
    "netProfitMargin" : 91.15,
    "netProfit" : 72.44
  }, {
    "date" : "2020-12-31",
    "sales" : 14.11,
    "salesGrowthYoY" : -39.57,
    "grossProfitMargin" : 100.00,
    "grossProfit" : 14.11,
    "operatingProfitMargin" : 66.41,
    "operatingProfit" : 9.37,
    "netProfitMargin" : 53.15,
    "netProfit" : 7.50
  }, {
    "date" : "2021-03-31",
    "sales" : 24.73,
    "salesGrowthYoY" : 55.34,
    "grossProfitMargin" : 100.00,
    "grossProfit" : 24.73,
    "operatingProfitMargin" : 82.41,
    "operatingProfit" : 20.38,
    "netProfitMargin" : 66.76,
    "netProfit" : 16.51
  }, {
    "date" : "2021-06-30",
    "sales" : 73.42,
    "salesGrowthYoY" : 237.56,
    "grossProfitMargin" : 100.00,
    "grossProfit" : 73.42,
    "operatingProfitMargin" : 92.33,
    "operatingProfit" : 67.79,
    "netProfitMargin" : 88.07,
    "netProfit" : 64.66
  }, {
    "date" : "2021-09-30",
    "sales" : 81.19,
    "salesGrowthYoY" : 2.16,
    "grossProfitMargin" : 100.00,
    "grossProfit" : 81.19,
    "operatingProfitMargin" : 91.00,
    "operatingProfit" : 73.88,
    "netProfitMargin" : 82.34,
    "netProfit" : 66.85
  }, {
    "date" : "2021-12-31",
    "sales" : 52.56,
    "salesGrowthYoY" : 272.50,
    "grossProfitMargin" : 100.00,
    "grossProfit" : 52.56,
    "operatingProfitMargin" : 89.21,
    "operatingProfit" : 46.89,
    "netProfitMargin" : 70.07,
    "netProfit" : 36.83
  }, {
    "date" : "2022-03-31",
    "sales" : 46.15,
    "salesGrowthYoY" : 86.62,
    "grossProfitMargin" : 100.00,
    "grossProfit" : 46.15,
    "operatingProfitMargin" : 87.39,
    "operatingProfit" : 40.33,
    "netProfitMargin" : 71.55,
    "netProfit" : 33.02
  }, {
    "date" : "2022-06-30",
    "sales" : 126.30,
    "salesGrowthYoY" : 72.02,
    "grossProfitMargin" : 100.00,
    "grossProfit" : 126.30,
    "operatingProfitMargin" : 91.40,
    "operatingProfit" : 115.44,
    "netProfitMargin" : 86.06,
    "netProfit" : 108.69
  }, {
    "date" : "2022-09-30",
    "sales" : 95.92,
    "salesGrowthYoY" : 18.14,
    "grossProfitMargin" : 100.00,
    "grossProfit" : 95.92,
    "operatingProfitMargin" : 93.17,
    "operatingProfit" : 89.37,
    "netProfitMargin" : 89.86,
    "netProfit" : 86.19
  }, {
    "date" : "2022-12-31",
    "sales" : 24.71,
    "salesGrowthYoY" : -52.99,
    "grossProfitMargin" : 100.00,
    "grossProfit" : 24.71,
    "operatingProfitMargin" : 75.84,
    "operatingProfit" : 18.74,
    "netProfitMargin" : 60.10,
    "netProfit" : 14.85
  }, {
    "date" : "2023-03-31",
    "sales" : 41.00,
    "salesGrowthYoY" : -11.16,
    "grossProfitMargin" : 100.00,
    "grossProfit" : 41.00,
    "operatingProfitMargin" : 86.85,
    "operatingProfit" : 35.61,
    "netProfitMargin" : 76.02,
    "netProfit" : 31.17
  }, {
    "date" : "2023-06-30",
    "sales" : 122.62,
    "salesGrowthYoY" : -2.91,
    "grossProfitMargin" : 100.00,
    "grossProfit" : 122.62,
    "operatingProfitMargin" : 93.10,
    "operatingProfit" : 114.16,
    "netProfitMargin" : 90.79,
    "netProfit" : 111.33
  }, {
    "date" : "2023-09-30",
    "sales" : 113.71,
    "salesGrowthYoY" : 18.55,
    "grossProfitMargin" : 100.00,
    "grossProfit" : 113.71,
    "operatingProfitMargin" : 91.49,
    "operatingProfit" : 104.03,
    "netProfitMargin" : 99.59,
    "netProfit" : 113.24
  }, {
    "date" : "2023-12-31",
    "sales" : 30.61,
    "salesGrowthYoY" : 23.88,
    "grossProfitMargin" : 100.00,
    "grossProfit" : 30.61,
    "operatingProfitMargin" : 80.27,
    "operatingProfit" : 24.57,
    "netProfitMargin" : 78.67,
    "netProfit" : 24.08
  }, {
    "date" : "2024-03-31",
    "sales" : 55.54,
    "salesGrowthYoY" : 35.46,
    "grossProfitMargin" : 100.00,
    "grossProfit" : 55.54,
    "operatingProfitMargin" : 86.64,
    "operatingProfit" : 48.12,
    "netProfitMargin" : 63.49,
    "netProfit" : 35.26
  }, {
    "date" : "2024-06-30",
    "sales" : 140.95,
    "salesGrowthYoY" : 14.95,
    "grossProfitMargin" : 100.00,
    "grossProfit" : 140.95,
    "operatingProfitMargin" : 92.11,
    "operatingProfit" : 129.83,
    "netProfitMargin" : 80.00,
    "netProfit" : 112.76
  }, {
    "date" : "2024-09-30",
    "sales" : 132.19,
    "salesGrowthYoY" : 16.25,
    "grossProfitMargin" : 100.00,
    "grossProfit" : 132.19,
    "operatingProfitMargin" : 93.29,
    "operatingProfit" : 123.32,
    "netProfitMargin" : 75.82,
    "netProfit" : 100.23
  }, {
    "date" : "2024-12-31",
    "sales" : 43.67,
    "salesGrowthYoY" : 42.67,
    "grossProfitMargin" : 100.00,
    "grossProfit" : 43.67,
    "operatingProfitMargin" : 79.64,
    "operatingProfit" : 34.78,
    "netProfitMargin" : 78.61,
    "netProfit" : 34.33
  }, {
    "date" : "2025-03-31",
    "sales" : 51.54,
    "salesGrowthYoY" : -7.20,
    "grossProfitMargin" : 100.00,
    "grossProfit" : 51.54,
    "operatingProfitMargin" : 84.07,
    "operatingProfit" : 43.33,
    "netProfitMargin" : 68.30,
    "netProfit" : 35.20
  }, {
    "date" : "2025-06-30",
    "sales" : 170.46,
    "salesGrowthYoY" : 20.94,
    "grossProfitMargin" : 100.00,
    "grossProfit" : 170.46,
    "operatingProfitMargin" : 93.85,
    "operatingProfit" : 159.98,
    "netProfitMargin" : 81.67,
    "netProfit" : 139.21
  }, {
    "date" : "2025-09-30",
    "sales" : 148.16,
    "salesGrowthYoY" : 12.08,
    "grossProfitMargin" : 100.00,
    "grossProfit" : 148.16,
    "operatingProfitMargin" : 93.29,
    "operatingProfit" : 138.22,
    "netProfitMargin" : 82.26,
    "netProfit" : 121.88
  }, {
    "date" : "2025-12-31",
    "sales" : 47.40,
    "salesGrowthYoY" : 8.54,
    "grossProfitMargin" : 100.00,
    "grossProfit" : 47.40,
    "operatingProfitMargin" : 79.77,
    "operatingProfit" : 37.81,
    "netProfitMargin" : 78.02,
    "netProfit" : 36.98
  } ],
  "latestQuarterlyResult" : {
    "date" : "2025-12-31",
    "sales" : 47.40,
    "salesGrowthYoY" : 8.54,
    "grossProfitMargin" : 100.00,
    "grossProfit" : 47.40,
    "operatingProfitMargin" : 79.77,
    "operatingProfit" : 37.81,
    "netProfitMargin" : 78.02,
    "netProfit" : 36.98
  },
  "companyScore" : {
    "priceHigherThanDma50" : 0.00,
    "priceHigherThanDma100" : 0.00,
    "priceHigherThanDma200" : 0.00,
    "dma50HigherThanDma100" : 0.00,
    "dma50HigherThanDma200" : 0.00,
    "dma100HigherThanDma200" : 5.00,
    "pricePercentageAboveDma50" : 5.22,
    "pricePercentageAboveDma100" : 5.74,
    "pricePercentageAboveDma200" : 5.43,
    "weeklyVolumeHigherThanYearlyVolume" : 0.00,
    "salesGrowthPercentile" : 11.65,
    "operatingProfitMarginPercentile" : 12.32,
    "netProfitMarginPercentile" : 6.05,
    "totalTechnicalScore" : 21.40,
    "totalFundamentalScore" : 30.01,
    "totalScore" : 51.41
  }
}