{
  "metadata" : {
    "screenerCompanyId" : "3401",
    "companyCode" : "TEXINFRA",
    "companyName" : "Texmaco Infrast.",
    "screenerCompanyLink" : "https://www.screener.in/company/TEXINFRA",
    "screenerTechnicalHistoryLink" : "https://www.screener.in/api/company/3401/chart/?q=Price-DMA50-DMA200-Volume&days=365",
    "screenerQuarterlyResultsLink" : "https://www.screener.in/api/company/3401/chart/?q=GPM-OPM-NPM-Quarter+Sales&days=10000",
    "attributes" : {
      "companyCode" : "TEXINFRA",
      "companyName" : "Texmaco Infrast.",
      "marketCap" : 1326.00,
      "peRatio" : 0.00,
      "description" : "Incorporated in 1939, Texmaco Infrastructure & Holdings Ltd is in the businesses of Real Estate, Mini Hydro Power, Trading of goods and Job work services[1]"
    },
    "companyScore" : {
      "priceHigherThanDma50" : 5.00,
      "priceHigherThanDma100" : 5.00,
      "priceHigherThanDma200" : 5.00,
      "dma50HigherThanDma100" : 5.00,
      "dma50HigherThanDma200" : 0.00,
      "dma100HigherThanDma200" : 0.00,
      "pricePercentageAboveDma50" : 4.71,
      "pricePercentageAboveDma100" : 4.66,
      "pricePercentageAboveDma200" : 4.88,
      "weeklyVolumeHigherThanYearlyVolume" : 5.00,
      "salesGrowthPercentile" : 15.19,
      "operatingProfitMarginPercentile" : 13.70,
      "netProfitMarginPercentile" : 9.28,
      "totalTechnicalScore" : 39.26,
      "totalFundamentalScore" : 38.17,
      "totalScore" : 77.43
    }
  },
  "attributes" : {
    "companyCode" : "TEXINFRA",
    "companyName" : "Texmaco Infrast.",
    "marketCap" : 1326.00,
    "peRatio" : 0.00,
    "description" : "Incorporated in 1939, Texmaco Infrastructure & Holdings Ltd is in the businesses of Real Estate, Mini Hydro Power, Trading of goods and Job work services[1]"
  },
  "technicalHistory" : [ {
    "date" : "2024-11-29",
    "price" : 126.02,
    "dma50" : 121.43,
    "dma100" : null,
    "dma200" : 117.01,
    "volume" : 496182.00
  }, {
    "date" : "2024-12-02",
    "price" : 130.05,
    "dma50" : 121.77,
    "dma100" : null,
    "dma200" : 117.14,
    "volume" : 550091.00
  }, {
    "date" : "2024-12-03",
    "price" : 131.37,
    "dma50" : 122.14,
    "dma100" : null,
    "dma200" : 117.28,
    "volume" : 459521.00
  }, {
    "date" : "2024-12-04",
    "price" : 140.68,
    "dma50" : 122.87,
    "dma100" : null,
    "dma200" : 117.51,
    "volume" : 3525482.00
  }, {
    "date" : "2024-12-05",
    "price" : 144.44,
    "dma50" : 123.71,
    "dma100" : null,
    "dma200" : 117.78,
    "volume" : 3035195.00
  }, {
    "date" : "2024-12-06",
    "price" : 154.34,
    "dma50" : 124.92,
    "dma100" : null,
    "dma200" : 118.14,
    "volume" : 5010722.00
  }, {
    "date" : "2024-12-09",
    "price" : 153.20,
    "dma50" : 126.02,
    "dma100" : null,
    "dma200" : 118.49,
    "volume" : 1928536.00
  }, {
    "date" : "2024-12-10",
    "price" : 154.35,
    "dma50" : 127.14,
    "dma100" : null,
    "dma200" : 118.85,
    "volume" : 1325290.00
  }, {
    "date" : "2024-12-11",
    "price" : 155.11,
    "dma50" : 128.23,
    "dma100" : null,
    "dma200" : 119.21,
    "volume" : 1259052.00
  }, {
    "date" : "2024-12-12",
    "price" : 148.31,
    "dma50" : 129.02,
    "dma100" : null,
    "dma200" : 119.50,
    "volume" : 1364667.00
  }, {
    "date" : "2024-12-13",
    "price" : 150.11,
    "dma50" : 129.85,
    "dma100" : null,
    "dma200" : 119.80,
    "volume" : 1816995.00
  }, {
    "date" : "2024-12-16",
    "price" : 150.53,
    "dma50" : 130.66,
    "dma100" : null,
    "dma200" : 120.11,
    "volume" : 1527388.00
  }, {
    "date" : "2024-12-17",
    "price" : 150.49,
    "dma50" : 131.44,
    "dma100" : null,
    "dma200" : 120.41,
    "volume" : 1109099.00
  }, {
    "date" : "2024-12-18",
    "price" : 147.52,
    "dma50" : 132.07,
    "dma100" : null,
    "dma200" : 120.68,
    "volume" : 663714.00
  }, {
    "date" : "2024-12-19",
    "price" : 136.09,
    "dma50" : 132.22,
    "dma100" : null,
    "dma200" : 120.83,
    "volume" : 1965692.00
  }, {
    "date" : "2024-12-20",
    "price" : 131.77,
    "dma50" : 132.21,
    "dma100" : null,
    "dma200" : 120.94,
    "volume" : 1342296.00
  }, {
    "date" : "2024-12-23",
    "price" : 129.29,
    "dma50" : 132.09,
    "dma100" : null,
    "dma200" : 121.03,
    "volume" : 1049586.00
  }, {
    "date" : "2024-12-24",
    "price" : 127.16,
    "dma50" : 131.90,
    "dma100" : null,
    "dma200" : 121.09,
    "volume" : 415845.00
  }, {
    "date" : "2024-12-26",
    "price" : 125.48,
    "dma50" : 131.65,
    "dma100" : null,
    "dma200" : 121.13,
    "volume" : 796382.00
  }, {
    "date" : "2024-12-27",
    "price" : 127.09,
    "dma50" : 131.47,
    "dma100" : null,
    "dma200" : 121.19,
    "volume" : 494618.00
  }, {
    "date" : "2024-12-30",
    "price" : 126.82,
    "dma50" : 131.29,
    "dma100" : null,
    "dma200" : 121.25,
    "volume" : 627079.00
  }, {
    "date" : "2024-12-31",
    "price" : 127.51,
    "dma50" : 131.14,
    "dma100" : null,
    "dma200" : 121.31,
    "volume" : 436051.00
  }, {
    "date" : "2025-01-01",
    "price" : 128.62,
    "dma50" : 131.04,
    "dma100" : null,
    "dma200" : 121.38,
    "volume" : 203378.00
  }, {
    "date" : "2025-01-02",
    "price" : 131.67,
    "dma50" : 131.06,
    "dma100" : null,
    "dma200" : 121.48,
    "volume" : 505415.00
  }, {
    "date" : "2025-01-03",
    "price" : 133.59,
    "dma50" : 131.16,
    "dma100" : null,
    "dma200" : 121.60,
    "volume" : 655487.00
  }, {
    "date" : "2025-01-06",
    "price" : 125.02,
    "dma50" : 130.92,
    "dma100" : null,
    "dma200" : 121.64,
    "volume" : 772270.00
  }, {
    "date" : "2025-01-07",
    "price" : 130.04,
    "dma50" : 130.89,
    "dma100" : null,
    "dma200" : 121.72,
    "volume" : 542519.00
  }, {
    "date" : "2025-01-08",
    "price" : 130.29,
    "dma50" : 130.86,
    "dma100" : null,
    "dma200" : 121.81,
    "volume" : 619603.00
  }, {
    "date" : "2025-01-09",
    "price" : 127.26,
    "dma50" : 130.72,
    "dma100" : null,
    "dma200" : 121.86,
    "volume" : 365569.00
  }, {
    "date" : "2025-01-10",
    "price" : 119.92,
    "dma50" : 130.30,
    "dma100" : null,
    "dma200" : 121.84,
    "volume" : 757914.00
  }, {
    "date" : "2025-01-13",
    "price" : 109.76,
    "dma50" : 129.49,
    "dma100" : null,
    "dma200" : 121.72,
    "volume" : 848381.00
  }, {
    "date" : "2025-01-14",
    "price" : 114.58,
    "dma50" : 128.91,
    "dma100" : null,
    "dma200" : 121.65,
    "volume" : 435027.00
  }, {
    "date" : "2025-01-15",
    "price" : 112.80,
    "dma50" : 128.28,
    "dma100" : null,
    "dma200" : 121.56,
    "volume" : 272436.00
  }, {
    "date" : "2025-01-16",
    "price" : 117.26,
    "dma50" : 127.85,
    "dma100" : null,
    "dma200" : 121.52,
    "volume" : 387772.00
  }, {
    "date" : "2025-01-17",
    "price" : 121.66,
    "dma50" : 127.60,
    "dma100" : null,
    "dma200" : 121.52,
    "volume" : 638309.00
  }, {
    "date" : "2025-01-20",
    "price" : 124.33,
    "dma50" : 127.47,
    "dma100" : null,
    "dma200" : 121.55,
    "volume" : 261997.00
  }, {
    "date" : "2025-01-21",
    "price" : 120.61,
    "dma50" : 127.21,
    "dma100" : null,
    "dma200" : 121.54,
    "volume" : 266067.00
  }, {
    "date" : "2025-01-22",
    "price" : 118.76,
    "dma50" : 126.87,
    "dma100" : null,
    "dma200" : 121.51,
    "volume" : 227635.00
  }, {
    "date" : "2025-01-23",
    "price" : 126.83,
    "dma50" : 126.87,
    "dma100" : null,
    "dma200" : 121.56,
    "volume" : 1287963.00
  }, {
    "date" : "2025-01-24",
    "price" : 123.64,
    "dma50" : 126.75,
    "dma100" : null,
    "dma200" : 121.59,
    "volume" : 463197.00
  }, {
    "date" : "2025-01-27",
    "price" : 126.38,
    "dma50" : 126.73,
    "dma100" : null,
    "dma200" : 121.63,
    "volume" : 1021649.00
  }, {
    "date" : "2025-01-28",
    "price" : 124.95,
    "dma50" : 126.66,
    "dma100" : null,
    "dma200" : 121.67,
    "volume" : 681106.00
  }, {
    "date" : "2025-01-29",
    "price" : 129.57,
    "dma50" : 126.78,
    "dma100" : null,
    "dma200" : 121.74,
    "volume" : 1027224.00
  }, {
    "date" : "2025-01-30",
    "price" : 133.17,
    "dma50" : 127.03,
    "dma100" : null,
    "dma200" : 121.86,
    "volume" : 828003.00
  }, {
    "date" : "2025-01-31",
    "price" : 121.33,
    "dma50" : 126.80,
    "dma100" : null,
    "dma200" : 121.85,
    "volume" : 3517440.00
  }, {
    "date" : "2025-02-01",
    "price" : 117.67,
    "dma50" : 126.44,
    "dma100" : null,
    "dma200" : 121.81,
    "volume" : 928712.00
  }, {
    "date" : "2025-02-03",
    "price" : 109.35,
    "dma50" : 125.77,
    "dma100" : null,
    "dma200" : 121.69,
    "volume" : 748537.00
  }, {
    "date" : "2025-02-04",
    "price" : 114.53,
    "dma50" : 125.33,
    "dma100" : null,
    "dma200" : 121.62,
    "volume" : 637476.00
  }, {
    "date" : "2025-02-05",
    "price" : 117.48,
    "dma50" : 125.03,
    "dma100" : null,
    "dma200" : 121.57,
    "volume" : 524243.00
  }, {
    "date" : "2025-02-06",
    "price" : 117.38,
    "dma50" : 124.73,
    "dma100" : null,
    "dma200" : 121.53,
    "volume" : 237618.00
  }, {
    "date" : "2025-02-07",
    "price" : 117.45,
    "dma50" : 124.44,
    "dma100" : null,
    "dma200" : 121.49,
    "volume" : 203995.00
  }, {
    "date" : "2025-02-10",
    "price" : 111.87,
    "dma50" : 123.95,
    "dma100" : null,
    "dma200" : 121.40,
    "volume" : 446708.00
  }, {
    "date" : "2025-02-11",
    "price" : 103.23,
    "dma50" : 123.13,
    "dma100" : null,
    "dma200" : 121.22,
    "volume" : 649629.00
  }, {
    "date" : "2025-02-12",
    "price" : 102.79,
    "dma50" : 122.34,
    "dma100" : null,
    "dma200" : 121.03,
    "volume" : 556753.00
  }, {
    "date" : "2025-02-13",
    "price" : 101.87,
    "dma50" : 121.53,
    "dma100" : null,
    "dma200" : 120.84,
    "volume" : 185644.00
  }, {
    "date" : "2025-02-14",
    "price" : 96.74,
    "dma50" : 120.56,
    "dma100" : null,
    "dma200" : 120.60,
    "volume" : 337114.00
  }, {
    "date" : "2025-02-17",
    "price" : 94.35,
    "dma50" : 119.53,
    "dma100" : null,
    "dma200" : 120.34,
    "volume" : 402790.00
  }, {
    "date" : "2025-02-18",
    "price" : 89.38,
    "dma50" : 118.35,
    "dma100" : null,
    "dma200" : 120.03,
    "volume" : 439741.00
  }, {
    "date" : "2025-02-19",
    "price" : 95.95,
    "dma50" : 117.47,
    "dma100" : null,
    "dma200" : 119.79,
    "volume" : 440672.00
  }, {
    "date" : "2025-02-20",
    "price" : 96.87,
    "dma50" : 116.67,
    "dma100" : null,
    "dma200" : 119.57,
    "volume" : 277735.00
  }, {
    "date" : "2025-02-21",
    "price" : 95.02,
    "dma50" : 115.82,
    "dma100" : null,
    "dma200" : 119.32,
    "volume" : 311292.00
  }, {
    "date" : "2025-02-24",
    "price" : 101.86,
    "dma50" : 115.27,
    "dma100" : null,
    "dma200" : 119.15,
    "volume" : 903673.00
  }, {
    "date" : "2025-02-25",
    "price" : 112.59,
    "dma50" : 115.16,
    "dma100" : null,
    "dma200" : 119.08,
    "volume" : 3517195.00
  }, {
    "date" : "2025-02-27",
    "price" : 101.68,
    "dma50" : 114.64,
    "dma100" : null,
    "dma200" : 118.91,
    "volume" : 806870.00
  }, {
    "date" : "2025-02-28",
    "price" : 93.15,
    "dma50" : 113.79,
    "dma100" : null,
    "dma200" : 118.65,
    "volume" : 997378.00
  }, {
    "date" : "2025-03-03",
    "price" : 94.54,
    "dma50" : 113.04,
    "dma100" : null,
    "dma200" : 118.41,
    "volume" : 1009397.00
  }, {
    "date" : "2025-03-04",
    "price" : 95.07,
    "dma50" : 112.33,
    "dma100" : null,
    "dma200" : 118.18,
    "volume" : 256552.00
  }, {
    "date" : "2025-03-05",
    "price" : 97.36,
    "dma50" : 111.75,
    "dma100" : null,
    "dma200" : 117.97,
    "volume" : 385839.00
  }, {
    "date" : "2025-03-06",
    "price" : 98.58,
    "dma50" : 111.23,
    "dma100" : null,
    "dma200" : 117.78,
    "volume" : 310096.00
  }, {
    "date" : "2025-03-07",
    "price" : 99.31,
    "dma50" : 110.76,
    "dma100" : null,
    "dma200" : 117.60,
    "volume" : 433813.00
  }, {
    "date" : "2025-03-10",
    "price" : 102.13,
    "dma50" : 110.42,
    "dma100" : null,
    "dma200" : 117.44,
    "volume" : 655345.00
  }, {
    "date" : "2025-03-11",
    "price" : 100.43,
    "dma50" : 110.03,
    "dma100" : null,
    "dma200" : 117.27,
    "volume" : 360928.00
  }, {
    "date" : "2025-03-12",
    "price" : 101.24,
    "dma50" : 109.69,
    "dma100" : null,
    "dma200" : 117.11,
    "volume" : 277744.00
  }, {
    "date" : "2025-03-13",
    "price" : 100.14,
    "dma50" : 109.31,
    "dma100" : null,
    "dma200" : 116.94,
    "volume" : 245774.00
  }, {
    "date" : "2025-03-17",
    "price" : 97.89,
    "dma50" : 108.86,
    "dma100" : null,
    "dma200" : 116.76,
    "volume" : 360284.00
  }, {
    "date" : "2025-03-18",
    "price" : 102.57,
    "dma50" : 108.62,
    "dma100" : null,
    "dma200" : 116.61,
    "volume" : 445012.00
  }, {
    "date" : "2025-03-19",
    "price" : 102.69,
    "dma50" : 108.39,
    "dma100" : null,
    "dma200" : 116.48,
    "volume" : 496340.00
  }, {
    "date" : "2025-03-20",
    "price" : 101.64,
    "dma50" : 108.12,
    "dma100" : null,
    "dma200" : 116.33,
    "volume" : 424488.00
  }, {
    "date" : "2025-03-21",
    "price" : 103.02,
    "dma50" : 107.92,
    "dma100" : null,
    "dma200" : 116.20,
    "volume" : 701446.00
  }, {
    "date" : "2025-03-24",
    "price" : 108.84,
    "dma50" : 107.96,
    "dma100" : null,
    "dma200" : 116.12,
    "volume" : 1525118.00
  }, {
    "date" : "2025-03-25",
    "price" : 104.71,
    "dma50" : 107.83,
    "dma100" : null,
    "dma200" : 116.01,
    "volume" : 1470779.00
  }, {
    "date" : "2025-03-26",
    "price" : 104.35,
    "dma50" : 107.69,
    "dma100" : null,
    "dma200" : 115.89,
    "volume" : 1063961.00
  }, {
    "date" : "2025-03-27",
    "price" : 106.51,
    "dma50" : 107.65,
    "dma100" : null,
    "dma200" : 115.80,
    "volume" : 720807.00
  }, {
    "date" : "2025-03-28",
    "price" : 102.38,
    "dma50" : 107.44,
    "dma100" : null,
    "dma200" : 115.67,
    "volume" : 470560.00
  }, {
    "date" : "2025-04-01",
    "price" : 103.60,
    "dma50" : 107.29,
    "dma100" : null,
    "dma200" : 115.55,
    "volume" : 157647.00
  }, {
    "date" : "2025-04-02",
    "price" : 103.76,
    "dma50" : 107.15,
    "dma100" : null,
    "dma200" : 115.43,
    "volume" : 205730.00
  }, {
    "date" : "2025-04-03",
    "price" : 104.29,
    "dma50" : 107.04,
    "dma100" : null,
    "dma200" : 115.32,
    "volume" : 244081.00
  }, {
    "date" : "2025-04-04",
    "price" : 100.25,
    "dma50" : 106.77,
    "dma100" : null,
    "dma200" : 115.17,
    "volume" : 642908.00
  }, {
    "date" : "2025-04-07",
    "price" : 97.39,
    "dma50" : 106.40,
    "dma100" : null,
    "dma200" : 114.99,
    "volume" : 405139.00
  }, {
    "date" : "2025-04-08",
    "price" : 98.67,
    "dma50" : 106.10,
    "dma100" : null,
    "dma200" : 114.83,
    "volume" : 178141.00
  }, {
    "date" : "2025-04-09",
    "price" : 95.30,
    "dma50" : 105.68,
    "dma100" : null,
    "dma200" : 114.63,
    "volume" : 141884.00
  }, {
    "date" : "2025-04-11",
    "price" : 99.93,
    "dma50" : 105.45,
    "dma100" : null,
    "dma200" : 114.49,
    "volume" : 303282.00
  }, {
    "date" : "2025-04-15",
    "price" : 103.11,
    "dma50" : 105.36,
    "dma100" : null,
    "dma200" : 114.37,
    "volume" : 128415.00
  }, {
    "date" : "2025-04-16",
    "price" : 103.50,
    "dma50" : 105.29,
    "dma100" : null,
    "dma200" : 114.27,
    "volume" : 142610.00
  }, {
    "date" : "2025-04-17",
    "price" : 103.42,
    "dma50" : 105.21,
    "dma100" : null,
    "dma200" : 114.16,
    "volume" : 106822.00
  }, {
    "date" : "2025-04-21",
    "price" : 105.49,
    "dma50" : 105.23,
    "dma100" : null,
    "dma200" : 114.07,
    "volume" : 207244.00
  }, {
    "date" : "2025-04-22",
    "price" : 106.33,
    "dma50" : 105.27,
    "dma100" : null,
    "dma200" : 114.00,
    "volume" : 270795.00
  }, {
    "date" : "2025-04-23",
    "price" : 106.06,
    "dma50" : 105.30,
    "dma100" : null,
    "dma200" : 113.92,
    "volume" : 223931.00
  }, {
    "date" : "2025-04-24",
    "price" : 106.56,
    "dma50" : 105.35,
    "dma100" : null,
    "dma200" : 113.84,
    "volume" : 186608.00
  }, {
    "date" : "2025-04-25",
    "price" : 99.79,
    "dma50" : 105.13,
    "dma100" : null,
    "dma200" : 113.70,
    "volume" : 625969.00
  }, {
    "date" : "2025-04-28",
    "price" : 100.64,
    "dma50" : 104.95,
    "dma100" : 115.46,
    "dma200" : 113.57,
    "volume" : 163591.00
  }, {
    "date" : "2025-04-29",
    "price" : 98.32,
    "dma50" : 104.69,
    "dma100" : 115.15,
    "dma200" : 113.42,
    "volume" : 210500.00
  }, {
    "date" : "2025-04-30",
    "price" : 96.37,
    "dma50" : 104.37,
    "dma100" : 114.80,
    "dma200" : 113.25,
    "volume" : 162197.00
  }, {
    "date" : "2025-05-02",
    "price" : 96.61,
    "dma50" : 104.06,
    "dma100" : 114.36,
    "dma200" : 113.09,
    "volume" : 140254.00
  }, {
    "date" : "2025-05-05",
    "price" : 97.40,
    "dma50" : 103.80,
    "dma100" : 113.89,
    "dma200" : 112.93,
    "volume" : 83347.00
  }, {
    "date" : "2025-05-06",
    "price" : 93.96,
    "dma50" : 103.42,
    "dma100" : 113.28,
    "dma200" : 112.74,
    "volume" : 172834.00
  }, {
    "date" : "2025-05-07",
    "price" : 94.64,
    "dma50" : 103.07,
    "dma100" : 112.70,
    "dma200" : 112.56,
    "volume" : 93300.00
  }, {
    "date" : "2025-05-08",
    "price" : 92.33,
    "dma50" : 102.65,
    "dma100" : 112.08,
    "dma200" : 112.36,
    "volume" : 211457.00
  }, {
    "date" : "2025-05-09",
    "price" : 93.03,
    "dma50" : 102.27,
    "dma100" : 111.46,
    "dma200" : 112.17,
    "volume" : 106824.00
  }, {
    "date" : "2025-05-12",
    "price" : 97.48,
    "dma50" : 102.09,
    "dma100" : 110.95,
    "dma200" : 112.02,
    "volume" : 178130.00
  }, {
    "date" : "2025-05-13",
    "price" : 97.59,
    "dma50" : 101.91,
    "dma100" : 110.42,
    "dma200" : 111.88,
    "volume" : 148588.00
  }, {
    "date" : "2025-05-14",
    "price" : 101.69,
    "dma50" : 101.90,
    "dma100" : 109.93,
    "dma200" : 111.78,
    "volume" : 332568.00
  }, {
    "date" : "2025-05-15",
    "price" : 102.02,
    "dma50" : 101.91,
    "dma100" : 109.45,
    "dma200" : 111.68,
    "volume" : 219424.00
  }, {
    "date" : "2025-05-16",
    "price" : 102.84,
    "dma50" : 101.94,
    "dma100" : 109.00,
    "dma200" : 111.59,
    "volume" : 610695.00
  }, {
    "date" : "2025-05-19",
    "price" : 103.10,
    "dma50" : 101.99,
    "dma100" : 108.67,
    "dma200" : 111.51,
    "volume" : 593834.00
  }, {
    "date" : "2025-05-20",
    "price" : 103.05,
    "dma50" : 102.03,
    "dma100" : 108.39,
    "dma200" : 111.42,
    "volume" : 365455.00
  }, {
    "date" : "2025-05-21",
    "price" : 103.03,
    "dma50" : 102.07,
    "dma100" : 108.12,
    "dma200" : 111.34,
    "volume" : 208843.00
  }, {
    "date" : "2025-05-22",
    "price" : 103.62,
    "dma50" : 102.13,
    "dma100" : 107.89,
    "dma200" : 111.26,
    "volume" : 144964.00
  }, {
    "date" : "2025-05-23",
    "price" : 103.03,
    "dma50" : 102.16,
    "dma100" : 107.66,
    "dma200" : 111.18,
    "volume" : 118567.00
  }, {
    "date" : "2025-05-26",
    "price" : 103.02,
    "dma50" : 102.20,
    "dma100" : 107.42,
    "dma200" : 111.10,
    "volume" : 167566.00
  }, {
    "date" : "2025-05-27",
    "price" : 103.31,
    "dma50" : 102.24,
    "dma100" : 107.19,
    "dma200" : 111.02,
    "volume" : 300785.00
  }, {
    "date" : "2025-05-28",
    "price" : 101.63,
    "dma50" : 102.22,
    "dma100" : 106.93,
    "dma200" : 110.93,
    "volume" : 181356.00
  }, {
    "date" : "2025-05-29",
    "price" : 101.75,
    "dma50" : 102.20,
    "dma100" : 106.66,
    "dma200" : 110.84,
    "volume" : 267739.00
  }, {
    "date" : "2025-05-30",
    "price" : 97.26,
    "dma50" : 102.01,
    "dma100" : 106.32,
    "dma200" : 110.70,
    "volume" : 508647.00
  }, {
    "date" : "2025-06-02",
    "price" : 100.15,
    "dma50" : 101.93,
    "dma100" : 105.98,
    "dma200" : 110.60,
    "volume" : 336884.00
  }, {
    "date" : "2025-06-03",
    "price" : 100.71,
    "dma50" : 101.89,
    "dma100" : 105.74,
    "dma200" : 110.50,
    "volume" : 360654.00
  }, {
    "date" : "2025-06-04",
    "price" : 105.56,
    "dma50" : 102.03,
    "dma100" : 105.49,
    "dma200" : 110.45,
    "volume" : 965997.00
  }, {
    "date" : "2025-06-05",
    "price" : 107.18,
    "dma50" : 102.23,
    "dma100" : 105.26,
    "dma200" : 110.42,
    "volume" : 1073238.00
  }, {
    "date" : "2025-06-06",
    "price" : 105.59,
    "dma50" : 102.36,
    "dma100" : 105.05,
    "dma200" : 110.37,
    "volume" : 337139.00
  }, {
    "date" : "2025-06-09",
    "price" : 105.23,
    "dma50" : 102.48,
    "dma100" : 104.90,
    "dma200" : 110.32,
    "volume" : 470006.00
  }, {
    "date" : "2025-06-10",
    "price" : 106.13,
    "dma50" : 102.62,
    "dma100" : 104.86,
    "dma200" : 110.28,
    "volume" : 241569.00
  }, {
    "date" : "2025-06-11",
    "price" : 105.71,
    "dma50" : 102.74,
    "dma100" : 104.77,
    "dma200" : 110.23,
    "volume" : 573389.00
  }, {
    "date" : "2025-06-12",
    "price" : 103.70,
    "dma50" : 102.78,
    "dma100" : 104.68,
    "dma200" : 110.17,
    "volume" : 208031.00
  }, {
    "date" : "2025-06-13",
    "price" : 103.28,
    "dma50" : 102.80,
    "dma100" : 104.54,
    "dma200" : 110.10,
    "volume" : 221661.00
  }, {
    "date" : "2025-06-16",
    "price" : 103.22,
    "dma50" : 102.81,
    "dma100" : 104.36,
    "dma200" : 110.03,
    "volume" : 199132.00
  }, {
    "date" : "2025-06-17",
    "price" : 102.97,
    "dma50" : 102.82,
    "dma100" : 104.14,
    "dma200" : 109.96,
    "volume" : 211406.00
  }, {
    "date" : "2025-06-18",
    "price" : 102.07,
    "dma50" : 102.79,
    "dma100" : 103.96,
    "dma200" : 109.88,
    "volume" : 145712.00
  }, {
    "date" : "2025-06-19",
    "price" : 99.03,
    "dma50" : 102.64,
    "dma100" : 103.76,
    "dma200" : 109.77,
    "volume" : 154122.00
  }, {
    "date" : "2025-06-20",
    "price" : 100.35,
    "dma50" : 102.55,
    "dma100" : 103.50,
    "dma200" : 109.68,
    "volume" : 99440.00
  }, {
    "date" : "2025-06-23",
    "price" : 100.21,
    "dma50" : 102.46,
    "dma100" : 103.26,
    "dma200" : 109.58,
    "volume" : 214496.00
  }, {
    "date" : "2025-06-24",
    "price" : 101.03,
    "dma50" : 102.41,
    "dma100" : 103.01,
    "dma200" : 109.50,
    "volume" : 107236.00
  }, {
    "date" : "2025-06-25",
    "price" : 103.58,
    "dma50" : 102.45,
    "dma100" : 102.80,
    "dma200" : 109.44,
    "volume" : 150455.00
  }, {
    "date" : "2025-06-26",
    "price" : 104.15,
    "dma50" : 102.52,
    "dma100" : 102.54,
    "dma200" : 109.39,
    "volume" : 528392.00
  }, {
    "date" : "2025-06-27",
    "price" : 103.29,
    "dma50" : 102.55,
    "dma100" : 102.24,
    "dma200" : 109.33,
    "volume" : 172192.00
  }, {
    "date" : "2025-06-30",
    "price" : 103.25,
    "dma50" : 102.58,
    "dma100" : 102.06,
    "dma200" : 109.27,
    "volume" : 124712.00
  }, {
    "date" : "2025-07-01",
    "price" : 103.04,
    "dma50" : 102.59,
    "dma100" : 101.92,
    "dma200" : 109.20,
    "volume" : 100282.00
  }, {
    "date" : "2025-07-02",
    "price" : 103.07,
    "dma50" : 102.61,
    "dma100" : 101.85,
    "dma200" : 109.14,
    "volume" : 153831.00
  }, {
    "date" : "2025-07-03",
    "price" : 103.01,
    "dma50" : 102.63,
    "dma100" : 101.74,
    "dma200" : 109.08,
    "volume" : 109591.00
  }, {
    "date" : "2025-07-04",
    "price" : 103.79,
    "dma50" : 102.67,
    "dma100" : 101.60,
    "dma200" : 109.03,
    "volume" : 118328.00
  }, {
    "date" : "2025-07-07",
    "price" : 103.09,
    "dma50" : 102.69,
    "dma100" : 101.46,
    "dma200" : 108.97,
    "volume" : 86628.00
  }, {
    "date" : "2025-07-08",
    "price" : 103.07,
    "dma50" : 102.70,
    "dma100" : 101.31,
    "dma200" : 108.91,
    "volume" : 133972.00
  }, {
    "date" : "2025-07-09",
    "price" : 103.27,
    "dma50" : 102.73,
    "dma100" : 101.23,
    "dma200" : 108.86,
    "volume" : 181482.00
  }, {
    "date" : "2025-07-10",
    "price" : 102.81,
    "dma50" : 102.73,
    "dma100" : 101.22,
    "dma200" : 108.80,
    "volume" : 94467.00
  }, {
    "date" : "2025-07-11",
    "price" : 101.42,
    "dma50" : 102.68,
    "dma100" : 101.21,
    "dma200" : 108.72,
    "volume" : 179300.00
  }, {
    "date" : "2025-07-14",
    "price" : 101.31,
    "dma50" : 102.63,
    "dma100" : 101.20,
    "dma200" : 108.65,
    "volume" : 64562.00
  }, {
    "date" : "2025-07-15",
    "price" : 101.71,
    "dma50" : 102.59,
    "dma100" : 101.25,
    "dma200" : 108.58,
    "volume" : 228594.00
  }, {
    "date" : "2025-07-16",
    "price" : 100.32,
    "dma50" : 102.50,
    "dma100" : 101.31,
    "dma200" : 108.50,
    "volume" : 406864.00
  }, {
    "date" : "2025-07-17",
    "price" : 102.81,
    "dma50" : 102.51,
    "dma100" : 101.45,
    "dma200" : 108.44,
    "volume" : 296660.00
  }, {
    "date" : "2025-07-18",
    "price" : 102.65,
    "dma50" : 102.52,
    "dma100" : 101.51,
    "dma200" : 108.38,
    "volume" : 155968.00
  }, {
    "date" : "2025-07-21",
    "price" : 102.09,
    "dma50" : 102.50,
    "dma100" : 101.57,
    "dma200" : 108.32,
    "volume" : 58401.00
  }, {
    "date" : "2025-07-22",
    "price" : 102.10,
    "dma50" : 102.49,
    "dma100" : 101.64,
    "dma200" : 108.26,
    "volume" : 113682.00
  }, {
    "date" : "2025-07-23",
    "price" : 100.06,
    "dma50" : 102.39,
    "dma100" : 101.62,
    "dma200" : 108.18,
    "volume" : 351539.00
  }, {
    "date" : "2025-07-24",
    "price" : 98.91,
    "dma50" : 102.25,
    "dma100" : 101.48,
    "dma200" : 108.08,
    "volume" : 121258.00
  }, {
    "date" : "2025-07-25",
    "price" : 98.48,
    "dma50" : 102.11,
    "dma100" : 101.45,
    "dma200" : 107.99,
    "volume" : 259834.00
  }, {
    "date" : "2025-07-28",
    "price" : 98.03,
    "dma50" : 101.95,
    "dma100" : 101.50,
    "dma200" : 107.89,
    "volume" : 87801.00
  }, {
    "date" : "2025-07-29",
    "price" : 99.51,
    "dma50" : 101.85,
    "dma100" : 101.55,
    "dma200" : 107.81,
    "volume" : 161509.00
  }, {
    "date" : "2025-07-30",
    "price" : 99.92,
    "dma50" : 101.77,
    "dma100" : 101.60,
    "dma200" : 107.73,
    "volume" : 137622.00
  }, {
    "date" : "2025-07-31",
    "price" : 98.95,
    "dma50" : 101.66,
    "dma100" : 101.61,
    "dma200" : 107.64,
    "volume" : 105379.00
  }, {
    "date" : "2025-08-01",
    "price" : 98.31,
    "dma50" : 101.53,
    "dma100" : 101.61,
    "dma200" : 107.55,
    "volume" : 61935.00
  }, {
    "date" : "2025-08-04",
    "price" : 97.87,
    "dma50" : 101.39,
    "dma100" : 101.60,
    "dma200" : 107.45,
    "volume" : 47738.00
  }, {
    "date" : "2025-08-05",
    "price" : 97.54,
    "dma50" : 101.24,
    "dma100" : 101.55,
    "dma200" : 107.35,
    "volume" : 127307.00
  }, {
    "date" : "2025-08-06",
    "price" : 97.51,
    "dma50" : 101.09,
    "dma100" : 101.52,
    "dma200" : 107.26,
    "volume" : 73211.00
  }, {
    "date" : "2025-08-07",
    "price" : 97.95,
    "dma50" : 100.97,
    "dma100" : 101.49,
    "dma200" : 107.16,
    "volume" : 76065.00
  }, {
    "date" : "2025-08-08",
    "price" : 97.59,
    "dma50" : 100.84,
    "dma100" : 101.46,
    "dma200" : 107.07,
    "volume" : 135981.00
  }, {
    "date" : "2025-08-11",
    "price" : 97.37,
    "dma50" : 100.70,
    "dma100" : 101.46,
    "dma200" : 106.97,
    "volume" : 54811.00
  }, {
    "date" : "2025-08-12",
    "price" : 97.50,
    "dma50" : 100.57,
    "dma100" : 101.41,
    "dma200" : 106.88,
    "volume" : 138580.00
  }, {
    "date" : "2025-08-13",
    "price" : 96.50,
    "dma50" : 100.41,
    "dma100" : 101.35,
    "dma200" : 106.77,
    "volume" : 106703.00
  }, {
    "date" : "2025-08-14",
    "price" : 95.49,
    "dma50" : 100.22,
    "dma100" : 101.28,
    "dma200" : 106.66,
    "volume" : 83704.00
  }, {
    "date" : "2025-08-18",
    "price" : 95.67,
    "dma50" : 100.04,
    "dma100" : 101.21,
    "dma200" : 106.55,
    "volume" : 69331.00
  }, {
    "date" : "2025-08-19",
    "price" : 95.40,
    "dma50" : 99.86,
    "dma100" : 101.08,
    "dma200" : 106.44,
    "volume" : 115017.00
  }, {
    "date" : "2025-08-20",
    "price" : 98.55,
    "dma50" : 99.81,
    "dma100" : 101.01,
    "dma200" : 106.36,
    "volume" : 213707.00
  }, {
    "date" : "2025-08-21",
    "price" : 98.04,
    "dma50" : 99.74,
    "dma100" : 100.95,
    "dma200" : 106.28,
    "volume" : 94082.00
  }, {
    "date" : "2025-08-22",
    "price" : 96.81,
    "dma50" : 99.63,
    "dma100" : 100.85,
    "dma200" : 106.19,
    "volume" : 77070.00
  }, {
    "date" : "2025-08-25",
    "price" : 96.90,
    "dma50" : 99.52,
    "dma100" : 100.80,
    "dma200" : 106.09,
    "volume" : 59971.00
  }, {
    "date" : "2025-08-26",
    "price" : 95.90,
    "dma50" : 99.38,
    "dma100" : 100.72,
    "dma200" : 105.99,
    "volume" : 55004.00
  }, {
    "date" : "2025-08-28",
    "price" : 94.57,
    "dma50" : 99.19,
    "dma100" : 100.63,
    "dma200" : 105.88,
    "volume" : 106200.00
  }, {
    "date" : "2025-08-29",
    "price" : 93.78,
    "dma50" : 98.98,
    "dma100" : 100.53,
    "dma200" : 105.76,
    "volume" : 27848.00
  }, {
    "date" : "2025-09-01",
    "price" : 94.36,
    "dma50" : 98.79,
    "dma100" : 100.47,
    "dma200" : 105.64,
    "volume" : 97902.00
  }, {
    "date" : "2025-09-02",
    "price" : 95.95,
    "dma50" : 98.68,
    "dma100" : 100.45,
    "dma200" : 105.55,
    "volume" : 221041.00
  }, {
    "date" : "2025-09-03",
    "price" : 95.12,
    "dma50" : 98.54,
    "dma100" : 100.42,
    "dma200" : 105.44,
    "volume" : 57143.00
  }, {
    "date" : "2025-09-04",
    "price" : 94.55,
    "dma50" : 98.39,
    "dma100" : 100.41,
    "dma200" : 105.34,
    "volume" : 51619.00
  }, {
    "date" : "2025-09-05",
    "price" : 94.31,
    "dma50" : 98.23,
    "dma100" : 100.35,
    "dma200" : 105.23,
    "volume" : 117109.00
  }, {
    "date" : "2025-09-08",
    "price" : 94.95,
    "dma50" : 98.10,
    "dma100" : 100.27,
    "dma200" : 105.12,
    "volume" : 241171.00
  }, {
    "date" : "2025-09-09",
    "price" : 94.30,
    "dma50" : 97.95,
    "dma100" : 100.18,
    "dma200" : 105.02,
    "volume" : 54518.00
  }, {
    "date" : "2025-09-10",
    "price" : 93.74,
    "dma50" : 97.78,
    "dma100" : 100.08,
    "dma200" : 104.90,
    "volume" : 137431.00
  }, {
    "date" : "2025-09-11",
    "price" : 93.76,
    "dma50" : 97.63,
    "dma100" : 99.97,
    "dma200" : 104.79,
    "volume" : 191957.00
  }, {
    "date" : "2025-09-12",
    "price" : 94.99,
    "dma50" : 97.52,
    "dma100" : 99.85,
    "dma200" : 104.70,
    "volume" : 98326.00
  }, {
    "date" : "2025-09-15",
    "price" : 96.67,
    "dma50" : 97.49,
    "dma100" : 99.76,
    "dma200" : 104.62,
    "volume" : 319071.00
  }, {
    "date" : "2025-09-16",
    "price" : 95.79,
    "dma50" : 97.42,
    "dma100" : 99.65,
    "dma200" : 104.53,
    "volume" : 88888.00
  }, {
    "date" : "2025-09-17",
    "price" : 96.43,
    "dma50" : 97.38,
    "dma100" : 99.62,
    "dma200" : 104.45,
    "volume" : 74056.00
  }, {
    "date" : "2025-09-18",
    "price" : 95.56,
    "dma50" : 97.31,
    "dma100" : 99.57,
    "dma200" : 104.36,
    "volume" : 144843.00
  }, {
    "date" : "2025-09-19",
    "price" : 95.10,
    "dma50" : 97.23,
    "dma100" : 99.53,
    "dma200" : 104.27,
    "volume" : 92701.00
  }, {
    "date" : "2025-09-22",
    "price" : 94.40,
    "dma50" : 97.12,
    "dma100" : 99.51,
    "dma200" : 104.17,
    "volume" : 101374.00
  }, {
    "date" : "2025-09-23",
    "price" : 94.64,
    "dma50" : 97.02,
    "dma100" : 99.49,
    "dma200" : 104.07,
    "volume" : 67226.00
  }, {
    "date" : "2025-09-24",
    "price" : 94.46,
    "dma50" : 96.92,
    "dma100" : 99.47,
    "dma200" : 103.98,
    "volume" : 55317.00
  }, {
    "date" : "2025-09-25",
    "price" : 96.06,
    "dma50" : 96.88,
    "dma100" : 99.49,
    "dma200" : 103.90,
    "volume" : 2184300.00
  }, {
    "date" : "2025-09-26",
    "price" : 97.35,
    "dma50" : 96.90,
    "dma100" : 99.51,
    "dma200" : 103.83,
    "volume" : 482161.00
  }, {
    "date" : "2025-09-29",
    "price" : 95.21,
    "dma50" : 96.84,
    "dma100" : 99.54,
    "dma200" : 103.75,
    "volume" : 131525.00
  }, {
    "date" : "2025-09-30",
    "price" : 95.88,
    "dma50" : 96.80,
    "dma100" : 99.57,
    "dma200" : 103.67,
    "volume" : 134490.00
  }, {
    "date" : "2025-10-01",
    "price" : 95.24,
    "dma50" : 96.74,
    "dma100" : 99.55,
    "dma200" : 103.59,
    "volume" : 63419.00
  }, {
    "date" : "2025-10-03",
    "price" : 96.53,
    "dma50" : 96.73,
    "dma100" : 99.54,
    "dma200" : 103.52,
    "volume" : 105893.00
  }, {
    "date" : "2025-10-06",
    "price" : 94.77,
    "dma50" : 96.65,
    "dma100" : 99.47,
    "dma200" : 103.43,
    "volume" : 124902.00
  }, {
    "date" : "2025-10-07",
    "price" : 94.66,
    "dma50" : 96.57,
    "dma100" : 99.39,
    "dma200" : 103.34,
    "volume" : 102640.00
  }, {
    "date" : "2025-10-08",
    "price" : 93.99,
    "dma50" : 96.47,
    "dma100" : 99.31,
    "dma200" : 103.25,
    "volume" : 92572.00
  }, {
    "date" : "2025-10-09",
    "price" : 93.23,
    "dma50" : 96.35,
    "dma100" : 99.21,
    "dma200" : 103.15,
    "volume" : 91792.00
  }, {
    "date" : "2025-10-10",
    "price" : 93.72,
    "dma50" : 96.24,
    "dma100" : 99.11,
    "dma200" : 103.05,
    "volume" : 71058.00
  }, {
    "date" : "2025-10-13",
    "price" : 92.49,
    "dma50" : 96.10,
    "dma100" : 99.01,
    "dma200" : 102.95,
    "volume" : 71116.00
  }, {
    "date" : "2025-10-14",
    "price" : 91.48,
    "dma50" : 95.91,
    "dma100" : 98.89,
    "dma200" : 102.84,
    "volume" : 68484.00
  }, {
    "date" : "2025-10-15",
    "price" : 92.84,
    "dma50" : 95.79,
    "dma100" : 98.79,
    "dma200" : 102.74,
    "volume" : 44905.00
  }, {
    "date" : "2025-10-16",
    "price" : 92.08,
    "dma50" : 95.65,
    "dma100" : 98.68,
    "dma200" : 102.63,
    "volume" : 28242.00
  }, {
    "date" : "2025-10-17",
    "price" : 91.28,
    "dma50" : 95.48,
    "dma100" : 98.56,
    "dma200" : 102.52,
    "volume" : 46280.00
  }, {
    "date" : "2025-10-20",
    "price" : 91.11,
    "dma50" : 95.31,
    "dma100" : 98.45,
    "dma200" : 102.40,
    "volume" : 37963.00
  }, {
    "date" : "2025-10-21",
    "price" : 92.30,
    "dma50" : 95.19,
    "dma100" : 98.36,
    "dma200" : 102.30,
    "volume" : 16956.00
  }, {
    "date" : "2025-10-23",
    "price" : 93.01,
    "dma50" : 95.10,
    "dma100" : 98.31,
    "dma200" : 102.21,
    "volume" : 138285.00
  }, {
    "date" : "2025-10-24",
    "price" : 97.77,
    "dma50" : 95.21,
    "dma100" : 98.29,
    "dma200" : 102.17,
    "volume" : 369645.00
  }, {
    "date" : "2025-10-27",
    "price" : 101.52,
    "dma50" : 95.45,
    "dma100" : 98.30,
    "dma200" : 102.16,
    "volume" : 1194258.00
  }, {
    "date" : "2025-10-28",
    "price" : 102.82,
    "dma50" : 95.74,
    "dma100" : 98.27,
    "dma200" : 102.17,
    "volume" : 198407.00
  }, {
    "date" : "2025-10-29",
    "price" : 101.57,
    "dma50" : 95.97,
    "dma100" : 98.21,
    "dma200" : 102.16,
    "volume" : 123290.00
  }, {
    "date" : "2025-10-30",
    "price" : 103.09,
    "dma50" : 96.25,
    "dma100" : 98.19,
    "dma200" : 102.17,
    "volume" : 181797.00
  }, {
    "date" : "2025-10-31",
    "price" : 102.99,
    "dma50" : 96.52,
    "dma100" : 98.17,
    "dma200" : 102.18,
    "volume" : 101560.00
  }, {
    "date" : "2025-11-03",
    "price" : 102.40,
    "dma50" : 96.75,
    "dma100" : 98.13,
    "dma200" : 102.18,
    "volume" : 84852.00
  }, {
    "date" : "2025-11-04",
    "price" : 101.75,
    "dma50" : 96.94,
    "dma100" : 98.09,
    "dma200" : 102.18,
    "volume" : 158756.00
  }, {
    "date" : "2025-11-06",
    "price" : 100.06,
    "dma50" : 97.06,
    "dma100" : 98.05,
    "dma200" : 102.15,
    "volume" : 115457.00
  }, {
    "date" : "2025-11-07",
    "price" : 99.97,
    "dma50" : 97.18,
    "dma100" : 98.02,
    "dma200" : 102.13,
    "volume" : 142787.00
  }, {
    "date" : "2025-11-10",
    "price" : 99.87,
    "dma50" : 97.28,
    "dma100" : 97.99,
    "dma200" : 102.11,
    "volume" : 354985.00
  }, {
    "date" : "2025-11-11",
    "price" : 100.99,
    "dma50" : 97.43,
    "dma100" : 97.97,
    "dma200" : 102.10,
    "volume" : 171535.00
  }, {
    "date" : "2025-11-12",
    "price" : 100.44,
    "dma50" : 97.55,
    "dma100" : 97.95,
    "dma200" : 102.08,
    "volume" : 112764.00
  }, {
    "date" : "2025-11-13",
    "price" : 98.84,
    "dma50" : 97.60,
    "dma100" : 97.95,
    "dma200" : 102.05,
    "volume" : 141826.00
  }, {
    "date" : "2025-11-14",
    "price" : 99.34,
    "dma50" : 97.67,
    "dma100" : 97.94,
    "dma200" : 102.02,
    "volume" : 183721.00
  }, {
    "date" : "2025-11-17",
    "price" : 99.52,
    "dma50" : 97.74,
    "dma100" : 97.93,
    "dma200" : 102.00,
    "volume" : 59372.00
  }, {
    "date" : "2025-11-18",
    "price" : 97.11,
    "dma50" : 97.71,
    "dma100" : 97.89,
    "dma200" : 101.95,
    "volume" : 53714.00
  }, {
    "date" : "2025-11-19",
    "price" : 96.37,
    "dma50" : 97.66,
    "dma100" : 97.82,
    "dma200" : 101.89,
    "volume" : 54751.00
  }, {
    "date" : "2025-11-20",
    "price" : 95.76,
    "dma50" : 97.59,
    "dma100" : 97.74,
    "dma200" : 101.83,
    "volume" : 40814.00
  }, {
    "date" : "2025-11-21",
    "price" : 99.99,
    "dma50" : 97.68,
    "dma100" : 97.70,
    "dma200" : 101.82,
    "volume" : 605467.00
  }, {
    "date" : "2025-11-24",
    "price" : 100.46,
    "dma50" : 97.79,
    "dma100" : 97.68,
    "dma200" : 101.80,
    "volume" : 321393.00
  }, {
    "date" : "2025-11-25",
    "price" : 101.71,
    "dma50" : 97.94,
    "dma100" : 97.66,
    "dma200" : 101.80,
    "volume" : 140634.00
  }, {
    "date" : "2025-11-26",
    "price" : 102.79,
    "dma50" : 98.13,
    "dma100" : 97.66,
    "dma200" : 101.81,
    "volume" : 87037.00
  }, {
    "date" : "2025-11-27",
    "price" : 102.44,
    "dma50" : 98.30,
    "dma100" : 97.65,
    "dma200" : 101.82,
    "volume" : 121776.00
  }, {
    "date" : "2025-11-28",
    "price" : 104.21,
    "dma50" : 98.53,
    "dma100" : 97.66,
    "dma200" : 101.84,
    "volume" : 2283641.00
  } ],
  "latestTechnicalAttributes" : {
    "date" : "2025-11-28",
    "price" : 104.21,
    "dma50" : 98.53,
    "dma100" : 97.66,
    "dma200" : 101.84,
    "volume" : 2283641.00
  },
  "quarterlyResults" : [ {
    "date" : "2005-03-31",
    "sales" : 86.62,
    "salesGrowthYoY" : null,
    "grossProfitMargin" : 33.49,
    "grossProfit" : 29.01,
    "operatingProfitMargin" : 10.99,
    "operatingProfit" : 9.52,
    "netProfitMargin" : 6.94,
    "netProfit" : 6.01
  }, {
    "date" : "2005-06-30",
    "sales" : 62.48,
    "salesGrowthYoY" : null,
    "grossProfitMargin" : 34.40,
    "grossProfit" : 21.49,
    "operatingProfitMargin" : 7.38,
    "operatingProfit" : 4.61,
    "netProfitMargin" : 3.97,
    "netProfit" : 2.48
  }, {
    "date" : "2005-09-30",
    "sales" : 67.81,
    "salesGrowthYoY" : null,
    "grossProfitMargin" : 36.94,
    "grossProfit" : 25.05,
    "operatingProfitMargin" : 10.96,
    "operatingProfit" : 7.43,
    "netProfitMargin" : 7.29,
    "netProfit" : 4.94
  }, {
    "date" : "2005-12-31",
    "sales" : 54.26,
    "salesGrowthYoY" : null,
    "grossProfitMargin" : 43.77,
    "grossProfit" : 23.75,
    "operatingProfitMargin" : 13.60,
    "operatingProfit" : 7.38,
    "netProfitMargin" : 8.40,
    "netProfit" : 4.56
  }, {
    "date" : "2006-03-31",
    "sales" : 128.75,
    "salesGrowthYoY" : 48.64,
    "grossProfitMargin" : 22.20,
    "grossProfit" : 28.58,
    "operatingProfitMargin" : 10.35,
    "operatingProfit" : 13.33,
    "netProfitMargin" : 5.84,
    "netProfit" : 7.52
  }, {
    "date" : "2006-06-30",
    "sales" : 86.96,
    "salesGrowthYoY" : 39.18,
    "grossProfitMargin" : 22.37,
    "grossProfit" : 19.45,
    "operatingProfitMargin" : 9.26,
    "operatingProfit" : 8.05,
    "netProfitMargin" : 5.29,
    "netProfit" : 4.60
  }, {
    "date" : "2006-09-30",
    "sales" : 90.21,
    "salesGrowthYoY" : 33.03,
    "grossProfitMargin" : 27.74,
    "grossProfit" : 25.02,
    "operatingProfitMargin" : 12.38,
    "operatingProfit" : 11.17,
    "netProfitMargin" : 6.85,
    "netProfit" : 6.18
  }, {
    "date" : "2006-12-31",
    "sales" : 89.93,
    "salesGrowthYoY" : 65.74,
    "grossProfitMargin" : 27.54,
    "grossProfit" : 24.77,
    "operatingProfitMargin" : 13.86,
    "operatingProfit" : 12.46,
    "netProfitMargin" : 8.02,
    "netProfit" : 7.21
  }, {
    "date" : "2007-03-31",
    "sales" : 109.85,
    "salesGrowthYoY" : -14.68,
    "grossProfitMargin" : 33.45,
    "grossProfit" : 36.74,
    "operatingProfitMargin" : 14.88,
    "operatingProfit" : 16.35,
    "netProfitMargin" : 10.11,
    "netProfit" : 11.11
  }, {
    "date" : "2007-06-30",
    "sales" : 143.04,
    "salesGrowthYoY" : 64.49,
    "grossProfitMargin" : 22.22,
    "grossProfit" : 31.78,
    "operatingProfitMargin" : 13.07,
    "operatingProfit" : 18.70,
    "netProfitMargin" : 8.03,
    "netProfit" : 11.49
  }, {
    "date" : "2007-09-30",
    "sales" : 169.17,
    "salesGrowthYoY" : 87.53,
    "grossProfitMargin" : 19.23,
    "grossProfit" : 32.53,
    "operatingProfitMargin" : 12.08,
    "operatingProfit" : 20.44,
    "netProfitMargin" : 7.55,
    "netProfit" : 12.77
  }, {
    "date" : "2007-12-31",
    "sales" : 160.54,
    "salesGrowthYoY" : 78.52,
    "grossProfitMargin" : 24.74,
    "grossProfit" : 39.72,
    "operatingProfitMargin" : 13.99,
    "operatingProfit" : 22.46,
    "netProfitMargin" : 9.14,
    "netProfit" : 14.67
  }, {
    "date" : "2008-03-31",
    "sales" : 218.99,
    "salesGrowthYoY" : 99.35,
    "grossProfitMargin" : 34.94,
    "grossProfit" : 76.52,
    "operatingProfitMargin" : 23.30,
    "operatingProfit" : 51.02,
    "netProfitMargin" : 13.97,
    "netProfit" : 30.59
  }, {
    "date" : "2008-06-30",
    "sales" : 197.84,
    "salesGrowthYoY" : 38.31,
    "grossProfitMargin" : 26.44,
    "grossProfit" : 52.31,
    "operatingProfitMargin" : 18.28,
    "operatingProfit" : 36.17,
    "netProfitMargin" : 11.58,
    "netProfit" : 22.91
  }, {
    "date" : "2008-09-30",
    "sales" : 205.28,
    "salesGrowthYoY" : 21.35,
    "grossProfitMargin" : 24.05,
    "grossProfit" : 49.37,
    "operatingProfitMargin" : 15.05,
    "operatingProfit" : 30.89,
    "netProfitMargin" : 9.86,
    "netProfit" : 20.24
  }, {
    "date" : "2008-12-31",
    "sales" : 166.49,
    "salesGrowthYoY" : 3.71,
    "grossProfitMargin" : 24.54,
    "grossProfit" : 40.86,
    "operatingProfitMargin" : 16.20,
    "operatingProfit" : 26.97,
    "netProfitMargin" : 9.32,
    "netProfit" : 15.52
  }, {
    "date" : "2009-03-31",
    "sales" : 239.78,
    "salesGrowthYoY" : 9.49,
    "grossProfitMargin" : 23.15,
    "grossProfit" : 55.51,
    "operatingProfitMargin" : 14.30,
    "operatingProfit" : 34.29,
    "netProfitMargin" : 7.29,
    "netProfit" : 17.48
  }, {
    "date" : "2009-06-30",
    "sales" : 183.40,
    "salesGrowthYoY" : -7.30,
    "grossProfitMargin" : 27.36,
    "grossProfit" : 50.18,
    "operatingProfitMargin" : 18.96,
    "operatingProfit" : 34.77,
    "netProfitMargin" : 11.40,
    "netProfit" : 20.91
  }, {
    "date" : "2009-09-30",
    "sales" : 241.70,
    "salesGrowthYoY" : 17.74,
    "grossProfitMargin" : 22.22,
    "grossProfit" : 53.71,
    "operatingProfitMargin" : 14.59,
    "operatingProfit" : 35.26,
    "netProfitMargin" : 9.27,
    "netProfit" : 22.41
  }, {
    "date" : "2009-12-31",
    "sales" : 238.77,
    "salesGrowthYoY" : 43.41,
    "grossProfitMargin" : 20.14,
    "grossProfit" : 48.09,
    "operatingProfitMargin" : 15.21,
    "operatingProfit" : 36.32,
    "netProfitMargin" : 9.91,
    "netProfit" : 23.66
  }, {
    "date" : "2010-03-31",
    "sales" : 268.20,
    "salesGrowthYoY" : 11.85,
    "grossProfitMargin" : 24.52,
    "grossProfit" : 65.76,
    "operatingProfitMargin" : 15.91,
    "operatingProfit" : 42.67,
    "netProfitMargin" : 10.34,
    "netProfit" : 27.73
  }, {
    "date" : "2010-06-30",
    "sales" : 2.70,
    "salesGrowthYoY" : -98.53,
    "grossProfitMargin" : 99.63,
    "grossProfit" : 2.69,
    "operatingProfitMargin" : 68.52,
    "operatingProfit" : 1.85,
    "netProfitMargin" : 58.15,
    "netProfit" : 1.57
  }, {
    "date" : "2010-09-30",
    "sales" : 3.71,
    "salesGrowthYoY" : -98.47,
    "grossProfitMargin" : 99.73,
    "grossProfit" : 3.70,
    "operatingProfitMargin" : 83.02,
    "operatingProfit" : 3.08,
    "netProfitMargin" : 33.96,
    "netProfit" : 1.26
  }, {
    "date" : "2010-12-31",
    "sales" : 6.10,
    "salesGrowthYoY" : -97.45,
    "grossProfitMargin" : 99.67,
    "grossProfit" : 6.08,
    "operatingProfitMargin" : 86.07,
    "operatingProfit" : 5.25,
    "netProfitMargin" : 64.26,
    "netProfit" : 3.92
  }, {
    "date" : "2011-03-31",
    "sales" : 2.82,
    "salesGrowthYoY" : -98.95,
    "grossProfitMargin" : 96.10,
    "grossProfit" : 2.71,
    "operatingProfitMargin" : 93.62,
    "operatingProfit" : 2.64,
    "netProfitMargin" : 30.14,
    "netProfit" : 0.85
  }, {
    "date" : "2011-06-30",
    "sales" : 2.85,
    "salesGrowthYoY" : 5.56,
    "grossProfitMargin" : 98.95,
    "grossProfit" : 2.82,
    "operatingProfitMargin" : 75.79,
    "operatingProfit" : 2.16,
    "netProfitMargin" : 80.70,
    "netProfit" : 2.30
  }, {
    "date" : "2011-09-30",
    "sales" : 3.84,
    "salesGrowthYoY" : 3.50,
    "grossProfitMargin" : 98.70,
    "grossProfit" : 3.79,
    "operatingProfitMargin" : 75.00,
    "operatingProfit" : 2.88,
    "netProfitMargin" : 242.19,
    "netProfit" : 9.30
  }, {
    "date" : "2011-12-31",
    "sales" : 3.38,
    "salesGrowthYoY" : -44.59,
    "grossProfitMargin" : 98.82,
    "grossProfit" : 3.34,
    "operatingProfitMargin" : 81.95,
    "operatingProfit" : 2.77,
    "netProfitMargin" : 77.81,
    "netProfit" : 2.63
  }, {
    "date" : "2012-03-31",
    "sales" : 2.73,
    "salesGrowthYoY" : -3.19,
    "grossProfitMargin" : 98.53,
    "grossProfit" : 2.69,
    "operatingProfitMargin" : 61.54,
    "operatingProfit" : 1.68,
    "netProfitMargin" : 172.16,
    "netProfit" : 4.70
  }, {
    "date" : "2012-06-30",
    "sales" : 2.93,
    "salesGrowthYoY" : 2.81,
    "grossProfitMargin" : 98.29,
    "grossProfit" : 2.88,
    "operatingProfitMargin" : 59.04,
    "operatingProfit" : 1.73,
    "netProfitMargin" : 69.97,
    "netProfit" : 2.05
  }, {
    "date" : "2012-09-30",
    "sales" : 4.09,
    "salesGrowthYoY" : 6.51,
    "grossProfitMargin" : 99.02,
    "grossProfit" : 4.05,
    "operatingProfitMargin" : 67.24,
    "operatingProfit" : 2.75,
    "netProfitMargin" : 210.76,
    "netProfit" : 8.62
  }, {
    "date" : "2012-12-31",
    "sales" : 3.22,
    "salesGrowthYoY" : -4.73,
    "grossProfitMargin" : 98.45,
    "grossProfit" : 3.17,
    "operatingProfitMargin" : 61.18,
    "operatingProfit" : 1.97,
    "netProfitMargin" : 68.94,
    "netProfit" : 2.22
  }, {
    "date" : "2013-03-31",
    "sales" : 2.77,
    "salesGrowthYoY" : 1.47,
    "grossProfitMargin" : 98.56,
    "grossProfit" : 2.73,
    "operatingProfitMargin" : 55.23,
    "operatingProfit" : 1.53,
    "netProfitMargin" : 117.33,
    "netProfit" : 3.25
  }, {
    "date" : "2013-06-30",
    "sales" : 3.49,
    "salesGrowthYoY" : 19.11,
    "grossProfitMargin" : 98.57,
    "grossProfit" : 3.44,
    "operatingProfitMargin" : 61.89,
    "operatingProfit" : 2.16,
    "netProfitMargin" : 59.60,
    "netProfit" : 2.08
  }, {
    "date" : "2013-09-30",
    "sales" : 4.46,
    "salesGrowthYoY" : 9.05,
    "grossProfitMargin" : 98.43,
    "grossProfit" : 4.39,
    "operatingProfitMargin" : 59.64,
    "operatingProfit" : 2.66,
    "netProfitMargin" : 220.40,
    "netProfit" : 9.83
  }, {
    "date" : "2013-12-31",
    "sales" : 3.09,
    "salesGrowthYoY" : -4.04,
    "grossProfitMargin" : 98.06,
    "grossProfit" : 3.03,
    "operatingProfitMargin" : 54.37,
    "operatingProfit" : 1.68,
    "netProfitMargin" : 58.58,
    "netProfit" : 1.81
  }, {
    "date" : "2014-03-31",
    "sales" : 2.68,
    "salesGrowthYoY" : -3.25,
    "grossProfitMargin" : 98.13,
    "grossProfit" : 2.63,
    "operatingProfitMargin" : 58.96,
    "operatingProfit" : 1.58,
    "netProfitMargin" : 114.93,
    "netProfit" : 3.08
  }, {
    "date" : "2014-06-30",
    "sales" : 2.74,
    "salesGrowthYoY" : -21.49,
    "grossProfitMargin" : 97.45,
    "grossProfit" : 2.67,
    "operatingProfitMargin" : 54.74,
    "operatingProfit" : 1.50,
    "netProfitMargin" : 39.42,
    "netProfit" : 1.08
  }, {
    "date" : "2014-09-30",
    "sales" : 4.10,
    "salesGrowthYoY" : -8.07,
    "grossProfitMargin" : 98.78,
    "grossProfit" : 4.05,
    "operatingProfitMargin" : 61.46,
    "operatingProfit" : 2.52,
    "netProfitMargin" : 89.76,
    "netProfit" : 3.68
  }, {
    "date" : "2014-12-31",
    "sales" : 2.77,
    "salesGrowthYoY" : -10.36,
    "grossProfitMargin" : 97.11,
    "grossProfit" : 2.69,
    "operatingProfitMargin" : 33.57,
    "operatingProfit" : 0.93,
    "netProfitMargin" : 31.77,
    "netProfit" : 0.88
  }, {
    "date" : "2015-03-31",
    "sales" : 2.73,
    "salesGrowthYoY" : 1.87,
    "grossProfitMargin" : 97.80,
    "grossProfit" : 2.67,
    "operatingProfitMargin" : 35.16,
    "operatingProfit" : 0.96,
    "netProfitMargin" : 71.79,
    "netProfit" : 1.96
  }, {
    "date" : "2015-06-30",
    "sales" : 3.38,
    "salesGrowthYoY" : 23.36,
    "grossProfitMargin" : 97.93,
    "grossProfit" : 3.31,
    "operatingProfitMargin" : 60.65,
    "operatingProfit" : 2.05,
    "netProfitMargin" : 128.11,
    "netProfit" : 4.33
  }, {
    "date" : "2015-09-30",
    "sales" : 4.47,
    "salesGrowthYoY" : 9.02,
    "grossProfitMargin" : 97.99,
    "grossProfit" : 4.38,
    "operatingProfitMargin" : 65.10,
    "operatingProfit" : 2.91,
    "netProfitMargin" : 127.74,
    "netProfit" : 5.71
  }, {
    "date" : "2015-12-31",
    "sales" : 3.19,
    "salesGrowthYoY" : 15.16,
    "grossProfitMargin" : 97.81,
    "grossProfit" : 3.12,
    "operatingProfitMargin" : 49.22,
    "operatingProfit" : 1.57,
    "netProfitMargin" : 74.61,
    "netProfit" : 2.38
  }, {
    "date" : "2016-03-31",
    "sales" : 2.77,
    "salesGrowthYoY" : 1.47,
    "grossProfitMargin" : 97.11,
    "grossProfit" : 2.69,
    "operatingProfitMargin" : 47.29,
    "operatingProfit" : 1.31,
    "netProfitMargin" : 185.20,
    "netProfit" : 5.13
  }, {
    "date" : "2016-06-30",
    "sales" : 3.31,
    "salesGrowthYoY" : -2.07,
    "grossProfitMargin" : 97.28,
    "grossProfit" : 3.22,
    "operatingProfitMargin" : 44.11,
    "operatingProfit" : 1.46,
    "netProfitMargin" : 76.44,
    "netProfit" : 2.53
  }, {
    "date" : "2016-09-30",
    "sales" : 4.81,
    "salesGrowthYoY" : 7.61,
    "grossProfitMargin" : 98.34,
    "grossProfit" : 4.73,
    "operatingProfitMargin" : 62.16,
    "operatingProfit" : 2.99,
    "netProfitMargin" : 99.38,
    "netProfit" : 4.78
  }, {
    "date" : "2016-12-31",
    "sales" : 3.58,
    "salesGrowthYoY" : 12.23,
    "grossProfitMargin" : 97.21,
    "grossProfit" : 3.48,
    "operatingProfitMargin" : 32.40,
    "operatingProfit" : 1.16,
    "netProfitMargin" : 78.49,
    "netProfit" : 2.81
  }, {
    "date" : "2017-03-31",
    "sales" : 2.88,
    "salesGrowthYoY" : 3.97,
    "grossProfitMargin" : 100.00,
    "grossProfit" : 2.88,
    "operatingProfitMargin" : 26.39,
    "operatingProfit" : 0.76,
    "netProfitMargin" : 158.68,
    "netProfit" : 4.57
  }, {
    "date" : "2017-06-30",
    "sales" : 3.43,
    "salesGrowthYoY" : 3.63,
    "grossProfitMargin" : 100.00,
    "grossProfit" : 3.43,
    "operatingProfitMargin" : 47.81,
    "operatingProfit" : 1.64,
    "netProfitMargin" : 72.59,
    "netProfit" : 2.49
  }, {
    "date" : "2017-09-30",
    "sales" : 2.82,
    "salesGrowthYoY" : -41.37,
    "grossProfitMargin" : 100.00,
    "grossProfit" : 2.82,
    "operatingProfitMargin" : 30.85,
    "operatingProfit" : 0.87,
    "netProfitMargin" : 127.30,
    "netProfit" : 3.59
  }, {
    "date" : "2017-12-31",
    "sales" : 3.32,
    "salesGrowthYoY" : -7.26,
    "grossProfitMargin" : 100.00,
    "grossProfit" : 3.32,
    "operatingProfitMargin" : 42.77,
    "operatingProfit" : 1.42,
    "netProfitMargin" : 60.54,
    "netProfit" : 2.01
  }, {
    "date" : "2018-03-31",
    "sales" : 2.87,
    "salesGrowthYoY" : -0.35,
    "grossProfitMargin" : 100.00,
    "grossProfit" : 2.87,
    "operatingProfitMargin" : 21.25,
    "operatingProfit" : 0.61,
    "netProfitMargin" : 54.01,
    "netProfit" : 1.55
  }, {
    "date" : "2018-06-30",
    "sales" : 3.60,
    "salesGrowthYoY" : 4.96,
    "grossProfitMargin" : 100.00,
    "grossProfit" : 3.60,
    "operatingProfitMargin" : 41.39,
    "operatingProfit" : 1.49,
    "netProfitMargin" : 48.33,
    "netProfit" : 1.74
  }, {
    "date" : "2018-09-30",
    "sales" : 4.56,
    "salesGrowthYoY" : 61.70,
    "grossProfitMargin" : 100.00,
    "grossProfit" : 4.56,
    "operatingProfitMargin" : 53.73,
    "operatingProfit" : 2.45,
    "netProfitMargin" : 94.52,
    "netProfit" : 4.31
  }, {
    "date" : "2018-12-31",
    "sales" : 2.38,
    "salesGrowthYoY" : -28.31,
    "grossProfitMargin" : 100.00,
    "grossProfit" : 2.38,
    "operatingProfitMargin" : -20.59,
    "operatingProfit" : -0.49,
    "netProfitMargin" : 31.09,
    "netProfit" : 0.74
  }, {
    "date" : "2019-03-31",
    "sales" : 2.18,
    "salesGrowthYoY" : -24.04,
    "grossProfitMargin" : 100.00,
    "grossProfit" : 2.18,
    "operatingProfitMargin" : -53.21,
    "operatingProfit" : -1.16,
    "netProfitMargin" : 8.72,
    "netProfit" : 0.19
  }, {
    "date" : "2019-06-30",
    "sales" : 2.44,
    "salesGrowthYoY" : -32.22,
    "grossProfitMargin" : 100.00,
    "grossProfit" : 2.44,
    "operatingProfitMargin" : -21.31,
    "operatingProfit" : -0.52,
    "netProfitMargin" : 26.64,
    "netProfit" : 0.65
  }, {
    "date" : "2019-09-30",
    "sales" : 4.14,
    "salesGrowthYoY" : -9.21,
    "grossProfitMargin" : 100.00,
    "grossProfit" : 4.14,
    "operatingProfitMargin" : 35.99,
    "operatingProfit" : 1.49,
    "netProfitMargin" : 97.34,
    "netProfit" : 4.03
  }, {
    "date" : "2019-12-31",
    "sales" : 3.11,
    "salesGrowthYoY" : 30.67,
    "grossProfitMargin" : 100.00,
    "grossProfit" : 3.11,
    "operatingProfitMargin" : 21.86,
    "operatingProfit" : 0.68,
    "netProfitMargin" : 52.41,
    "netProfit" : 1.63
  }, {
    "date" : "2020-03-31",
    "sales" : 4.15,
    "salesGrowthYoY" : 90.37,
    "grossProfitMargin" : 100.00,
    "grossProfit" : 4.15,
    "operatingProfitMargin" : 8.92,
    "operatingProfit" : 0.37,
    "netProfitMargin" : 25.30,
    "netProfit" : 1.05
  }, {
    "date" : "2020-06-30",
    "sales" : 1.57,
    "salesGrowthYoY" : -35.66,
    "grossProfitMargin" : 100.00,
    "grossProfit" : 1.57,
    "operatingProfitMargin" : -17.20,
    "operatingProfit" : -0.27,
    "netProfitMargin" : 38.85,
    "netProfit" : 0.61
  }, {
    "date" : "2020-09-30",
    "sales" : 3.95,
    "salesGrowthYoY" : -4.59,
    "grossProfitMargin" : 100.00,
    "grossProfit" : 3.95,
    "operatingProfitMargin" : 22.28,
    "operatingProfit" : 0.88,
    "netProfitMargin" : 56.71,
    "netProfit" : 2.24
  }, {
    "date" : "2020-12-31",
    "sales" : 2.54,
    "salesGrowthYoY" : -18.33,
    "grossProfitMargin" : 100.00,
    "grossProfit" : 2.54,
    "operatingProfitMargin" : 49.21,
    "operatingProfit" : 1.25,
    "netProfitMargin" : 102.36,
    "netProfit" : 2.60
  }, {
    "date" : "2021-03-31",
    "sales" : 1.38,
    "salesGrowthYoY" : -66.75,
    "grossProfitMargin" : 100.00,
    "grossProfit" : 1.38,
    "operatingProfitMargin" : -182.61,
    "operatingProfit" : -2.52,
    "netProfitMargin" : 290.58,
    "netProfit" : 4.01
  }, {
    "date" : "2021-06-30",
    "sales" : 1.72,
    "salesGrowthYoY" : 9.55,
    "grossProfitMargin" : 100.00,
    "grossProfit" : 1.72,
    "operatingProfitMargin" : -29.65,
    "operatingProfit" : -0.51,
    "netProfitMargin" : 23.84,
    "netProfit" : 0.41
  }, {
    "date" : "2021-09-30",
    "sales" : 3.05,
    "salesGrowthYoY" : -22.78,
    "grossProfitMargin" : 100.00,
    "grossProfit" : 3.05,
    "operatingProfitMargin" : -52.46,
    "operatingProfit" : -1.60,
    "netProfitMargin" : 23.28,
    "netProfit" : 0.71
  }, {
    "date" : "2021-12-31",
    "sales" : 1.86,
    "salesGrowthYoY" : -26.77,
    "grossProfitMargin" : 100.00,
    "grossProfit" : 1.86,
    "operatingProfitMargin" : -189.25,
    "operatingProfit" : -3.52,
    "netProfitMargin" : 7.53,
    "netProfit" : 0.14
  }, {
    "date" : "2022-03-31",
    "sales" : 6.85,
    "salesGrowthYoY" : 396.38,
    "grossProfitMargin" : 26.13,
    "grossProfit" : 1.79,
    "operatingProfitMargin" : -12.55,
    "operatingProfit" : -0.86,
    "netProfitMargin" : 4.82,
    "netProfit" : 0.33
  }, {
    "date" : "2022-06-30",
    "sales" : 2.10,
    "salesGrowthYoY" : 22.09,
    "grossProfitMargin" : 100.00,
    "grossProfit" : 2.10,
    "operatingProfitMargin" : -18.57,
    "operatingProfit" : -0.39,
    "netProfitMargin" : 17.14,
    "netProfit" : 0.36
  }, {
    "date" : "2022-09-30",
    "sales" : 3.41,
    "salesGrowthYoY" : 11.80,
    "grossProfitMargin" : 100.00,
    "grossProfit" : 3.41,
    "operatingProfitMargin" : 9.97,
    "operatingProfit" : 0.34,
    "netProfitMargin" : 76.25,
    "netProfit" : 2.60
  }, {
    "date" : "2022-12-31",
    "sales" : 2.40,
    "salesGrowthYoY" : 29.03,
    "grossProfitMargin" : 100.00,
    "grossProfit" : 2.40,
    "operatingProfitMargin" : -0.42,
    "operatingProfit" : -0.01,
    "netProfitMargin" : 13.33,
    "netProfit" : 0.32
  }, {
    "date" : "2023-03-31",
    "sales" : 2.51,
    "salesGrowthYoY" : -63.36,
    "grossProfitMargin" : 68.53,
    "grossProfit" : 1.72,
    "operatingProfitMargin" : -36.25,
    "operatingProfit" : -0.91,
    "netProfitMargin" : 12.35,
    "netProfit" : 0.31
  }, {
    "date" : "2023-06-30",
    "sales" : 1.89,
    "salesGrowthYoY" : -10.00,
    "grossProfitMargin" : 100.00,
    "grossProfit" : 1.89,
    "operatingProfitMargin" : -27.51,
    "operatingProfit" : -0.52,
    "netProfitMargin" : 22.75,
    "netProfit" : 0.43
  }, {
    "date" : "2023-09-30",
    "sales" : 3.50,
    "salesGrowthYoY" : 2.64,
    "grossProfitMargin" : 100.00,
    "grossProfit" : 3.50,
    "operatingProfitMargin" : -0.29,
    "operatingProfit" : -0.01,
    "netProfitMargin" : 61.43,
    "netProfit" : 2.15
  }, {
    "date" : "2023-12-31",
    "sales" : 2.28,
    "salesGrowthYoY" : -5.00,
    "grossProfitMargin" : 100.00,
    "grossProfit" : 2.28,
    "operatingProfitMargin" : -7.46,
    "operatingProfit" : -0.17,
    "netProfitMargin" : 25.00,
    "netProfit" : 0.57
  }, {
    "date" : "2024-03-31",
    "sales" : 1.67,
    "salesGrowthYoY" : -33.47,
    "grossProfitMargin" : 100.00,
    "grossProfit" : 1.67,
    "operatingProfitMargin" : -76.65,
    "operatingProfit" : -1.28,
    "netProfitMargin" : 25.15,
    "netProfit" : 0.42
  }, {
    "date" : "2024-06-30",
    "sales" : 2.03,
    "salesGrowthYoY" : 7.41,
    "grossProfitMargin" : 100.00,
    "grossProfit" : 2.03,
    "operatingProfitMargin" : -15.76,
    "operatingProfit" : -0.32,
    "netProfitMargin" : 11.82,
    "netProfit" : 0.24
  }, {
    "date" : "2024-09-30",
    "sales" : 3.05,
    "salesGrowthYoY" : -12.86,
    "grossProfitMargin" : 100.00,
    "grossProfit" : 3.05,
    "operatingProfitMargin" : -85.25,
    "operatingProfit" : -2.60,
    "netProfitMargin" : 85.25,
    "netProfit" : 2.60
  }, {
    "date" : "2024-12-31",
    "sales" : 2.34,
    "salesGrowthYoY" : 2.63,
    "grossProfitMargin" : 100.00,
    "grossProfit" : 2.34,
    "operatingProfitMargin" : 4.70,
    "operatingProfit" : 0.11,
    "netProfitMargin" : -491.45,
    "netProfit" : -11.50
  }, {
    "date" : "2025-03-31",
    "sales" : 1.74,
    "salesGrowthYoY" : 4.19,
    "grossProfitMargin" : 100.00,
    "grossProfit" : 1.74,
    "operatingProfitMargin" : -223.56,
    "operatingProfit" : -3.89,
    "netProfitMargin" : 5.75,
    "netProfit" : 0.10
  }, {
    "date" : "2025-06-30",
    "sales" : 2.50,
    "salesGrowthYoY" : 23.15,
    "grossProfitMargin" : 100.00,
    "grossProfit" : 2.50,
    "operatingProfitMargin" : -12.80,
    "operatingProfit" : -0.32,
    "netProfitMargin" : 123.60,
    "netProfit" : 3.09
  }, {
    "date" : "2025-09-30",
    "sales" : 3.64,
    "salesGrowthYoY" : 19.34,
    "grossProfitMargin" : 100.00,
    "grossProfit" : 3.64,
    "operatingProfitMargin" : -6.32,
    "operatingProfit" : -0.23,
    "netProfitMargin" : 162.09,
    "netProfit" : 5.90
  } ],
  "latestQuarterlyResult" : {
    "date" : "2025-09-30",
    "sales" : 3.64,
    "salesGrowthYoY" : 19.34,
    "grossProfitMargin" : 100.00,
    "grossProfit" : 3.64,
    "operatingProfitMargin" : -6.32,
    "operatingProfit" : -0.23,
    "netProfitMargin" : 162.09,
    "netProfit" : 5.90
  },
  "companyScore" : {
    "priceHigherThanDma50" : 5.00,
    "priceHigherThanDma100" : 5.00,
    "priceHigherThanDma200" : 5.00,
    "dma50HigherThanDma100" : 5.00,
    "dma50HigherThanDma200" : 0.00,
    "dma100HigherThanDma200" : 0.00,
    "pricePercentageAboveDma50" : 4.71,
    "pricePercentageAboveDma100" : 4.66,
    "pricePercentageAboveDma200" : 4.88,
    "weeklyVolumeHigherThanYearlyVolume" : 5.00,
    "salesGrowthPercentile" : 15.19,
    "operatingProfitMarginPercentile" : 13.70,
    "netProfitMarginPercentile" : 9.28,
    "totalTechnicalScore" : 39.26,
    "totalFundamentalScore" : 38.17,
    "totalScore" : 77.43
  }
}