{
  "metadata" : {
    "screenerCompanyId" : "3409",
    "companyCode" : "THANGAMAYL",
    "companyName" : "Thangamayil Jew.",
    "screenerCompanyLink" : "https://www.screener.in/company/THANGAMAYL",
    "screenerTechnicalHistoryLink" : "https://www.screener.in/api/company/3409/chart/?q=Price-DMA50-DMA200-Volume&days=365",
    "screenerQuarterlyResultsLink" : "https://www.screener.in/api/company/3409/chart/?q=GPM-OPM-NPM-Quarter+Sales&days=10000",
    "attributes" : {
      "companyCode" : "THANGAMAYL",
      "companyName" : "Thangamayil Jew.",
      "marketCap" : 10040.00,
      "peRatio" : 54.60,
      "description" : "Thangamayil Jewellery Limited operates a chain of retail jewellery stores across several districts in Tamil Nadu, a state that have the largest share (40%) of India's total gold consumption. The company primarily deals with four product lines, i.e., Gold, Silver, Diamonds and Platinum; the sale of gold being a predominant source of its income. TMJL has also established four manufacturing units that employ in-house goldsmiths to craft designer jewellery, which are in vogue with the current trends in the marketplace. [1]"
    },
    "companyScore" : {
      "priceHigherThanDma50" : 5.00,
      "priceHigherThanDma100" : 5.00,
      "priceHigherThanDma200" : 5.00,
      "dma50HigherThanDma100" : 5.00,
      "dma50HigherThanDma200" : 5.00,
      "dma100HigherThanDma200" : 5.00,
      "pricePercentageAboveDma50" : 3.69,
      "pricePercentageAboveDma100" : 2.65,
      "pricePercentageAboveDma200" : 2.43,
      "weeklyVolumeHigherThanYearlyVolume" : 0.00,
      "salesGrowthPercentile" : 15.31,
      "operatingProfitMarginPercentile" : 12.94,
      "netProfitMarginPercentile" : 7.50,
      "totalTechnicalScore" : 38.77,
      "totalFundamentalScore" : 35.75,
      "totalScore" : 74.53
    }
  },
  "attributes" : {
    "companyCode" : "THANGAMAYL",
    "companyName" : "Thangamayil Jew.",
    "marketCap" : 10040.00,
    "peRatio" : 54.60,
    "description" : "Thangamayil Jewellery Limited operates a chain of retail jewellery stores across several districts in Tamil Nadu, a state that have the largest share (40%) of India's total gold consumption. The company primarily deals with four product lines, i.e., Gold, Silver, Diamonds and Platinum; the sale of gold being a predominant source of its income. TMJL has also established four manufacturing units that employ in-house goldsmiths to craft designer jewellery, which are in vogue with the current trends in the marketplace. [1]"
  },
  "technicalHistory" : [ {
    "date" : "2024-11-25",
    "price" : 1934.33,
    "dma50" : 2059.16,
    "dma100" : null,
    "dma200" : 1736.80,
    "volume" : 43886.00
  }, {
    "date" : "2024-11-26",
    "price" : 1919.51,
    "dma50" : 2053.68,
    "dma100" : null,
    "dma200" : 1738.62,
    "volume" : 42346.00
  }, {
    "date" : "2024-11-27",
    "price" : 1941.11,
    "dma50" : 2049.27,
    "dma100" : null,
    "dma200" : 1740.63,
    "volume" : 55045.00
  }, {
    "date" : "2024-11-28",
    "price" : 1934.57,
    "dma50" : 2044.77,
    "dma100" : null,
    "dma200" : 1742.56,
    "volume" : 33177.00
  }, {
    "date" : "2024-11-29",
    "price" : 1919.75,
    "dma50" : 2039.87,
    "dma100" : null,
    "dma200" : 1744.33,
    "volume" : 29125.00
  }, {
    "date" : "2024-12-02",
    "price" : 1938.26,
    "dma50" : 2035.88,
    "dma100" : null,
    "dma200" : 1746.26,
    "volume" : 25147.00
  }, {
    "date" : "2024-12-03",
    "price" : 2007.77,
    "dma50" : 2034.78,
    "dma100" : null,
    "dma200" : 1748.86,
    "volume" : 73599.00
  }, {
    "date" : "2024-12-04",
    "price" : 2008.98,
    "dma50" : 2033.77,
    "dma100" : null,
    "dma200" : 1751.45,
    "volume" : 42508.00
  }, {
    "date" : "2024-12-05",
    "price" : 2012.61,
    "dma50" : 2032.94,
    "dma100" : null,
    "dma200" : 1754.05,
    "volume" : 22047.00
  }, {
    "date" : "2024-12-06",
    "price" : 2063.57,
    "dma50" : 2034.14,
    "dma100" : null,
    "dma200" : 1757.13,
    "volume" : 33411.00
  }, {
    "date" : "2024-12-09",
    "price" : 2058.05,
    "dma50" : 2035.08,
    "dma100" : null,
    "dma200" : 1760.12,
    "volume" : 31166.00
  }, {
    "date" : "2024-12-10",
    "price" : 2065.03,
    "dma50" : 2036.25,
    "dma100" : null,
    "dma200" : 1763.15,
    "volume" : 20881.00
  }, {
    "date" : "2024-12-11",
    "price" : 2055.63,
    "dma50" : 2037.01,
    "dma100" : null,
    "dma200" : 1766.06,
    "volume" : 25489.00
  }, {
    "date" : "2024-12-12",
    "price" : 2024.19,
    "dma50" : 2036.51,
    "dma100" : null,
    "dma200" : 1768.63,
    "volume" : 53410.00
  }, {
    "date" : "2024-12-13",
    "price" : 2023.95,
    "dma50" : 2036.02,
    "dma100" : null,
    "dma200" : 1771.17,
    "volume" : 84149.00
  }, {
    "date" : "2024-12-16",
    "price" : 2003.22,
    "dma50" : 2034.73,
    "dma100" : null,
    "dma200" : 1773.48,
    "volume" : 27667.00
  }, {
    "date" : "2024-12-17",
    "price" : 1966.84,
    "dma50" : 2032.07,
    "dma100" : null,
    "dma200" : 1775.41,
    "volume" : 27171.00
  }, {
    "date" : "2024-12-18",
    "price" : 1959.13,
    "dma50" : 2029.21,
    "dma100" : null,
    "dma200" : 1777.23,
    "volume" : 19894.00
  }, {
    "date" : "2024-12-19",
    "price" : 1944.50,
    "dma50" : 2025.89,
    "dma100" : null,
    "dma200" : 1778.90,
    "volume" : 13762.00
  }, {
    "date" : "2024-12-20",
    "price" : 1947.99,
    "dma50" : 2022.83,
    "dma100" : null,
    "dma200" : 1780.58,
    "volume" : 25291.00
  }, {
    "date" : "2024-12-23",
    "price" : 1861.28,
    "dma50" : 2016.50,
    "dma100" : null,
    "dma200" : 1781.38,
    "volume" : 49230.00
  }, {
    "date" : "2024-12-24",
    "price" : 1899.07,
    "dma50" : 2011.89,
    "dma100" : null,
    "dma200" : 1782.55,
    "volume" : 48760.00
  }, {
    "date" : "2024-12-26",
    "price" : 1898.68,
    "dma50" : 2007.45,
    "dma100" : null,
    "dma200" : 1783.71,
    "volume" : 23271.00
  }, {
    "date" : "2024-12-27",
    "price" : 1890.69,
    "dma50" : 2002.87,
    "dma100" : null,
    "dma200" : 1784.77,
    "volume" : 10365.00
  }, {
    "date" : "2024-12-30",
    "price" : 1876.88,
    "dma50" : 1997.93,
    "dma100" : null,
    "dma200" : 1785.69,
    "volume" : 17380.00
  }, {
    "date" : "2024-12-31",
    "price" : 1900.52,
    "dma50" : 1994.11,
    "dma100" : null,
    "dma200" : 1786.83,
    "volume" : 17451.00
  }, {
    "date" : "2025-01-01",
    "price" : 1941.16,
    "dma50" : 1992.04,
    "dma100" : null,
    "dma200" : 1788.37,
    "volume" : 17000.00
  }, {
    "date" : "2025-01-02",
    "price" : 1976.57,
    "dma50" : 1991.43,
    "dma100" : null,
    "dma200" : 1790.24,
    "volume" : 15367.00
  }, {
    "date" : "2025-01-03",
    "price" : 1956.28,
    "dma50" : 1990.05,
    "dma100" : null,
    "dma200" : 1791.89,
    "volume" : 16700.00
  }, {
    "date" : "2025-01-06",
    "price" : 1880.32,
    "dma50" : 1985.75,
    "dma100" : null,
    "dma200" : 1792.77,
    "volume" : 26108.00
  }, {
    "date" : "2025-01-07",
    "price" : 1994.45,
    "dma50" : 1986.09,
    "dma100" : null,
    "dma200" : 1794.78,
    "volume" : 63146.00
  }, {
    "date" : "2025-01-08",
    "price" : 1951.58,
    "dma50" : 1984.74,
    "dma100" : null,
    "dma200" : 1796.34,
    "volume" : 23641.00
  }, {
    "date" : "2025-01-09",
    "price" : 1905.51,
    "dma50" : 1981.63,
    "dma100" : null,
    "dma200" : 1797.43,
    "volume" : 12815.00
  }, {
    "date" : "2025-01-10",
    "price" : 1842.00,
    "dma50" : 1976.15,
    "dma100" : null,
    "dma200" : 1797.87,
    "volume" : 20695.00
  }, {
    "date" : "2025-01-13",
    "price" : 1739.21,
    "dma50" : 1966.86,
    "dma100" : null,
    "dma200" : 1797.29,
    "volume" : 101240.00
  }, {
    "date" : "2025-01-14",
    "price" : 1710.14,
    "dma50" : 1956.79,
    "dma100" : null,
    "dma200" : 1796.42,
    "volume" : 76374.00
  }, {
    "date" : "2025-01-15",
    "price" : 1711.84,
    "dma50" : 1947.19,
    "dma100" : null,
    "dma200" : 1795.58,
    "volume" : 23369.00
  }, {
    "date" : "2025-01-16",
    "price" : 1716.88,
    "dma50" : 1938.16,
    "dma100" : null,
    "dma200" : 1794.79,
    "volume" : 16558.00
  }, {
    "date" : "2025-01-17",
    "price" : 1721.14,
    "dma50" : 1929.65,
    "dma100" : null,
    "dma200" : 1794.06,
    "volume" : 21302.00
  }, {
    "date" : "2025-01-20",
    "price" : 1723.03,
    "dma50" : 1921.54,
    "dma100" : null,
    "dma200" : 1793.36,
    "volume" : 19685.00
  }, {
    "date" : "2025-01-21",
    "price" : 1666.01,
    "dma50" : 1911.52,
    "dma100" : null,
    "dma200" : 1792.09,
    "volume" : 42345.00
  }, {
    "date" : "2025-01-22",
    "price" : 1674.88,
    "dma50" : 1902.24,
    "dma100" : null,
    "dma200" : 1790.92,
    "volume" : 96736.00
  }, {
    "date" : "2025-01-23",
    "price" : 1675.70,
    "dma50" : 1893.36,
    "dma100" : null,
    "dma200" : 1789.78,
    "volume" : 13636.00
  }, {
    "date" : "2025-01-24",
    "price" : 1647.22,
    "dma50" : 1883.71,
    "dma100" : null,
    "dma200" : 1788.36,
    "volume" : 35087.00
  }, {
    "date" : "2025-01-27",
    "price" : 1632.93,
    "dma50" : 1873.87,
    "dma100" : null,
    "dma200" : 1786.81,
    "volume" : 25391.00
  }, {
    "date" : "2025-01-28",
    "price" : 1631.96,
    "dma50" : 1864.38,
    "dma100" : null,
    "dma200" : 1785.27,
    "volume" : 29760.00
  }, {
    "date" : "2025-01-29",
    "price" : 1713.49,
    "dma50" : 1858.47,
    "dma100" : null,
    "dma200" : 1784.56,
    "volume" : 30661.00
  }, {
    "date" : "2025-01-30",
    "price" : 1697.79,
    "dma50" : 1852.17,
    "dma100" : null,
    "dma200" : 1783.69,
    "volume" : 23204.00
  }, {
    "date" : "2025-01-31",
    "price" : 1766.63,
    "dma50" : 1848.81,
    "dma100" : null,
    "dma200" : 1783.52,
    "volume" : 23912.00
  }, {
    "date" : "2025-02-01",
    "price" : 1763.09,
    "dma50" : 1845.45,
    "dma100" : null,
    "dma200" : 1783.32,
    "volume" : 21404.00
  }, {
    "date" : "2025-02-03",
    "price" : 1775.88,
    "dma50" : 1842.72,
    "dma100" : null,
    "dma200" : 1783.24,
    "volume" : 30761.00
  }, {
    "date" : "2025-02-04",
    "price" : 1821.90,
    "dma50" : 1841.91,
    "dma100" : null,
    "dma200" : 1783.63,
    "volume" : 28887.00
  }, {
    "date" : "2025-02-05",
    "price" : 1999.97,
    "dma50" : 1848.10,
    "dma100" : null,
    "dma200" : 1785.78,
    "volume" : 435288.00
  }, {
    "date" : "2025-02-06",
    "price" : 1929.78,
    "dma50" : 1851.31,
    "dma100" : null,
    "dma200" : 1787.21,
    "volume" : 191272.00
  }, {
    "date" : "2025-02-07",
    "price" : 1817.01,
    "dma50" : 1849.96,
    "dma100" : null,
    "dma200" : 1787.51,
    "volume" : 96648.00
  }, {
    "date" : "2025-02-10",
    "price" : 1845.15,
    "dma50" : 1849.77,
    "dma100" : null,
    "dma200" : 1788.08,
    "volume" : 172433.00
  }, {
    "date" : "2025-02-11",
    "price" : 1809.30,
    "dma50" : 1848.19,
    "dma100" : null,
    "dma200" : 1788.30,
    "volume" : 52841.00
  }, {
    "date" : "2025-02-12",
    "price" : 1801.85,
    "dma50" : 1846.37,
    "dma100" : null,
    "dma200" : 1788.43,
    "volume" : 81345.00
  }, {
    "date" : "2025-02-13",
    "price" : 1826.15,
    "dma50" : 1845.58,
    "dma100" : null,
    "dma200" : 1788.81,
    "volume" : 349777.00
  }, {
    "date" : "2025-02-14",
    "price" : 1788.70,
    "dma50" : 1843.35,
    "dma100" : null,
    "dma200" : 1788.81,
    "volume" : 41490.00
  }, {
    "date" : "2025-02-17",
    "price" : 1784.45,
    "dma50" : 1841.04,
    "dma100" : null,
    "dma200" : 1788.76,
    "volume" : 42569.00
  }, {
    "date" : "2025-02-18",
    "price" : 1766.60,
    "dma50" : 1838.12,
    "dma100" : null,
    "dma200" : 1788.54,
    "volume" : 22367.00
  }, {
    "date" : "2025-02-19",
    "price" : 1719.05,
    "dma50" : 1833.45,
    "dma100" : null,
    "dma200" : 1787.85,
    "volume" : 28584.00
  }, {
    "date" : "2025-02-20",
    "price" : 1710.95,
    "dma50" : 1828.64,
    "dma100" : null,
    "dma200" : 1787.08,
    "volume" : 34457.00
  }, {
    "date" : "2025-02-21",
    "price" : 1657.05,
    "dma50" : 1821.91,
    "dma100" : null,
    "dma200" : 1785.79,
    "volume" : 28924.00
  }, {
    "date" : "2025-02-24",
    "price" : 1552.55,
    "dma50" : 1811.35,
    "dma100" : null,
    "dma200" : 1783.47,
    "volume" : 81123.00
  }, {
    "date" : "2025-02-25",
    "price" : 1863.05,
    "dma50" : 1813.38,
    "dma100" : null,
    "dma200" : 1784.26,
    "volume" : 280593.00
  }, {
    "date" : "2025-02-27",
    "price" : 1920.80,
    "dma50" : 1817.59,
    "dma100" : null,
    "dma200" : 1785.62,
    "volume" : 729151.00
  }, {
    "date" : "2025-02-28",
    "price" : 1888.40,
    "dma50" : 1820.37,
    "dma100" : null,
    "dma200" : 1786.64,
    "volume" : 351311.00
  }, {
    "date" : "2025-03-03",
    "price" : 1809.85,
    "dma50" : 1819.96,
    "dma100" : null,
    "dma200" : 1786.87,
    "volume" : 102203.00
  }, {
    "date" : "2025-03-04",
    "price" : 1702.70,
    "dma50" : 1815.36,
    "dma100" : null,
    "dma200" : 1786.04,
    "volume" : 108186.00
  }, {
    "date" : "2025-03-05",
    "price" : 1681.45,
    "dma50" : 1810.11,
    "dma100" : null,
    "dma200" : 1785.00,
    "volume" : 113623.00
  }, {
    "date" : "2025-03-06",
    "price" : 1723.40,
    "dma50" : 1806.71,
    "dma100" : null,
    "dma200" : 1784.38,
    "volume" : 85291.00
  }, {
    "date" : "2025-03-07",
    "price" : 1729.65,
    "dma50" : 1803.68,
    "dma100" : null,
    "dma200" : 1783.84,
    "volume" : 55580.00
  }, {
    "date" : "2025-03-10",
    "price" : 1649.20,
    "dma50" : 1797.63,
    "dma100" : null,
    "dma200" : 1782.50,
    "volume" : 41841.00
  }, {
    "date" : "2025-03-11",
    "price" : 1854.85,
    "dma50" : 1799.87,
    "dma100" : null,
    "dma200" : 1783.22,
    "volume" : 506755.00
  }, {
    "date" : "2025-03-12",
    "price" : 1791.95,
    "dma50" : 1799.56,
    "dma100" : null,
    "dma200" : 1783.31,
    "volume" : 113110.00
  }, {
    "date" : "2025-03-13",
    "price" : 1768.45,
    "dma50" : 1798.34,
    "dma100" : null,
    "dma200" : 1783.16,
    "volume" : 96367.00
  }, {
    "date" : "2025-03-17",
    "price" : 1720.30,
    "dma50" : 1795.28,
    "dma100" : null,
    "dma200" : 1782.53,
    "volume" : 73558.00
  }, {
    "date" : "2025-03-18",
    "price" : 1744.15,
    "dma50" : 1793.27,
    "dma100" : null,
    "dma200" : 1782.15,
    "volume" : 49112.00
  }, {
    "date" : "2025-03-19",
    "price" : 1815.35,
    "dma50" : 1794.14,
    "dma100" : null,
    "dma200" : 1782.48,
    "volume" : 91487.00
  }, {
    "date" : "2025-03-20",
    "price" : 1863.65,
    "dma50" : 1796.87,
    "dma100" : null,
    "dma200" : 1783.29,
    "volume" : 88741.00
  }, {
    "date" : "2025-03-21",
    "price" : 1884.90,
    "dma50" : 1800.32,
    "dma100" : null,
    "dma200" : 1784.30,
    "volume" : 51663.00
  }, {
    "date" : "2025-03-24",
    "price" : 1883.15,
    "dma50" : 1803.57,
    "dma100" : null,
    "dma200" : 1785.28,
    "volume" : 36762.00
  }, {
    "date" : "2025-03-25",
    "price" : 1815.35,
    "dma50" : 1804.03,
    "dma100" : null,
    "dma200" : 1785.58,
    "volume" : 35640.00
  }, {
    "date" : "2025-03-26",
    "price" : 1843.65,
    "dma50" : 1805.58,
    "dma100" : null,
    "dma200" : 1786.16,
    "volume" : 47114.00
  }, {
    "date" : "2025-03-27",
    "price" : 2041.75,
    "dma50" : 1814.84,
    "dma100" : null,
    "dma200" : 1788.70,
    "volume" : 528155.00
  }, {
    "date" : "2025-03-28",
    "price" : 2008.60,
    "dma50" : 1822.44,
    "dma100" : null,
    "dma200" : 1790.89,
    "volume" : 300311.00
  }, {
    "date" : "2025-04-01",
    "price" : 2016.75,
    "dma50" : 1830.06,
    "dma100" : null,
    "dma200" : 1793.14,
    "volume" : 66558.00
  }, {
    "date" : "2025-04-02",
    "price" : 2047.95,
    "dma50" : 1838.61,
    "dma100" : null,
    "dma200" : 1795.67,
    "volume" : 73042.00
  }, {
    "date" : "2025-04-03",
    "price" : 2080.90,
    "dma50" : 1848.11,
    "dma100" : null,
    "dma200" : 1798.51,
    "volume" : 70939.00
  }, {
    "date" : "2025-04-04",
    "price" : 1995.75,
    "dma50" : 1853.90,
    "dma100" : null,
    "dma200" : 1800.47,
    "volume" : 54975.00
  }, {
    "date" : "2025-04-07",
    "price" : 1834.85,
    "dma50" : 1853.15,
    "dma100" : null,
    "dma200" : 1800.82,
    "volume" : 197816.00
  }, {
    "date" : "2025-04-08",
    "price" : 1973.80,
    "dma50" : 1857.88,
    "dma100" : null,
    "dma200" : 1802.54,
    "volume" : 151749.00
  }, {
    "date" : "2025-04-09",
    "price" : 1904.45,
    "dma50" : 1859.71,
    "dma100" : null,
    "dma200" : 1803.55,
    "volume" : 51776.00
  }, {
    "date" : "2025-04-11",
    "price" : 2048.95,
    "dma50" : 1867.13,
    "dma100" : null,
    "dma200" : 1805.99,
    "volume" : 191940.00
  }, {
    "date" : "2025-04-15",
    "price" : 2044.40,
    "dma50" : 1874.08,
    "dma100" : null,
    "dma200" : 1808.37,
    "volume" : 67387.00
  }, {
    "date" : "2025-04-16",
    "price" : 2047.40,
    "dma50" : 1880.88,
    "dma100" : null,
    "dma200" : 1810.74,
    "volume" : 101032.00
  }, {
    "date" : "2025-04-17",
    "price" : 2044.90,
    "dma50" : 1887.31,
    "dma100" : null,
    "dma200" : 1813.07,
    "volume" : 151411.00
  }, {
    "date" : "2025-04-21",
    "price" : 2134.90,
    "dma50" : 1897.02,
    "dma100" : null,
    "dma200" : 1816.28,
    "volume" : 140650.00
  }, {
    "date" : "2025-04-22",
    "price" : 2164.60,
    "dma50" : 1907.51,
    "dma100" : 1867.12,
    "dma200" : 1819.74,
    "volume" : 198140.00
  }, {
    "date" : "2025-04-23",
    "price" : 2091.80,
    "dma50" : 1914.74,
    "dma100" : 1868.84,
    "dma200" : 1822.45,
    "volume" : 88148.00
  }, {
    "date" : "2025-04-24",
    "price" : 2229.60,
    "dma50" : 1927.09,
    "dma100" : 1871.73,
    "dma200" : 1826.50,
    "volume" : 276584.00
  }, {
    "date" : "2025-04-25",
    "price" : 2139.20,
    "dma50" : 1935.41,
    "dma100" : 1873.78,
    "dma200" : 1829.61,
    "volume" : 114831.00
  }, {
    "date" : "2025-04-28",
    "price" : 2097.10,
    "dma50" : 1941.75,
    "dma100" : 1875.55,
    "dma200" : 1832.27,
    "volume" : 59357.00
  }, {
    "date" : "2025-04-29",
    "price" : 2096.70,
    "dma50" : 1947.82,
    "dma100" : 1877.13,
    "dma200" : 1834.90,
    "volume" : 63364.00
  }, {
    "date" : "2025-04-30",
    "price" : 2096.50,
    "dma50" : 1953.65,
    "dma100" : 1878.02,
    "dma200" : 1837.51,
    "volume" : 173282.00
  }, {
    "date" : "2025-05-02",
    "price" : 2002.40,
    "dma50" : 1955.57,
    "dma100" : 1877.95,
    "dma200" : 1839.15,
    "volume" : 117879.00
  }, {
    "date" : "2025-05-05",
    "price" : 2037.90,
    "dma50" : 1958.79,
    "dma100" : 1878.21,
    "dma200" : 1841.13,
    "volume" : 82708.00
  }, {
    "date" : "2025-05-06",
    "price" : 1953.60,
    "dma50" : 1958.59,
    "dma100" : 1877.11,
    "dma200" : 1842.25,
    "volume" : 83654.00
  }, {
    "date" : "2025-05-07",
    "price" : 1966.40,
    "dma50" : 1958.90,
    "dma100" : 1876.19,
    "dma200" : 1843.48,
    "volume" : 49047.00
  }, {
    "date" : "2025-05-08",
    "price" : 1923.00,
    "dma50" : 1957.49,
    "dma100" : 1874.77,
    "dma200" : 1844.27,
    "volume" : 46565.00
  }, {
    "date" : "2025-05-09",
    "price" : 1912.00,
    "dma50" : 1955.71,
    "dma100" : 1873.33,
    "dma200" : 1844.95,
    "volume" : 88044.00
  }, {
    "date" : "2025-05-12",
    "price" : 1939.60,
    "dma50" : 1955.07,
    "dma100" : 1872.49,
    "dma200" : 1845.89,
    "volume" : 76090.00
  }, {
    "date" : "2025-05-13",
    "price" : 1985.60,
    "dma50" : 1956.27,
    "dma100" : 1872.11,
    "dma200" : 1847.28,
    "volume" : 45491.00
  }, {
    "date" : "2025-05-14",
    "price" : 2010.30,
    "dma50" : 1958.39,
    "dma100" : 1872.18,
    "dma200" : 1848.90,
    "volume" : 66838.00
  }, {
    "date" : "2025-05-15",
    "price" : 1911.90,
    "dma50" : 1956.57,
    "dma100" : 1871.63,
    "dma200" : 1849.53,
    "volume" : 174934.00
  }, {
    "date" : "2025-05-16",
    "price" : 1930.70,
    "dma50" : 1955.55,
    "dma100" : 1871.34,
    "dma200" : 1850.33,
    "volume" : 73536.00
  }, {
    "date" : "2025-05-19",
    "price" : 1934.50,
    "dma50" : 1954.73,
    "dma100" : 1871.24,
    "dma200" : 1851.17,
    "volume" : 85615.00
  }, {
    "date" : "2025-05-20",
    "price" : 1909.50,
    "dma50" : 1952.95,
    "dma100" : 1870.86,
    "dma200" : 1851.75,
    "volume" : 34533.00
  }, {
    "date" : "2025-05-21",
    "price" : 1905.70,
    "dma50" : 1951.10,
    "dma100" : 1871.30,
    "dma200" : 1852.29,
    "volume" : 33189.00
  }, {
    "date" : "2025-05-22",
    "price" : 1882.80,
    "dma50" : 1948.42,
    "dma100" : 1871.14,
    "dma200" : 1852.59,
    "volume" : 35428.00
  }, {
    "date" : "2025-05-23",
    "price" : 1896.20,
    "dma50" : 1946.37,
    "dma100" : 1871.11,
    "dma200" : 1853.03,
    "volume" : 24029.00
  }, {
    "date" : "2025-05-26",
    "price" : 1916.10,
    "dma50" : 1945.19,
    "dma100" : 1871.37,
    "dma200" : 1853.65,
    "volume" : 25454.00
  }, {
    "date" : "2025-05-27",
    "price" : 1919.90,
    "dma50" : 1944.19,
    "dma100" : 1871.80,
    "dma200" : 1854.31,
    "volume" : 19269.00
  }, {
    "date" : "2025-05-28",
    "price" : 1901.50,
    "dma50" : 1942.52,
    "dma100" : 1871.81,
    "dma200" : 1854.78,
    "volume" : 19623.00
  }, {
    "date" : "2025-05-29",
    "price" : 1919.50,
    "dma50" : 1941.62,
    "dma100" : 1871.59,
    "dma200" : 1855.43,
    "volume" : 18902.00
  }, {
    "date" : "2025-05-30",
    "price" : 1927.90,
    "dma50" : 1941.08,
    "dma100" : 1871.11,
    "dma200" : 1856.15,
    "volume" : 26143.00
  }, {
    "date" : "2025-06-02",
    "price" : 1919.30,
    "dma50" : 1940.23,
    "dma100" : 1870.74,
    "dma200" : 1856.78,
    "volume" : 29074.00
  }, {
    "date" : "2025-06-03",
    "price" : 1915.60,
    "dma50" : 1939.26,
    "dma100" : 1871.09,
    "dma200" : 1857.36,
    "volume" : 30135.00
  }, {
    "date" : "2025-06-04",
    "price" : 1916.60,
    "dma50" : 1938.37,
    "dma100" : 1870.31,
    "dma200" : 1857.95,
    "volume" : 16153.00
  }, {
    "date" : "2025-06-05",
    "price" : 1908.30,
    "dma50" : 1937.19,
    "dma100" : 1869.88,
    "dma200" : 1858.45,
    "volume" : 17257.00
  }, {
    "date" : "2025-06-06",
    "price" : 1914.00,
    "dma50" : 1936.28,
    "dma100" : 1869.96,
    "dma200" : 1859.00,
    "volume" : 21167.00
  }, {
    "date" : "2025-06-09",
    "price" : 1921.80,
    "dma50" : 1935.71,
    "dma100" : 1870.76,
    "dma200" : 1859.63,
    "volume" : 67597.00
  }, {
    "date" : "2025-06-10",
    "price" : 1912.30,
    "dma50" : 1934.80,
    "dma100" : 1872.49,
    "dma200" : 1860.15,
    "volume" : 24176.00
  }, {
    "date" : "2025-06-11",
    "price" : 1907.00,
    "dma50" : 1933.71,
    "dma100" : 1874.46,
    "dma200" : 1860.62,
    "volume" : 22870.00
  }, {
    "date" : "2025-06-12",
    "price" : 1880.80,
    "dma50" : 1931.63,
    "dma100" : 1876.15,
    "dma200" : 1860.82,
    "volume" : 25625.00
  }, {
    "date" : "2025-06-13",
    "price" : 1852.20,
    "dma50" : 1928.52,
    "dma100" : 1877.50,
    "dma200" : 1860.73,
    "volume" : 39059.00
  }, {
    "date" : "2025-06-16",
    "price" : 1895.50,
    "dma50" : 1927.22,
    "dma100" : 1879.25,
    "dma200" : 1861.08,
    "volume" : 28677.00
  }, {
    "date" : "2025-06-17",
    "price" : 1883.60,
    "dma50" : 1925.51,
    "dma100" : 1880.85,
    "dma200" : 1861.30,
    "volume" : 22506.00
  }, {
    "date" : "2025-06-18",
    "price" : 1912.50,
    "dma50" : 1925.00,
    "dma100" : 1883.32,
    "dma200" : 1861.81,
    "volume" : 42541.00
  }, {
    "date" : "2025-06-19",
    "price" : 1882.50,
    "dma50" : 1923.33,
    "dma100" : 1885.39,
    "dma200" : 1862.02,
    "volume" : 21766.00
  }, {
    "date" : "2025-06-20",
    "price" : 1881.20,
    "dma50" : 1921.68,
    "dma100" : 1887.45,
    "dma200" : 1862.21,
    "volume" : 19796.00
  }, {
    "date" : "2025-06-23",
    "price" : 1871.10,
    "dma50" : 1919.70,
    "dma100" : 1889.69,
    "dma200" : 1862.30,
    "volume" : 33172.00
  }, {
    "date" : "2025-06-24",
    "price" : 1867.30,
    "dma50" : 1917.64,
    "dma100" : 1892.03,
    "dma200" : 1862.35,
    "volume" : 18438.00
  }, {
    "date" : "2025-06-25",
    "price" : 1887.00,
    "dma50" : 1916.44,
    "dma100" : 1894.58,
    "dma200" : 1862.59,
    "volume" : 52542.00
  }, {
    "date" : "2025-06-26",
    "price" : 1883.90,
    "dma50" : 1915.17,
    "dma100" : 1896.28,
    "dma200" : 1862.81,
    "volume" : 22758.00
  }, {
    "date" : "2025-06-27",
    "price" : 1861.60,
    "dma50" : 1913.06,
    "dma100" : 1897.92,
    "dma200" : 1862.79,
    "volume" : 47712.00
  }, {
    "date" : "2025-06-30",
    "price" : 1862.20,
    "dma50" : 1911.07,
    "dma100" : 1898.88,
    "dma200" : 1862.79,
    "volume" : 38695.00
  }, {
    "date" : "2025-07-01",
    "price" : 1882.60,
    "dma50" : 1909.95,
    "dma100" : 1900.07,
    "dma200" : 1862.99,
    "volume" : 61358.00
  }, {
    "date" : "2025-07-02",
    "price" : 1880.50,
    "dma50" : 1908.80,
    "dma100" : 1901.12,
    "dma200" : 1863.16,
    "volume" : 49616.00
  }, {
    "date" : "2025-07-03",
    "price" : 1861.30,
    "dma50" : 1906.94,
    "dma100" : 1901.51,
    "dma200" : 1863.14,
    "volume" : 33363.00
  }, {
    "date" : "2025-07-04",
    "price" : 1899.30,
    "dma50" : 1906.64,
    "dma100" : 1900.51,
    "dma200" : 1863.50,
    "volume" : 45201.00
  }, {
    "date" : "2025-07-07",
    "price" : 1960.70,
    "dma50" : 1908.76,
    "dma100" : 1900.82,
    "dma200" : 1864.47,
    "volume" : 115223.00
  }, {
    "date" : "2025-07-08",
    "price" : 1901.80,
    "dma50" : 1908.48,
    "dma100" : 1901.66,
    "dma200" : 1864.84,
    "volume" : 61770.00
  }, {
    "date" : "2025-07-09",
    "price" : 1925.40,
    "dma50" : 1909.15,
    "dma100" : 1902.47,
    "dma200" : 1865.44,
    "volume" : 27045.00
  }, {
    "date" : "2025-07-10",
    "price" : 1927.70,
    "dma50" : 1909.87,
    "dma100" : 1903.65,
    "dma200" : 1866.06,
    "volume" : 17603.00
  }, {
    "date" : "2025-07-11",
    "price" : 1923.60,
    "dma50" : 1910.41,
    "dma100" : 1904.87,
    "dma200" : 1866.63,
    "volume" : 23621.00
  }, {
    "date" : "2025-07-14",
    "price" : 1914.50,
    "dma50" : 1910.57,
    "dma100" : 1905.75,
    "dma200" : 1867.11,
    "volume" : 61555.00
  }, {
    "date" : "2025-07-15",
    "price" : 1912.80,
    "dma50" : 1910.66,
    "dma100" : 1906.99,
    "dma200" : 1867.57,
    "volume" : 24639.00
  }, {
    "date" : "2025-07-16",
    "price" : 1913.10,
    "dma50" : 1910.76,
    "dma100" : 1908.28,
    "dma200" : 1868.02,
    "volume" : 29377.00
  }, {
    "date" : "2025-07-17",
    "price" : 1909.50,
    "dma50" : 1910.71,
    "dma100" : 1909.71,
    "dma200" : 1868.43,
    "volume" : 63629.00
  }, {
    "date" : "2025-07-18",
    "price" : 1890.70,
    "dma50" : 1909.92,
    "dma100" : 1911.42,
    "dma200" : 1868.65,
    "volume" : 35847.00
  }, {
    "date" : "2025-07-21",
    "price" : 1900.40,
    "dma50" : 1909.55,
    "dma100" : 1913.32,
    "dma200" : 1868.97,
    "volume" : 38880.00
  }, {
    "date" : "2025-07-22",
    "price" : 1879.20,
    "dma50" : 1908.36,
    "dma100" : 1915.54,
    "dma200" : 1869.07,
    "volume" : 16678.00
  }, {
    "date" : "2025-07-23",
    "price" : 1881.00,
    "dma50" : 1907.29,
    "dma100" : 1918.83,
    "dma200" : 1869.19,
    "volume" : 30060.00
  }, {
    "date" : "2025-07-24",
    "price" : 1874.10,
    "dma50" : 1905.98,
    "dma100" : 1918.94,
    "dma200" : 1869.24,
    "volume" : 17314.00
  }, {
    "date" : "2025-07-25",
    "price" : 1833.60,
    "dma50" : 1903.15,
    "dma100" : 1918.06,
    "dma200" : 1868.88,
    "volume" : 35973.00
  }, {
    "date" : "2025-07-28",
    "price" : 1800.60,
    "dma50" : 1899.12,
    "dma100" : 1917.19,
    "dma200" : 1868.20,
    "volume" : 90429.00
  }, {
    "date" : "2025-07-29",
    "price" : 1850.00,
    "dma50" : 1897.20,
    "dma100" : 1917.59,
    "dma200" : 1868.02,
    "volume" : 52399.00
  }, {
    "date" : "2025-07-30",
    "price" : 1917.50,
    "dma50" : 1897.99,
    "dma100" : 1919.74,
    "dma200" : 1868.52,
    "volume" : 81062.00
  }, {
    "date" : "2025-07-31",
    "price" : 1890.60,
    "dma50" : 1897.70,
    "dma100" : 1921.83,
    "dma200" : 1868.73,
    "volume" : 34385.00
  }, {
    "date" : "2025-08-01",
    "price" : 1913.50,
    "dma50" : 1898.32,
    "dma100" : 1923.73,
    "dma200" : 1869.18,
    "volume" : 48214.00
  }, {
    "date" : "2025-08-04",
    "price" : 1904.40,
    "dma50" : 1898.56,
    "dma100" : 1925.48,
    "dma200" : 1869.53,
    "volume" : 20574.00
  }, {
    "date" : "2025-08-05",
    "price" : 1912.90,
    "dma50" : 1899.12,
    "dma100" : 1928.11,
    "dma200" : 1869.96,
    "volume" : 26714.00
  }, {
    "date" : "2025-08-06",
    "price" : 1930.00,
    "dma50" : 1900.34,
    "dma100" : 1928.86,
    "dma200" : 1870.56,
    "volume" : 42308.00
  }, {
    "date" : "2025-08-07",
    "price" : 1961.60,
    "dma50" : 1902.74,
    "dma100" : 1930.56,
    "dma200" : 1871.47,
    "volume" : 65846.00
  }, {
    "date" : "2025-08-08",
    "price" : 1974.40,
    "dma50" : 1905.55,
    "dma100" : 1932.62,
    "dma200" : 1872.49,
    "volume" : 68703.00
  }, {
    "date" : "2025-08-11",
    "price" : 1962.70,
    "dma50" : 1907.79,
    "dma100" : 1935.04,
    "dma200" : 1873.39,
    "volume" : 28063.00
  }, {
    "date" : "2025-08-12",
    "price" : 1977.40,
    "dma50" : 1910.52,
    "dma100" : 1937.38,
    "dma200" : 1874.42,
    "volume" : 24866.00
  }, {
    "date" : "2025-08-13",
    "price" : 1992.30,
    "dma50" : 1913.73,
    "dma100" : 1939.15,
    "dma200" : 1875.60,
    "volume" : 40143.00
  }, {
    "date" : "2025-08-14",
    "price" : 2003.80,
    "dma50" : 1917.26,
    "dma100" : 1940.55,
    "dma200" : 1876.87,
    "volume" : 18931.00
  }, {
    "date" : "2025-08-18",
    "price" : 2015.70,
    "dma50" : 1921.12,
    "dma100" : 1941.86,
    "dma200" : 1878.25,
    "volume" : 52917.00
  }, {
    "date" : "2025-08-19",
    "price" : 2014.40,
    "dma50" : 1924.78,
    "dma100" : 1943.17,
    "dma200" : 1879.61,
    "volume" : 66246.00
  }, {
    "date" : "2025-08-20",
    "price" : 2071.80,
    "dma50" : 1930.54,
    "dma100" : 1945.73,
    "dma200" : 1881.52,
    "volume" : 52555.00
  }, {
    "date" : "2025-08-21",
    "price" : 2127.70,
    "dma50" : 1938.27,
    "dma100" : 1948.57,
    "dma200" : 1883.97,
    "volume" : 87154.00
  }, {
    "date" : "2025-08-22",
    "price" : 2115.60,
    "dma50" : 1945.23,
    "dma100" : 1949.31,
    "dma200" : 1886.27,
    "volume" : 47680.00
  }, {
    "date" : "2025-08-25",
    "price" : 2181.40,
    "dma50" : 1954.49,
    "dma100" : 1951.04,
    "dma200" : 1889.21,
    "volume" : 51635.00
  }, {
    "date" : "2025-08-26",
    "price" : 2224.00,
    "dma50" : 1965.06,
    "dma100" : 1953.11,
    "dma200" : 1892.54,
    "volume" : 114803.00
  }, {
    "date" : "2025-08-28",
    "price" : 2241.10,
    "dma50" : 1975.88,
    "dma100" : 1955.04,
    "dma200" : 1896.01,
    "volume" : 59185.00
  }, {
    "date" : "2025-08-29",
    "price" : 2255.40,
    "dma50" : 1986.85,
    "dma100" : 1956.79,
    "dma200" : 1899.59,
    "volume" : 119105.00
  }, {
    "date" : "2025-09-01",
    "price" : 2242.20,
    "dma50" : 1996.86,
    "dma100" : 1959.25,
    "dma200" : 1902.99,
    "volume" : 47576.00
  }, {
    "date" : "2025-09-02",
    "price" : 2258.50,
    "dma50" : 2007.12,
    "dma100" : 1963.49,
    "dma200" : 1906.53,
    "volume" : 36507.00
  }, {
    "date" : "2025-09-03",
    "price" : 2229.70,
    "dma50" : 2015.85,
    "dma100" : 1966.05,
    "dma200" : 1909.75,
    "volume" : 61994.00
  }, {
    "date" : "2025-09-04",
    "price" : 2192.10,
    "dma50" : 2022.76,
    "dma100" : 1968.92,
    "dma200" : 1912.56,
    "volume" : 29436.00
  }, {
    "date" : "2025-09-05",
    "price" : 2195.90,
    "dma50" : 2029.55,
    "dma100" : 1970.39,
    "dma200" : 1915.38,
    "volume" : 18554.00
  }, {
    "date" : "2025-09-08",
    "price" : 2181.60,
    "dma50" : 2035.51,
    "dma100" : 1971.77,
    "dma200" : 1918.03,
    "volume" : 28115.00
  }, {
    "date" : "2025-09-09",
    "price" : 2225.20,
    "dma50" : 2042.95,
    "dma100" : 1973.54,
    "dma200" : 1921.08,
    "volume" : 43163.00
  }, {
    "date" : "2025-09-10",
    "price" : 2191.70,
    "dma50" : 2048.78,
    "dma100" : 1975.01,
    "dma200" : 1923.77,
    "volume" : 24573.00
  }, {
    "date" : "2025-09-11",
    "price" : 2151.90,
    "dma50" : 2052.83,
    "dma100" : 1975.18,
    "dma200" : 1926.04,
    "volume" : 21057.00
  }, {
    "date" : "2025-09-12",
    "price" : 2186.90,
    "dma50" : 2058.09,
    "dma100" : 1975.41,
    "dma200" : 1928.64,
    "volume" : 27660.00
  }, {
    "date" : "2025-09-15",
    "price" : 2170.30,
    "dma50" : 2062.49,
    "dma100" : 1976.19,
    "dma200" : 1931.04,
    "volume" : 18229.00
  }, {
    "date" : "2025-09-16",
    "price" : 2147.20,
    "dma50" : 2065.81,
    "dma100" : 1975.37,
    "dma200" : 1933.20,
    "volume" : 23789.00
  }, {
    "date" : "2025-09-17",
    "price" : 2186.40,
    "dma50" : 2070.54,
    "dma100" : 1975.84,
    "dma200" : 1935.72,
    "volume" : 29623.00
  }, {
    "date" : "2025-09-18",
    "price" : 2169.60,
    "dma50" : 2074.42,
    "dma100" : 1976.56,
    "dma200" : 1938.04,
    "volume" : 19137.00
  }, {
    "date" : "2025-09-19",
    "price" : 2154.50,
    "dma50" : 2077.56,
    "dma100" : 1977.14,
    "dma200" : 1940.20,
    "volume" : 19200.00
  }, {
    "date" : "2025-09-22",
    "price" : 2106.10,
    "dma50" : 2078.68,
    "dma100" : 1977.24,
    "dma200" : 1941.85,
    "volume" : 38241.00
  }, {
    "date" : "2025-09-23",
    "price" : 2065.50,
    "dma50" : 2078.17,
    "dma100" : 1977.87,
    "dma200" : 1943.08,
    "volume" : 18946.00
  }, {
    "date" : "2025-09-24",
    "price" : 2053.60,
    "dma50" : 2077.20,
    "dma100" : 1978.03,
    "dma200" : 1944.18,
    "volume" : 57159.00
  }, {
    "date" : "2025-09-25",
    "price" : 2064.10,
    "dma50" : 2076.69,
    "dma100" : 1979.13,
    "dma200" : 1945.37,
    "volume" : 77998.00
  }, {
    "date" : "2025-09-26",
    "price" : 2016.30,
    "dma50" : 2074.32,
    "dma100" : 1979.63,
    "dma200" : 1946.08,
    "volume" : 16858.00
  }, {
    "date" : "2025-09-29",
    "price" : 1996.70,
    "dma50" : 2071.28,
    "dma100" : 1980.37,
    "dma200" : 1946.58,
    "volume" : 34271.00
  }, {
    "date" : "2025-09-30",
    "price" : 2013.50,
    "dma50" : 2069.01,
    "dma100" : 1981.38,
    "dma200" : 1947.25,
    "volume" : 11920.00
  }, {
    "date" : "2025-10-01",
    "price" : 2028.40,
    "dma50" : 2067.42,
    "dma100" : 1982.27,
    "dma200" : 1948.05,
    "volume" : 26958.00
  }, {
    "date" : "2025-10-03",
    "price" : 2087.30,
    "dma50" : 2068.20,
    "dma100" : 1983.29,
    "dma200" : 1949.44,
    "volume" : 27412.00
  }, {
    "date" : "2025-10-06",
    "price" : 2078.30,
    "dma50" : 2068.59,
    "dma100" : 1983.97,
    "dma200" : 1950.72,
    "volume" : 17801.00
  }, {
    "date" : "2025-10-07",
    "price" : 2016.30,
    "dma50" : 2066.54,
    "dma100" : 1985.01,
    "dma200" : 1951.37,
    "volume" : 29258.00
  }, {
    "date" : "2025-10-08",
    "price" : 2085.20,
    "dma50" : 2067.27,
    "dma100" : 1986.56,
    "dma200" : 1952.70,
    "volume" : 37050.00
  }, {
    "date" : "2025-10-09",
    "price" : 2031.30,
    "dma50" : 2065.86,
    "dma100" : 1987.52,
    "dma200" : 1953.49,
    "volume" : 34818.00
  }, {
    "date" : "2025-10-10",
    "price" : 2021.80,
    "dma50" : 2064.14,
    "dma100" : 1988.65,
    "dma200" : 1954.17,
    "volume" : 17633.00
  }, {
    "date" : "2025-10-13",
    "price" : 2041.40,
    "dma50" : 2063.24,
    "dma100" : 1990.00,
    "dma200" : 1955.03,
    "volume" : 20510.00
  }, {
    "date" : "2025-10-14",
    "price" : 1981.80,
    "dma50" : 2060.05,
    "dma100" : 1990.99,
    "dma200" : 1955.30,
    "volume" : 28750.00
  }, {
    "date" : "2025-10-15",
    "price" : 1973.40,
    "dma50" : 2056.65,
    "dma100" : 1991.76,
    "dma200" : 1955.48,
    "volume" : 20463.00
  }, {
    "date" : "2025-10-16",
    "price" : 1967.30,
    "dma50" : 2053.15,
    "dma100" : 1992.28,
    "dma200" : 1955.60,
    "volume" : 14390.00
  }, {
    "date" : "2025-10-17",
    "price" : 1962.90,
    "dma50" : 2049.61,
    "dma100" : 1992.71,
    "dma200" : 1955.67,
    "volume" : 17715.00
  }, {
    "date" : "2025-10-20",
    "price" : 1965.20,
    "dma50" : 2046.30,
    "dma100" : 1993.34,
    "dma200" : 1955.77,
    "volume" : 22239.00
  }, {
    "date" : "2025-10-21",
    "price" : 1973.80,
    "dma50" : 2043.46,
    "dma100" : 1993.89,
    "dma200" : 1955.95,
    "volume" : 7800.00
  }, {
    "date" : "2025-10-23",
    "price" : 1950.70,
    "dma50" : 2039.82,
    "dma100" : 1994.11,
    "dma200" : 1955.89,
    "volume" : 29119.00
  }, {
    "date" : "2025-10-24",
    "price" : 2039.50,
    "dma50" : 2039.81,
    "dma100" : 1995.32,
    "dma200" : 1956.73,
    "volume" : 71103.00
  }, {
    "date" : "2025-10-27",
    "price" : 2028.60,
    "dma50" : 2039.37,
    "dma100" : 1996.45,
    "dma200" : 1957.44,
    "volume" : 14115.00
  }, {
    "date" : "2025-10-28",
    "price" : 2084.40,
    "dma50" : 2041.13,
    "dma100" : 1998.12,
    "dma200" : 1958.70,
    "volume" : 51160.00
  }, {
    "date" : "2025-10-29",
    "price" : 2049.50,
    "dma50" : 2041.46,
    "dma100" : 1999.54,
    "dma200" : 1959.61,
    "volume" : 15715.00
  }, {
    "date" : "2025-10-30",
    "price" : 2081.00,
    "dma50" : 2043.01,
    "dma100" : 2001.21,
    "dma200" : 1960.82,
    "volume" : 47668.00
  }, {
    "date" : "2025-10-31",
    "price" : 2169.60,
    "dma50" : 2047.98,
    "dma100" : 2003.68,
    "dma200" : 1962.89,
    "volume" : 165532.00
  }, {
    "date" : "2025-11-03",
    "price" : 2603.50,
    "dma50" : 2069.76,
    "dma100" : 2010.60,
    "dma200" : 1969.27,
    "volume" : 1114076.00
  }, {
    "date" : "2025-11-04",
    "price" : 3041.20,
    "dma50" : 2107.86,
    "dma100" : 2021.94,
    "dma200" : 1979.93,
    "volume" : 2755200.00
  }, {
    "date" : "2025-11-06",
    "price" : 3081.20,
    "dma50" : 2146.03,
    "dma100" : 2033.94,
    "dma200" : 1990.89,
    "volume" : 666055.00
  }, {
    "date" : "2025-11-07",
    "price" : 3389.30,
    "dma50" : 2194.78,
    "dma100" : 2049.31,
    "dma200" : 2004.81,
    "volume" : 743786.00
  }, {
    "date" : "2025-11-10",
    "price" : 3153.70,
    "dma50" : 2232.39,
    "dma100" : 2061.90,
    "dma200" : 2016.24,
    "volume" : 411714.00
  }, {
    "date" : "2025-11-11",
    "price" : 3243.50,
    "dma50" : 2272.04,
    "dma100" : 2075.49,
    "dma200" : 2028.45,
    "volume" : 348156.00
  }, {
    "date" : "2025-11-12",
    "price" : 3366.10,
    "dma50" : 2314.94,
    "dma100" : 2090.03,
    "dma200" : 2041.76,
    "volume" : 194386.00
  }, {
    "date" : "2025-11-13",
    "price" : 3312.00,
    "dma50" : 2354.04,
    "dma100" : 2104.33,
    "dma200" : 2054.40,
    "volume" : 226342.00
  }, {
    "date" : "2025-11-14",
    "price" : 3296.00,
    "dma50" : 2390.98,
    "dma100" : 2118.47,
    "dma200" : 2066.75,
    "volume" : 84537.00
  }, {
    "date" : "2025-11-17",
    "price" : 3262.70,
    "dma50" : 2425.17,
    "dma100" : 2132.39,
    "dma200" : 2078.65,
    "volume" : 71659.00
  }, {
    "date" : "2025-11-18",
    "price" : 3217.20,
    "dma50" : 2456.23,
    "dma100" : 2145.89,
    "dma200" : 2089.98,
    "volume" : 55271.00
  }, {
    "date" : "2025-11-19",
    "price" : 3183.60,
    "dma50" : 2484.75,
    "dma100" : 2158.86,
    "dma200" : 2100.86,
    "volume" : 37391.00
  }, {
    "date" : "2025-11-20",
    "price" : 3161.20,
    "dma50" : 2511.28,
    "dma100" : 2171.63,
    "dma200" : 2111.41,
    "volume" : 26730.00
  }, {
    "date" : "2025-11-21",
    "price" : 3025.40,
    "dma50" : 2531.44,
    "dma100" : 2183.27,
    "dma200" : 2120.51,
    "volume" : 49068.00
  }, {
    "date" : "2025-11-24",
    "price" : 3228.20,
    "dma50" : 2558.77,
    "dma100" : 2196.93,
    "dma200" : 2131.53,
    "volume" : 212560.00
  } ],
  "latestTechnicalAttributes" : {
    "date" : "2025-11-24",
    "price" : 3228.20,
    "dma50" : 2558.77,
    "dma100" : 2196.93,
    "dma200" : 2131.53,
    "volume" : 212560.00
  },
  "quarterlyResults" : [ {
    "date" : "2008-12-31",
    "sales" : 55.77,
    "salesGrowthYoY" : null,
    "grossProfitMargin" : 11.19,
    "grossProfit" : 6.24,
    "operatingProfitMargin" : 7.14,
    "operatingProfit" : 3.98,
    "netProfitMargin" : 1.92,
    "netProfit" : 1.07
  }, {
    "date" : "2009-03-31",
    "sales" : 45.79,
    "salesGrowthYoY" : null,
    "grossProfitMargin" : 12.91,
    "grossProfit" : 5.91,
    "operatingProfitMargin" : 8.60,
    "operatingProfit" : 3.94,
    "netProfitMargin" : 3.23,
    "netProfit" : 1.48
  }, {
    "date" : "2009-06-30",
    "sales" : 87.61,
    "salesGrowthYoY" : null,
    "grossProfitMargin" : 10.43,
    "grossProfit" : 9.14,
    "operatingProfitMargin" : 7.56,
    "operatingProfit" : 6.62,
    "netProfitMargin" : 3.95,
    "netProfit" : 3.46
  }, {
    "date" : "2009-09-30",
    "sales" : 121.83,
    "salesGrowthYoY" : null,
    "grossProfitMargin" : 9.51,
    "grossProfit" : 11.59,
    "operatingProfitMargin" : 7.28,
    "operatingProfit" : 8.87,
    "netProfitMargin" : 4.03,
    "netProfit" : 4.91
  }, {
    "date" : "2009-12-31",
    "sales" : 130.48,
    "salesGrowthYoY" : 133.96,
    "grossProfitMargin" : 9.27,
    "grossProfit" : 12.10,
    "operatingProfitMargin" : 6.26,
    "operatingProfit" : 8.17,
    "netProfitMargin" : 3.06,
    "netProfit" : 3.99
  }, {
    "date" : "2010-03-31",
    "sales" : 111.50,
    "salesGrowthYoY" : 143.50,
    "grossProfitMargin" : 12.07,
    "grossProfit" : 13.46,
    "operatingProfitMargin" : 6.53,
    "operatingProfit" : 7.28,
    "netProfitMargin" : 3.35,
    "netProfit" : 3.74
  }, {
    "date" : "2010-06-30",
    "sales" : 125.55,
    "salesGrowthYoY" : 43.31,
    "grossProfitMargin" : 12.48,
    "grossProfit" : 15.67,
    "operatingProfitMargin" : 9.37,
    "operatingProfit" : 11.76,
    "netProfitMargin" : 5.18,
    "netProfit" : 6.50
  }, {
    "date" : "2010-09-30",
    "sales" : 173.63,
    "salesGrowthYoY" : 42.52,
    "grossProfitMargin" : 11.14,
    "grossProfit" : 19.34,
    "operatingProfitMargin" : 8.29,
    "operatingProfit" : 14.39,
    "netProfitMargin" : 4.91,
    "netProfit" : 8.53
  }, {
    "date" : "2010-12-31",
    "sales" : 171.62,
    "salesGrowthYoY" : 31.53,
    "grossProfitMargin" : 12.08,
    "grossProfit" : 20.73,
    "operatingProfitMargin" : 8.94,
    "operatingProfit" : 15.34,
    "netProfitMargin" : 4.88,
    "netProfit" : 8.38
  }, {
    "date" : "2011-03-31",
    "sales" : 187.46,
    "salesGrowthYoY" : 68.13,
    "grossProfitMargin" : 12.55,
    "grossProfit" : 23.53,
    "operatingProfitMargin" : 9.03,
    "operatingProfit" : 16.93,
    "netProfitMargin" : 4.23,
    "netProfit" : 7.93
  }, {
    "date" : "2011-06-30",
    "sales" : 223.12,
    "salesGrowthYoY" : 77.71,
    "grossProfitMargin" : 11.68,
    "grossProfit" : 26.06,
    "operatingProfitMargin" : 8.96,
    "operatingProfit" : 19.99,
    "netProfitMargin" : 4.77,
    "netProfit" : 10.64
  }, {
    "date" : "2011-09-30",
    "sales" : 293.22,
    "salesGrowthYoY" : 68.88,
    "grossProfitMargin" : 16.35,
    "grossProfit" : 47.94,
    "operatingProfitMargin" : 13.35,
    "operatingProfit" : 39.14,
    "netProfitMargin" : 7.57,
    "netProfit" : 22.20
  }, {
    "date" : "2011-12-31",
    "sales" : 309.27,
    "salesGrowthYoY" : 80.21,
    "grossProfitMargin" : 13.94,
    "grossProfit" : 43.11,
    "operatingProfitMargin" : 11.13,
    "operatingProfit" : 34.42,
    "netProfitMargin" : 5.53,
    "netProfit" : 17.10
  }, {
    "date" : "2012-03-31",
    "sales" : 306.01,
    "salesGrowthYoY" : 63.24,
    "grossProfitMargin" : 10.99,
    "grossProfit" : 33.63,
    "operatingProfitMargin" : 8.00,
    "operatingProfit" : 24.48,
    "netProfitMargin" : 2.98,
    "netProfit" : 9.12
  }, {
    "date" : "2012-06-30",
    "sales" : 358.41,
    "salesGrowthYoY" : 60.64,
    "grossProfitMargin" : 11.80,
    "grossProfit" : 42.29,
    "operatingProfitMargin" : 8.89,
    "operatingProfit" : 31.86,
    "netProfitMargin" : 4.22,
    "netProfit" : 15.12
  }, {
    "date" : "2012-09-30",
    "sales" : 373.09,
    "salesGrowthYoY" : 27.24,
    "grossProfitMargin" : 13.33,
    "grossProfit" : 49.73,
    "operatingProfitMargin" : 7.29,
    "operatingProfit" : 27.20,
    "netProfitMargin" : 3.36,
    "netProfit" : 12.54
  }, {
    "date" : "2012-12-31",
    "sales" : 436.96,
    "salesGrowthYoY" : 41.29,
    "grossProfitMargin" : 10.58,
    "grossProfit" : 46.23,
    "operatingProfitMargin" : 5.20,
    "operatingProfit" : 22.72,
    "netProfitMargin" : 1.76,
    "netProfit" : 7.69
  }, {
    "date" : "2013-03-31",
    "sales" : 356.34,
    "salesGrowthYoY" : 16.45,
    "grossProfitMargin" : 7.59,
    "grossProfit" : 27.05,
    "operatingProfitMargin" : 0.81,
    "operatingProfit" : 2.89,
    "netProfitMargin" : -1.61,
    "netProfit" : -5.74
  }, {
    "date" : "2013-06-30",
    "sales" : 425.16,
    "salesGrowthYoY" : 18.62,
    "grossProfitMargin" : 10.68,
    "grossProfit" : 45.41,
    "operatingProfitMargin" : 6.68,
    "operatingProfit" : 28.40,
    "netProfitMargin" : 3.23,
    "netProfit" : 13.73
  }, {
    "date" : "2013-09-30",
    "sales" : 240.75,
    "salesGrowthYoY" : -35.47,
    "grossProfitMargin" : 9.18,
    "grossProfit" : 22.10,
    "operatingProfitMargin" : 4.45,
    "operatingProfit" : 10.71,
    "netProfitMargin" : 0.25,
    "netProfit" : 0.60
  }, {
    "date" : "2013-12-31",
    "sales" : 249.47,
    "salesGrowthYoY" : -42.91,
    "grossProfitMargin" : 6.70,
    "grossProfit" : 16.71,
    "operatingProfitMargin" : -0.02,
    "operatingProfit" : -0.05,
    "netProfitMargin" : -2.60,
    "netProfit" : -6.49
  }, {
    "date" : "2014-03-31",
    "sales" : 280.74,
    "salesGrowthYoY" : -21.22,
    "grossProfitMargin" : -0.67,
    "grossProfit" : -1.88,
    "operatingProfitMargin" : -6.93,
    "operatingProfit" : -19.46,
    "netProfitMargin" : -7.28,
    "netProfit" : -20.44
  }, {
    "date" : "2014-06-30",
    "sales" : 371.13,
    "salesGrowthYoY" : -12.71,
    "grossProfitMargin" : 3.50,
    "grossProfit" : 12.99,
    "operatingProfitMargin" : 0.61,
    "operatingProfit" : 2.26,
    "netProfitMargin" : -1.07,
    "netProfit" : -3.97
  }, {
    "date" : "2014-09-30",
    "sales" : 334.37,
    "salesGrowthYoY" : 38.89,
    "grossProfitMargin" : 1.31,
    "grossProfit" : 4.38,
    "operatingProfitMargin" : -2.46,
    "operatingProfit" : -8.23,
    "netProfitMargin" : -3.72,
    "netProfit" : -12.44
  }, {
    "date" : "2014-12-31",
    "sales" : 378.36,
    "salesGrowthYoY" : 51.67,
    "grossProfitMargin" : 4.75,
    "grossProfit" : 17.97,
    "operatingProfitMargin" : 1.60,
    "operatingProfit" : 6.05,
    "netProfitMargin" : -0.57,
    "netProfit" : -2.16
  }, {
    "date" : "2015-03-31",
    "sales" : 338.97,
    "salesGrowthYoY" : 20.74,
    "grossProfitMargin" : 5.29,
    "grossProfit" : 17.93,
    "operatingProfitMargin" : 1.27,
    "operatingProfit" : 4.30,
    "netProfitMargin" : -1.09,
    "netProfit" : -3.69
  }, {
    "date" : "2015-06-30",
    "sales" : 300.16,
    "salesGrowthYoY" : -19.12,
    "grossProfitMargin" : 7.70,
    "grossProfit" : 23.11,
    "operatingProfitMargin" : 4.42,
    "operatingProfit" : 13.27,
    "netProfitMargin" : 1.21,
    "netProfit" : 3.63
  }, {
    "date" : "2015-09-30",
    "sales" : 407.46,
    "salesGrowthYoY" : 21.86,
    "grossProfitMargin" : 6.20,
    "grossProfit" : 25.26,
    "operatingProfitMargin" : 3.25,
    "operatingProfit" : 13.24,
    "netProfitMargin" : 0.91,
    "netProfit" : 3.71
  }, {
    "date" : "2015-12-31",
    "sales" : 335.88,
    "salesGrowthYoY" : -11.23,
    "grossProfitMargin" : 6.67,
    "grossProfit" : 22.40,
    "operatingProfitMargin" : 3.20,
    "operatingProfit" : 10.75,
    "netProfitMargin" : 0.63,
    "netProfit" : 2.12
  }, {
    "date" : "2016-03-31",
    "sales" : 231.25,
    "salesGrowthYoY" : -31.78,
    "grossProfitMargin" : 9.73,
    "grossProfit" : 22.50,
    "operatingProfitMargin" : 3.79,
    "operatingProfit" : 8.76,
    "netProfitMargin" : 0.48,
    "netProfit" : 1.11
  }, {
    "date" : "2016-06-30",
    "sales" : 288.97,
    "salesGrowthYoY" : -3.73,
    "grossProfitMargin" : 10.16,
    "grossProfit" : 29.36,
    "operatingProfitMargin" : 4.88,
    "operatingProfit" : 14.10,
    "netProfitMargin" : 1.55,
    "netProfit" : 4.48
  }, {
    "date" : "2016-09-30",
    "sales" : 314.49,
    "salesGrowthYoY" : -22.82,
    "grossProfitMargin" : 8.44,
    "grossProfit" : 26.54,
    "operatingProfitMargin" : 4.02,
    "operatingProfit" : 12.64,
    "netProfitMargin" : 1.13,
    "netProfit" : 3.55
  }, {
    "date" : "2016-12-31",
    "sales" : 331.42,
    "salesGrowthYoY" : -1.33,
    "grossProfitMargin" : 6.58,
    "grossProfit" : 21.81,
    "operatingProfitMargin" : 2.34,
    "operatingProfit" : 7.76,
    "netProfitMargin" : 0.11,
    "netProfit" : 0.36
  }, {
    "date" : "2017-03-31",
    "sales" : 365.70,
    "salesGrowthYoY" : 58.14,
    "grossProfitMargin" : 8.84,
    "grossProfit" : 32.33,
    "operatingProfitMargin" : 4.13,
    "operatingProfit" : 15.10,
    "netProfitMargin" : 1.52,
    "netProfit" : 5.56
  }, {
    "date" : "2017-06-30",
    "sales" : 434.29,
    "salesGrowthYoY" : 50.29,
    "grossProfitMargin" : 9.07,
    "grossProfit" : 39.39,
    "operatingProfitMargin" : 4.68,
    "operatingProfit" : 20.32,
    "netProfitMargin" : 2.22,
    "netProfit" : 9.64
  }, {
    "date" : "2017-09-30",
    "sales" : 274.13,
    "salesGrowthYoY" : -12.83,
    "grossProfitMargin" : 9.42,
    "grossProfit" : 25.82,
    "operatingProfitMargin" : 4.49,
    "operatingProfit" : 12.31,
    "netProfitMargin" : 1.49,
    "netProfit" : 4.08
  }, {
    "date" : "2017-12-31",
    "sales" : 315.32,
    "salesGrowthYoY" : -4.86,
    "grossProfitMargin" : 9.22,
    "grossProfit" : 29.07,
    "operatingProfitMargin" : 4.09,
    "operatingProfit" : 12.90,
    "netProfitMargin" : 1.32,
    "netProfit" : 4.16
  }, {
    "date" : "2018-03-31",
    "sales" : 357.11,
    "salesGrowthYoY" : -2.35,
    "grossProfitMargin" : 9.92,
    "grossProfit" : 35.43,
    "operatingProfitMargin" : 4.29,
    "operatingProfit" : 15.32,
    "netProfitMargin" : 1.40,
    "netProfit" : 5.00
  }, {
    "date" : "2018-06-30",
    "sales" : 387.48,
    "salesGrowthYoY" : -10.78,
    "grossProfitMargin" : 10.19,
    "grossProfit" : 39.48,
    "operatingProfitMargin" : 5.80,
    "operatingProfit" : 22.47,
    "netProfitMargin" : 2.68,
    "netProfit" : 10.38
  }, {
    "date" : "2018-09-30",
    "sales" : 363.65,
    "salesGrowthYoY" : 32.66,
    "grossProfitMargin" : 9.18,
    "grossProfit" : 33.38,
    "operatingProfitMargin" : 4.73,
    "operatingProfit" : 17.20,
    "netProfitMargin" : 1.92,
    "netProfit" : 6.98
  }, {
    "date" : "2018-12-31",
    "sales" : 341.99,
    "salesGrowthYoY" : 8.46,
    "grossProfitMargin" : 9.90,
    "grossProfit" : 33.86,
    "operatingProfitMargin" : 4.56,
    "operatingProfit" : 15.59,
    "netProfitMargin" : 1.67,
    "netProfit" : 5.71
  }, {
    "date" : "2019-03-31",
    "sales" : 353.11,
    "salesGrowthYoY" : -1.12,
    "grossProfitMargin" : 10.38,
    "grossProfit" : 36.65,
    "operatingProfitMargin" : 5.15,
    "operatingProfit" : 18.19,
    "netProfitMargin" : 2.03,
    "netProfit" : 7.17
  }, {
    "date" : "2019-06-30",
    "sales" : 491.91,
    "salesGrowthYoY" : 26.95,
    "grossProfitMargin" : 9.35,
    "grossProfit" : 45.99,
    "operatingProfitMargin" : 5.36,
    "operatingProfit" : 26.37,
    "netProfitMargin" : 2.61,
    "netProfit" : 12.84
  }, {
    "date" : "2019-09-30",
    "sales" : 402.67,
    "salesGrowthYoY" : 10.73,
    "grossProfitMargin" : 13.82,
    "grossProfit" : 55.65,
    "operatingProfitMargin" : 6.77,
    "operatingProfit" : 27.26,
    "netProfitMargin" : 2.93,
    "netProfit" : 11.80
  }, {
    "date" : "2019-12-31",
    "sales" : 441.42,
    "salesGrowthYoY" : 29.07,
    "grossProfitMargin" : 11.15,
    "grossProfit" : 49.22,
    "operatingProfitMargin" : 5.98,
    "operatingProfit" : 26.40,
    "netProfitMargin" : 2.81,
    "netProfit" : 12.40
  }, {
    "date" : "2020-03-31",
    "sales" : 358.99,
    "salesGrowthYoY" : 1.67,
    "grossProfitMargin" : 13.16,
    "grossProfit" : 47.24,
    "operatingProfitMargin" : 5.77,
    "operatingProfit" : 20.71,
    "netProfitMargin" : 2.39,
    "netProfit" : 8.58
  }, {
    "date" : "2020-06-30",
    "sales" : 126.20,
    "salesGrowthYoY" : -74.34,
    "grossProfitMargin" : 16.79,
    "grossProfit" : 21.19,
    "operatingProfitMargin" : -1.07,
    "operatingProfit" : -1.35,
    "netProfitMargin" : -5.07,
    "netProfit" : -6.40
  }, {
    "date" : "2020-09-30",
    "sales" : 342.02,
    "salesGrowthYoY" : -15.06,
    "grossProfitMargin" : 26.82,
    "grossProfit" : 91.73,
    "operatingProfitMargin" : 22.76,
    "operatingProfit" : 77.84,
    "netProfitMargin" : 15.30,
    "netProfit" : 52.33
  }, {
    "date" : "2020-12-31",
    "sales" : 612.03,
    "salesGrowthYoY" : 38.65,
    "grossProfitMargin" : 9.90,
    "grossProfit" : 60.59,
    "operatingProfitMargin" : 7.29,
    "operatingProfit" : 44.62,
    "netProfitMargin" : 4.40,
    "netProfit" : 26.93
  }, {
    "date" : "2021-03-31",
    "sales" : 740.70,
    "salesGrowthYoY" : 106.33,
    "grossProfitMargin" : 4.86,
    "grossProfit" : 36.00,
    "operatingProfitMargin" : 3.82,
    "operatingProfit" : 28.29,
    "netProfitMargin" : 1.86,
    "netProfit" : 13.78
  }, {
    "date" : "2021-06-30",
    "sales" : 249.96,
    "salesGrowthYoY" : 98.07,
    "grossProfitMargin" : 7.33,
    "grossProfit" : 18.32,
    "operatingProfitMargin" : -1.01,
    "operatingProfit" : -2.52,
    "netProfitMargin" : -2.98,
    "netProfit" : -7.45
  }, {
    "date" : "2021-09-30",
    "sales" : 704.92,
    "salesGrowthYoY" : 106.10,
    "grossProfitMargin" : 8.23,
    "grossProfit" : 58.01,
    "operatingProfitMargin" : 6.18,
    "operatingProfit" : 43.56,
    "netProfitMargin" : 3.79,
    "netProfit" : 26.72
  }, {
    "date" : "2021-12-31",
    "sales" : 630.83,
    "salesGrowthYoY" : 3.07,
    "grossProfitMargin" : 9.44,
    "grossProfit" : 59.55,
    "operatingProfitMargin" : 4.10,
    "operatingProfit" : 25.86,
    "netProfitMargin" : 1.79,
    "netProfit" : 11.29
  }, {
    "date" : "2022-03-31",
    "sales" : 609.04,
    "salesGrowthYoY" : -17.78,
    "grossProfitMargin" : 10.44,
    "grossProfit" : 63.58,
    "operatingProfitMargin" : 3.45,
    "operatingProfit" : 21.01,
    "netProfitMargin" : 1.31,
    "netProfit" : 7.98
  }, {
    "date" : "2022-06-30",
    "sales" : 826.41,
    "salesGrowthYoY" : 230.62,
    "grossProfitMargin" : 6.79,
    "grossProfit" : 56.11,
    "operatingProfitMargin" : 4.37,
    "operatingProfit" : 36.11,
    "netProfitMargin" : 2.30,
    "netProfit" : 19.01
  }, {
    "date" : "2022-09-30",
    "sales" : 813.45,
    "salesGrowthYoY" : 15.40,
    "grossProfitMargin" : 7.26,
    "grossProfit" : 59.06,
    "operatingProfitMargin" : 3.91,
    "operatingProfit" : 31.81,
    "netProfitMargin" : 1.96,
    "netProfit" : 15.94
  }, {
    "date" : "2022-12-31",
    "sales" : 744.51,
    "salesGrowthYoY" : 18.02,
    "grossProfitMargin" : 10.39,
    "grossProfit" : 77.35,
    "operatingProfitMargin" : 3.97,
    "operatingProfit" : 29.56,
    "netProfitMargin" : 1.85,
    "netProfit" : 13.77
  }, {
    "date" : "2023-03-31",
    "sales" : 771.54,
    "salesGrowthYoY" : 26.68,
    "grossProfitMargin" : 14.01,
    "grossProfit" : 108.09,
    "operatingProfitMargin" : 7.61,
    "operatingProfit" : 58.71,
    "netProfitMargin" : 4.02,
    "netProfit" : 31.02
  }, {
    "date" : "2023-06-30",
    "sales" : 960.10,
    "salesGrowthYoY" : 16.18,
    "grossProfitMargin" : 12.24,
    "grossProfit" : 117.52,
    "operatingProfitMargin" : 9.63,
    "operatingProfit" : 92.46,
    "netProfitMargin" : 6.10,
    "netProfit" : 58.57
  }, {
    "date" : "2023-09-30",
    "sales" : 993.44,
    "salesGrowthYoY" : 22.13,
    "grossProfitMargin" : 5.86,
    "grossProfit" : 58.22,
    "operatingProfitMargin" : 2.46,
    "operatingProfit" : 24.44,
    "netProfitMargin" : 0.84,
    "netProfit" : 8.34
  }, {
    "date" : "2023-12-31",
    "sales" : 895.90,
    "salesGrowthYoY" : 20.33,
    "grossProfitMargin" : 10.99,
    "grossProfit" : 98.46,
    "operatingProfitMargin" : 5.69,
    "operatingProfit" : 50.98,
    "netProfitMargin" : 3.13,
    "netProfit" : 28.04
  }, {
    "date" : "2024-03-31",
    "sales" : 982.74,
    "salesGrowthYoY" : 27.37,
    "grossProfitMargin" : 9.24,
    "grossProfit" : 90.81,
    "operatingProfitMargin" : 5.08,
    "operatingProfit" : 49.92,
    "netProfitMargin" : 2.87,
    "netProfit" : 28.20
  }, {
    "date" : "2024-06-30",
    "sales" : 1222.06,
    "salesGrowthYoY" : 27.28,
    "grossProfitMargin" : 10.71,
    "grossProfit" : 130.88,
    "operatingProfitMargin" : 7.49,
    "operatingProfit" : 91.53,
    "netProfitMargin" : 4.63,
    "netProfit" : 56.58
  }, {
    "date" : "2024-09-30",
    "sales" : 1181.05,
    "salesGrowthYoY" : 18.88,
    "grossProfitMargin" : 3.68,
    "grossProfit" : 43.46,
    "operatingProfitMargin" : -0.63,
    "operatingProfit" : -7.44,
    "netProfitMargin" : -1.48,
    "netProfit" : -17.48
  }, {
    "date" : "2024-12-31",
    "sales" : 1132.46,
    "salesGrowthYoY" : 26.40,
    "grossProfitMargin" : 11.95,
    "grossProfit" : 135.33,
    "operatingProfitMargin" : 7.34,
    "operatingProfit" : 83.12,
    "netProfitMargin" : 4.26,
    "netProfit" : 48.24
  }, {
    "date" : "2025-03-31",
    "sales" : 1380.73,
    "salesGrowthYoY" : 40.50,
    "grossProfitMargin" : 9.16,
    "grossProfit" : 126.47,
    "operatingProfitMargin" : 4.16,
    "operatingProfit" : 57.44,
    "netProfitMargin" : 2.27,
    "netProfit" : 31.34
  }, {
    "date" : "2025-06-30",
    "sales" : 1557.86,
    "salesGrowthYoY" : 27.48,
    "grossProfitMargin" : 10.89,
    "grossProfit" : 169.65,
    "operatingProfitMargin" : 5.58,
    "operatingProfit" : 86.93,
    "netProfitMargin" : 2.93,
    "netProfit" : 45.65
  }, {
    "date" : "2025-09-30",
    "sales" : 1710.90,
    "salesGrowthYoY" : 44.86,
    "grossProfitMargin" : 11.14,
    "grossProfit" : 190.59,
    "operatingProfitMargin" : 6.18,
    "operatingProfit" : 105.73,
    "netProfitMargin" : 3.42,
    "netProfit" : 58.51
  } ],
  "latestQuarterlyResult" : {
    "date" : "2025-09-30",
    "sales" : 1710.90,
    "salesGrowthYoY" : 44.86,
    "grossProfitMargin" : 11.14,
    "grossProfit" : 190.59,
    "operatingProfitMargin" : 6.18,
    "operatingProfit" : 105.73,
    "netProfitMargin" : 3.42,
    "netProfit" : 58.51
  },
  "companyScore" : {
    "priceHigherThanDma50" : 5.00,
    "priceHigherThanDma100" : 5.00,
    "priceHigherThanDma200" : 5.00,
    "dma50HigherThanDma100" : 5.00,
    "dma50HigherThanDma200" : 5.00,
    "dma100HigherThanDma200" : 5.00,
    "pricePercentageAboveDma50" : 3.69,
    "pricePercentageAboveDma100" : 2.65,
    "pricePercentageAboveDma200" : 2.43,
    "weeklyVolumeHigherThanYearlyVolume" : 0.00,
    "salesGrowthPercentile" : 15.31,
    "operatingProfitMarginPercentile" : 12.94,
    "netProfitMarginPercentile" : 7.50,
    "totalTechnicalScore" : 38.77,
    "totalFundamentalScore" : 35.75,
    "totalScore" : 74.53
  }
}