{
  "metadata" : {
    "screenerCompanyId" : "3421",
    "companyCode" : "TI",
    "companyName" : "Tilaknagar Inds.",
    "screenerCompanyLink" : "https://www.screener.in/company/TI/consolidated/",
    "screenerTechnicalHistoryLink" : "https://www.screener.in/api/company/3421/chart/?q=Price-DMA50-DMA200-Volume&days=365",
    "screenerQuarterlyResultsLink" : "https://www.screener.in/api/company/3421/chart/?q=GPM-OPM-NPM-Quarter+Sales&days=10000",
    "attributes" : {
      "companyCode" : "TI",
      "companyName" : "Tilaknagar Inds.",
      "marketCap" : 11089.00,
      "peRatio" : 39.20,
      "description" : "Tilaknagar Industries Ltd. is primarily involved in manufacturing and sale of Indian Made Foreign Liquor (IMFL). [1]"
    },
    "companyScore" : {
      "priceHigherThanDma50" : 5.00,
      "priceHigherThanDma100" : 0.00,
      "priceHigherThanDma200" : 5.00,
      "dma50HigherThanDma100" : 0.00,
      "dma50HigherThanDma200" : 5.00,
      "dma100HigherThanDma200" : 5.00,
      "pricePercentageAboveDma50" : 4.94,
      "pricePercentageAboveDma100" : 5.12,
      "pricePercentageAboveDma200" : 4.73,
      "weeklyVolumeHigherThanYearlyVolume" : 0.00,
      "salesGrowthPercentile" : 19.00,
      "operatingProfitMarginPercentile" : 16.26,
      "netProfitMarginPercentile" : 9.21,
      "totalTechnicalScore" : 34.79,
      "totalFundamentalScore" : 44.46,
      "totalScore" : 79.25
    }
  },
  "attributes" : {
    "companyCode" : "TI",
    "companyName" : "Tilaknagar Inds.",
    "marketCap" : 11089.00,
    "peRatio" : 39.20,
    "description" : "Tilaknagar Industries Ltd. is primarily involved in manufacturing and sale of Indian Made Foreign Liquor (IMFL). [1]"
  },
  "technicalHistory" : [ {
    "date" : "2025-02-17",
    "price" : 260.30,
    "dma50" : 362.15,
    "dma100" : null,
    "dma200" : 319.93,
    "volume" : 1040386.00
  }, {
    "date" : "2025-02-18",
    "price" : 243.50,
    "dma50" : 357.50,
    "dma100" : null,
    "dma200" : 319.17,
    "volume" : 1017352.00
  }, {
    "date" : "2025-02-19",
    "price" : 252.70,
    "dma50" : 353.39,
    "dma100" : null,
    "dma200" : 318.51,
    "volume" : 945813.00
  }, {
    "date" : "2025-02-20",
    "price" : 255.40,
    "dma50" : 349.55,
    "dma100" : null,
    "dma200" : 317.88,
    "volume" : 704070.00
  }, {
    "date" : "2025-02-21",
    "price" : 244.60,
    "dma50" : 345.43,
    "dma100" : null,
    "dma200" : 317.15,
    "volume" : 1114213.00
  }, {
    "date" : "2025-02-24",
    "price" : 240.75,
    "dma50" : 341.32,
    "dma100" : null,
    "dma200" : 316.39,
    "volume" : 994166.00
  }, {
    "date" : "2025-02-25",
    "price" : 233.40,
    "dma50" : 337.09,
    "dma100" : null,
    "dma200" : 315.56,
    "volume" : 838212.00
  }, {
    "date" : "2025-02-27",
    "price" : 226.50,
    "dma50" : 332.76,
    "dma100" : null,
    "dma200" : 314.68,
    "volume" : 1048762.00
  }, {
    "date" : "2025-02-28",
    "price" : 221.70,
    "dma50" : 328.40,
    "dma100" : null,
    "dma200" : 313.75,
    "volume" : 1708521.00
  }, {
    "date" : "2025-03-03",
    "price" : 218.91,
    "dma50" : 324.11,
    "dma100" : null,
    "dma200" : 312.81,
    "volume" : 1049600.00
  }, {
    "date" : "2025-03-04",
    "price" : 225.22,
    "dma50" : 320.23,
    "dma100" : null,
    "dma200" : 311.94,
    "volume" : 1048125.00
  }, {
    "date" : "2025-03-05",
    "price" : 244.75,
    "dma50" : 317.27,
    "dma100" : null,
    "dma200" : 311.27,
    "volume" : 1265255.00
  }, {
    "date" : "2025-03-06",
    "price" : 246.28,
    "dma50" : 314.48,
    "dma100" : null,
    "dma200" : 310.62,
    "volume" : 1256405.00
  }, {
    "date" : "2025-03-07",
    "price" : 253.86,
    "dma50" : 312.11,
    "dma100" : null,
    "dma200" : 310.06,
    "volume" : 1332207.00
  }, {
    "date" : "2025-03-10",
    "price" : 248.91,
    "dma50" : 309.63,
    "dma100" : null,
    "dma200" : 309.45,
    "volume" : 1164077.00
  }, {
    "date" : "2025-03-11",
    "price" : 246.43,
    "dma50" : 307.15,
    "dma100" : null,
    "dma200" : 308.82,
    "volume" : 1187763.00
  }, {
    "date" : "2025-03-12",
    "price" : 244.77,
    "dma50" : 304.70,
    "dma100" : null,
    "dma200" : 308.18,
    "volume" : 807896.00
  }, {
    "date" : "2025-03-13",
    "price" : 237.45,
    "dma50" : 302.07,
    "dma100" : null,
    "dma200" : 307.48,
    "volume" : 616719.00
  }, {
    "date" : "2025-03-17",
    "price" : 232.92,
    "dma50" : 299.36,
    "dma100" : null,
    "dma200" : 306.74,
    "volume" : 742953.00
  }, {
    "date" : "2025-03-18",
    "price" : 238.33,
    "dma50" : 296.96,
    "dma100" : null,
    "dma200" : 306.06,
    "volume" : 835741.00
  }, {
    "date" : "2025-03-19",
    "price" : 242.07,
    "dma50" : 294.81,
    "dma100" : null,
    "dma200" : 305.42,
    "volume" : 1214164.00
  }, {
    "date" : "2025-03-20",
    "price" : 242.23,
    "dma50" : 292.75,
    "dma100" : null,
    "dma200" : 304.79,
    "volume" : 756290.00
  }, {
    "date" : "2025-03-21",
    "price" : 257.54,
    "dma50" : 291.37,
    "dma100" : null,
    "dma200" : 304.32,
    "volume" : 4892806.00
  }, {
    "date" : "2025-03-24",
    "price" : 251.61,
    "dma50" : 289.81,
    "dma100" : null,
    "dma200" : 303.80,
    "volume" : 2360351.00
  }, {
    "date" : "2025-03-25",
    "price" : 244.16,
    "dma50" : 288.02,
    "dma100" : null,
    "dma200" : 303.20,
    "volume" : 978381.00
  }, {
    "date" : "2025-03-26",
    "price" : 238.35,
    "dma50" : 286.07,
    "dma100" : null,
    "dma200" : 302.56,
    "volume" : 1482292.00
  }, {
    "date" : "2025-03-27",
    "price" : 237.54,
    "dma50" : 284.17,
    "dma100" : null,
    "dma200" : 301.91,
    "volume" : 980440.00
  }, {
    "date" : "2025-03-28",
    "price" : 236.75,
    "dma50" : 282.31,
    "dma100" : null,
    "dma200" : 301.26,
    "volume" : 765806.00
  }, {
    "date" : "2025-04-01",
    "price" : 242.65,
    "dma50" : 280.75,
    "dma100" : null,
    "dma200" : 300.68,
    "volume" : 656715.00
  }, {
    "date" : "2025-04-02",
    "price" : 243.74,
    "dma50" : 279.30,
    "dma100" : null,
    "dma200" : 300.11,
    "volume" : 294288.00
  }, {
    "date" : "2025-04-03",
    "price" : 247.29,
    "dma50" : 278.05,
    "dma100" : null,
    "dma200" : 299.59,
    "volume" : 754295.00
  }, {
    "date" : "2025-04-04",
    "price" : 235.20,
    "dma50" : 276.37,
    "dma100" : null,
    "dma200" : 298.95,
    "volume" : 520285.00
  }, {
    "date" : "2025-04-07",
    "price" : 229.08,
    "dma50" : 274.51,
    "dma100" : null,
    "dma200" : 298.25,
    "volume" : 1092604.00
  }, {
    "date" : "2025-04-08",
    "price" : 234.96,
    "dma50" : 272.96,
    "dma100" : null,
    "dma200" : 297.62,
    "volume" : 362205.00
  }, {
    "date" : "2025-04-09",
    "price" : 229.08,
    "dma50" : 271.24,
    "dma100" : null,
    "dma200" : 296.94,
    "volume" : 395436.00
  }, {
    "date" : "2025-04-11",
    "price" : 238.45,
    "dma50" : 269.95,
    "dma100" : null,
    "dma200" : 296.36,
    "volume" : 391159.00
  }, {
    "date" : "2025-04-15",
    "price" : 242.86,
    "dma50" : 268.89,
    "dma100" : null,
    "dma200" : 295.83,
    "volume" : 727298.00
  }, {
    "date" : "2025-04-16",
    "price" : 245.73,
    "dma50" : 267.98,
    "dma100" : null,
    "dma200" : 295.33,
    "volume" : 1016642.00
  }, {
    "date" : "2025-04-17",
    "price" : 253.81,
    "dma50" : 267.43,
    "dma100" : null,
    "dma200" : 294.92,
    "volume" : 1134956.00
  }, {
    "date" : "2025-04-21",
    "price" : 260.59,
    "dma50" : 267.16,
    "dma100" : null,
    "dma200" : 294.57,
    "volume" : 1065083.00
  }, {
    "date" : "2025-04-22",
    "price" : 297.36,
    "dma50" : 268.34,
    "dma100" : null,
    "dma200" : 294.60,
    "volume" : 11914354.00
  }, {
    "date" : "2025-04-23",
    "price" : 301.47,
    "dma50" : 269.64,
    "dma100" : null,
    "dma200" : 294.67,
    "volume" : 3990673.00
  }, {
    "date" : "2025-04-24",
    "price" : 293.86,
    "dma50" : 270.59,
    "dma100" : null,
    "dma200" : 294.66,
    "volume" : 1039408.00
  }, {
    "date" : "2025-04-25",
    "price" : 285.08,
    "dma50" : 271.16,
    "dma100" : null,
    "dma200" : 294.57,
    "volume" : 2046357.00
  }, {
    "date" : "2025-04-28",
    "price" : 298.81,
    "dma50" : 272.24,
    "dma100" : null,
    "dma200" : 294.61,
    "volume" : 1389504.00
  }, {
    "date" : "2025-04-29",
    "price" : 298.05,
    "dma50" : 273.26,
    "dma100" : null,
    "dma200" : 294.64,
    "volume" : 2363041.00
  }, {
    "date" : "2025-04-30",
    "price" : 286.62,
    "dma50" : 273.78,
    "dma100" : null,
    "dma200" : 294.56,
    "volume" : 921781.00
  }, {
    "date" : "2025-05-02",
    "price" : 292.60,
    "dma50" : 274.52,
    "dma100" : null,
    "dma200" : 294.54,
    "volume" : 954683.00
  }, {
    "date" : "2025-05-05",
    "price" : 293.05,
    "dma50" : 275.25,
    "dma100" : null,
    "dma200" : 294.53,
    "volume" : 570118.00
  }, {
    "date" : "2025-05-06",
    "price" : 281.55,
    "dma50" : 275.49,
    "dma100" : null,
    "dma200" : 294.40,
    "volume" : 917387.00
  }, {
    "date" : "2025-05-07",
    "price" : 280.45,
    "dma50" : 275.69,
    "dma100" : null,
    "dma200" : 294.26,
    "volume" : 860018.00
  }, {
    "date" : "2025-05-08",
    "price" : 278.25,
    "dma50" : 275.79,
    "dma100" : null,
    "dma200" : 294.10,
    "volume" : 1050498.00
  }, {
    "date" : "2025-05-09",
    "price" : 275.90,
    "dma50" : 275.79,
    "dma100" : null,
    "dma200" : 293.92,
    "volume" : 618583.00
  }, {
    "date" : "2025-05-12",
    "price" : 292.80,
    "dma50" : 276.46,
    "dma100" : null,
    "dma200" : 293.91,
    "volume" : 725676.00
  }, {
    "date" : "2025-05-13",
    "price" : 299.20,
    "dma50" : 277.35,
    "dma100" : null,
    "dma200" : 293.96,
    "volume" : 869536.00
  }, {
    "date" : "2025-05-14",
    "price" : 302.70,
    "dma50" : 278.34,
    "dma100" : null,
    "dma200" : 294.05,
    "volume" : 1294274.00
  }, {
    "date" : "2025-05-15",
    "price" : 345.40,
    "dma50" : 280.97,
    "dma100" : null,
    "dma200" : 294.56,
    "volume" : 14715123.00
  }, {
    "date" : "2025-05-16",
    "price" : 353.90,
    "dma50" : 283.83,
    "dma100" : null,
    "dma200" : 295.15,
    "volume" : 4419889.00
  }, {
    "date" : "2025-05-19",
    "price" : 352.25,
    "dma50" : 286.52,
    "dma100" : null,
    "dma200" : 295.72,
    "volume" : 1680713.00
  }, {
    "date" : "2025-05-20",
    "price" : 349.60,
    "dma50" : 288.99,
    "dma100" : null,
    "dma200" : 296.25,
    "volume" : 1525491.00
  }, {
    "date" : "2025-05-21",
    "price" : 349.35,
    "dma50" : 291.36,
    "dma100" : null,
    "dma200" : 296.78,
    "volume" : 783291.00
  }, {
    "date" : "2025-05-22",
    "price" : 343.55,
    "dma50" : 293.40,
    "dma100" : null,
    "dma200" : 297.25,
    "volume" : 823137.00
  }, {
    "date" : "2025-05-23",
    "price" : 348.65,
    "dma50" : 295.57,
    "dma100" : null,
    "dma200" : 297.76,
    "volume" : 607009.00
  }, {
    "date" : "2025-05-26",
    "price" : 364.80,
    "dma50" : 298.29,
    "dma100" : null,
    "dma200" : 298.43,
    "volume" : 4033207.00
  }, {
    "date" : "2025-05-27",
    "price" : 362.45,
    "dma50" : 300.80,
    "dma100" : null,
    "dma200" : 299.06,
    "volume" : 2437668.00
  }, {
    "date" : "2025-05-28",
    "price" : 367.85,
    "dma50" : 303.43,
    "dma100" : null,
    "dma200" : 299.75,
    "volume" : 1081112.00
  }, {
    "date" : "2025-05-29",
    "price" : 364.85,
    "dma50" : 305.84,
    "dma100" : null,
    "dma200" : 300.40,
    "volume" : 725948.00
  }, {
    "date" : "2025-05-30",
    "price" : 371.45,
    "dma50" : 308.41,
    "dma100" : null,
    "dma200" : 301.10,
    "volume" : 1321029.00
  }, {
    "date" : "2025-06-02",
    "price" : 366.15,
    "dma50" : 310.68,
    "dma100" : null,
    "dma200" : 301.75,
    "volume" : 1413724.00
  }, {
    "date" : "2025-06-03",
    "price" : 357.50,
    "dma50" : 312.51,
    "dma100" : null,
    "dma200" : 302.30,
    "volume" : 968221.00
  }, {
    "date" : "2025-06-04",
    "price" : 360.85,
    "dma50" : 314.41,
    "dma100" : null,
    "dma200" : 302.89,
    "volume" : 1136137.00
  }, {
    "date" : "2025-06-05",
    "price" : 361.70,
    "dma50" : 316.26,
    "dma100" : null,
    "dma200" : 303.47,
    "volume" : 838416.00
  }, {
    "date" : "2025-06-06",
    "price" : 351.30,
    "dma50" : 317.64,
    "dma100" : null,
    "dma200" : 303.95,
    "volume" : 1239199.00
  }, {
    "date" : "2025-06-09",
    "price" : 352.95,
    "dma50" : 319.02,
    "dma100" : null,
    "dma200" : 304.44,
    "volume" : 473960.00
  }, {
    "date" : "2025-06-10",
    "price" : 360.10,
    "dma50" : 320.63,
    "dma100" : null,
    "dma200" : 304.99,
    "volume" : 1152598.00
  }, {
    "date" : "2025-06-11",
    "price" : 343.25,
    "dma50" : 321.52,
    "dma100" : null,
    "dma200" : 305.37,
    "volume" : 2512035.00
  }, {
    "date" : "2025-06-12",
    "price" : 365.10,
    "dma50" : 323.23,
    "dma100" : null,
    "dma200" : 305.96,
    "volume" : 10227808.00
  }, {
    "date" : "2025-06-13",
    "price" : 371.55,
    "dma50" : 325.12,
    "dma100" : null,
    "dma200" : 306.62,
    "volume" : 1991900.00
  }, {
    "date" : "2025-06-16",
    "price" : 384.10,
    "dma50" : 327.44,
    "dma100" : null,
    "dma200" : 307.39,
    "volume" : 3857585.00
  }, {
    "date" : "2025-06-17",
    "price" : 367.80,
    "dma50" : 329.02,
    "dma100" : null,
    "dma200" : 307.99,
    "volume" : 1772874.00
  }, {
    "date" : "2025-06-18",
    "price" : 363.65,
    "dma50" : 330.38,
    "dma100" : null,
    "dma200" : 308.54,
    "volume" : 1061934.00
  }, {
    "date" : "2025-06-19",
    "price" : 367.80,
    "dma50" : 331.85,
    "dma100" : null,
    "dma200" : 309.13,
    "volume" : 1918453.00
  }, {
    "date" : "2025-06-20",
    "price" : 361.05,
    "dma50" : 332.99,
    "dma100" : null,
    "dma200" : 309.65,
    "volume" : 1553494.00
  }, {
    "date" : "2025-06-23",
    "price" : 357.00,
    "dma50" : 333.93,
    "dma100" : null,
    "dma200" : 310.12,
    "volume" : 1177218.00
  }, {
    "date" : "2025-06-24",
    "price" : 350.85,
    "dma50" : 334.60,
    "dma100" : null,
    "dma200" : 310.53,
    "volume" : 1286986.00
  }, {
    "date" : "2025-06-25",
    "price" : 354.85,
    "dma50" : 335.39,
    "dma100" : null,
    "dma200" : 310.97,
    "volume" : 711503.00
  }, {
    "date" : "2025-06-26",
    "price" : 353.90,
    "dma50" : 336.12,
    "dma100" : null,
    "dma200" : 311.39,
    "volume" : 557094.00
  }, {
    "date" : "2025-06-27",
    "price" : 349.70,
    "dma50" : 336.65,
    "dma100" : null,
    "dma200" : 311.78,
    "volume" : 590149.00
  }, {
    "date" : "2025-06-30",
    "price" : 346.95,
    "dma50" : 337.05,
    "dma100" : null,
    "dma200" : 312.13,
    "volume" : 622830.00
  }, {
    "date" : "2025-07-01",
    "price" : 345.20,
    "dma50" : 337.37,
    "dma100" : null,
    "dma200" : 312.45,
    "volume" : 427907.00
  }, {
    "date" : "2025-07-02",
    "price" : 343.40,
    "dma50" : 337.61,
    "dma100" : null,
    "dma200" : 312.76,
    "volume" : 349481.00
  }, {
    "date" : "2025-07-03",
    "price" : 342.35,
    "dma50" : 337.79,
    "dma100" : null,
    "dma200" : 313.06,
    "volume" : 820961.00
  }, {
    "date" : "2025-07-04",
    "price" : 341.05,
    "dma50" : 337.92,
    "dma100" : null,
    "dma200" : 313.34,
    "volume" : 391155.00
  }, {
    "date" : "2025-07-07",
    "price" : 339.45,
    "dma50" : 337.98,
    "dma100" : null,
    "dma200" : 313.60,
    "volume" : 492739.00
  }, {
    "date" : "2025-07-08",
    "price" : 349.15,
    "dma50" : 338.42,
    "dma100" : null,
    "dma200" : 313.95,
    "volume" : 1781124.00
  }, {
    "date" : "2025-07-09",
    "price" : 344.35,
    "dma50" : 338.65,
    "dma100" : null,
    "dma200" : 314.25,
    "volume" : 888326.00
  }, {
    "date" : "2025-07-10",
    "price" : 342.35,
    "dma50" : 338.80,
    "dma100" : null,
    "dma200" : 314.53,
    "volume" : 328815.00
  }, {
    "date" : "2025-07-11",
    "price" : 338.30,
    "dma50" : 338.78,
    "dma100" : null,
    "dma200" : 314.77,
    "volume" : 544607.00
  }, {
    "date" : "2025-07-14",
    "price" : 341.35,
    "dma50" : 338.88,
    "dma100" : null,
    "dma200" : 315.03,
    "volume" : 1107008.00
  }, {
    "date" : "2025-07-15",
    "price" : 352.60,
    "dma50" : 339.42,
    "dma100" : null,
    "dma200" : 315.41,
    "volume" : 919012.00
  }, {
    "date" : "2025-07-16",
    "price" : 393.55,
    "dma50" : 341.54,
    "dma100" : 300.63,
    "dma200" : 316.18,
    "volume" : 16626487.00
  }, {
    "date" : "2025-07-17",
    "price" : 393.80,
    "dma50" : 343.59,
    "dma100" : 302.13,
    "dma200" : 316.96,
    "volume" : 7693264.00
  }, {
    "date" : "2025-07-18",
    "price" : 396.75,
    "dma50" : 345.67,
    "dma100" : 303.57,
    "dma200" : 317.75,
    "volume" : 1638652.00
  }, {
    "date" : "2025-07-21",
    "price" : 418.80,
    "dma50" : 348.54,
    "dma100" : 305.21,
    "dma200" : 318.76,
    "volume" : 29494263.00
  }, {
    "date" : "2025-07-22",
    "price" : 470.35,
    "dma50" : 353.32,
    "dma100" : 307.47,
    "dma200" : 320.26,
    "volume" : 24297640.00
  }, {
    "date" : "2025-07-23",
    "price" : 473.25,
    "dma50" : 358.02,
    "dma100" : 309.79,
    "dma200" : 321.79,
    "volume" : 14820431.00
  }, {
    "date" : "2025-07-24",
    "price" : 493.35,
    "dma50" : 363.33,
    "dma100" : 312.39,
    "dma200" : 323.49,
    "volume" : 16267757.00
  }, {
    "date" : "2025-07-25",
    "price" : 497.40,
    "dma50" : 368.59,
    "dma100" : 315.10,
    "dma200" : 325.22,
    "volume" : 6709363.00
  }, {
    "date" : "2025-07-28",
    "price" : 509.55,
    "dma50" : 374.11,
    "dma100" : 317.98,
    "dma200" : 327.06,
    "volume" : 6037349.00
  }, {
    "date" : "2025-07-29",
    "price" : 510.05,
    "dma50" : 379.45,
    "dma100" : 320.89,
    "dma200" : 328.88,
    "volume" : 4139652.00
  }, {
    "date" : "2025-07-30",
    "price" : 498.30,
    "dma50" : 384.11,
    "dma100" : 323.62,
    "dma200" : 330.56,
    "volume" : 6555078.00
  }, {
    "date" : "2025-07-31",
    "price" : 492.20,
    "dma50" : 388.35,
    "dma100" : 326.09,
    "dma200" : 332.17,
    "volume" : 2714062.00
  }, {
    "date" : "2025-08-01",
    "price" : 505.35,
    "dma50" : 392.93,
    "dma100" : 328.69,
    "dma200" : 333.90,
    "volume" : 2530497.00
  }, {
    "date" : "2025-08-04",
    "price" : 513.45,
    "dma50" : 397.66,
    "dma100" : 331.28,
    "dma200" : 335.68,
    "volume" : 2076218.00
  }, {
    "date" : "2025-08-05",
    "price" : 508.45,
    "dma50" : 402.00,
    "dma100" : 333.88,
    "dma200" : 337.40,
    "volume" : 1177104.00
  }, {
    "date" : "2025-08-06",
    "price" : 486.60,
    "dma50" : 405.32,
    "dma100" : 336.28,
    "dma200" : 338.89,
    "volume" : 1220444.00
  }, {
    "date" : "2025-08-07",
    "price" : 482.20,
    "dma50" : 408.34,
    "dma100" : 338.65,
    "dma200" : 340.31,
    "volume" : 1287101.00
  }, {
    "date" : "2025-08-08",
    "price" : 469.80,
    "dma50" : 410.75,
    "dma100" : 340.98,
    "dma200" : 341.60,
    "volume" : 726421.00
  }, {
    "date" : "2025-08-11",
    "price" : 472.30,
    "dma50" : 413.16,
    "dma100" : 343.37,
    "dma200" : 342.90,
    "volume" : 1049253.00
  }, {
    "date" : "2025-08-12",
    "price" : 493.65,
    "dma50" : 416.32,
    "dma100" : 345.92,
    "dma200" : 344.40,
    "volume" : 8954080.00
  }, {
    "date" : "2025-08-13",
    "price" : 504.50,
    "dma50" : 419.78,
    "dma100" : 348.55,
    "dma200" : 345.99,
    "volume" : 3844345.00
  }, {
    "date" : "2025-08-14",
    "price" : 503.55,
    "dma50" : 423.06,
    "dma100" : 351.16,
    "dma200" : 347.56,
    "volume" : 1092370.00
  }, {
    "date" : "2025-08-18",
    "price" : 514.35,
    "dma50" : 426.64,
    "dma100" : 353.73,
    "dma200" : 349.22,
    "volume" : 3188707.00
  }, {
    "date" : "2025-08-19",
    "price" : 527.35,
    "dma50" : 430.59,
    "dma100" : 356.49,
    "dma200" : 350.99,
    "volume" : 2439752.00
  }, {
    "date" : "2025-08-20",
    "price" : 495.80,
    "dma50" : 433.15,
    "dma100" : 359.00,
    "dma200" : 352.43,
    "volume" : 3818584.00
  }, {
    "date" : "2025-08-21",
    "price" : 486.30,
    "dma50" : 435.23,
    "dma100" : 361.48,
    "dma200" : 353.77,
    "volume" : 1384091.00
  }, {
    "date" : "2025-08-22",
    "price" : 489.25,
    "dma50" : 437.35,
    "dma100" : 364.00,
    "dma200" : 355.11,
    "volume" : 808018.00
  }, {
    "date" : "2025-08-25",
    "price" : 482.75,
    "dma50" : 439.13,
    "dma100" : 366.46,
    "dma200" : 356.38,
    "volume" : 944957.00
  }, {
    "date" : "2025-08-26",
    "price" : 473.85,
    "dma50" : 440.49,
    "dma100" : 368.77,
    "dma200" : 357.55,
    "volume" : 774846.00
  }, {
    "date" : "2025-08-28",
    "price" : 473.20,
    "dma50" : 441.77,
    "dma100" : 371.07,
    "dma200" : 358.70,
    "volume" : 1116699.00
  }, {
    "date" : "2025-08-29",
    "price" : 473.80,
    "dma50" : 443.03,
    "dma100" : 373.33,
    "dma200" : 359.85,
    "volume" : 689946.00
  }, {
    "date" : "2025-09-01",
    "price" : 480.75,
    "dma50" : 444.51,
    "dma100" : 375.79,
    "dma200" : 361.05,
    "volume" : 1185114.00
  }, {
    "date" : "2025-09-02",
    "price" : 476.90,
    "dma50" : 445.78,
    "dma100" : 378.26,
    "dma200" : 362.20,
    "volume" : 960194.00
  }, {
    "date" : "2025-09-03",
    "price" : 478.00,
    "dma50" : 447.04,
    "dma100" : 380.70,
    "dma200" : 363.36,
    "volume" : 630731.00
  }, {
    "date" : "2025-09-04",
    "price" : 459.85,
    "dma50" : 447.55,
    "dma100" : 383.00,
    "dma200" : 364.32,
    "volume" : 1359782.00
  }, {
    "date" : "2025-09-05",
    "price" : 459.40,
    "dma50" : 448.01,
    "dma100" : 385.21,
    "dma200" : 365.26,
    "volume" : 797996.00
  }, {
    "date" : "2025-09-08",
    "price" : 457.65,
    "dma50" : 448.39,
    "dma100" : 387.36,
    "dma200" : 366.18,
    "volume" : 777414.00
  }, {
    "date" : "2025-09-09",
    "price" : 471.25,
    "dma50" : 449.29,
    "dma100" : 389.62,
    "dma200" : 367.23,
    "volume" : 1467673.00
  }, {
    "date" : "2025-09-10",
    "price" : 471.25,
    "dma50" : 450.15,
    "dma100" : 391.79,
    "dma200" : 368.26,
    "volume" : 909032.00
  }, {
    "date" : "2025-09-11",
    "price" : 471.35,
    "dma50" : 450.98,
    "dma100" : 393.90,
    "dma200" : 369.29,
    "volume" : 1528624.00
  }, {
    "date" : "2025-09-12",
    "price" : 469.30,
    "dma50" : 451.70,
    "dma100" : 395.62,
    "dma200" : 370.28,
    "volume" : 646297.00
  }, {
    "date" : "2025-09-15",
    "price" : 464.55,
    "dma50" : 452.20,
    "dma100" : 397.25,
    "dma200" : 371.22,
    "volume" : 1206304.00
  }, {
    "date" : "2025-09-16",
    "price" : 479.80,
    "dma50" : 453.28,
    "dma100" : 399.11,
    "dma200" : 372.30,
    "volume" : 2455631.00
  }, {
    "date" : "2025-09-17",
    "price" : 470.30,
    "dma50" : 453.95,
    "dma100" : 400.96,
    "dma200" : 373.28,
    "volume" : 1700167.00
  }, {
    "date" : "2025-09-18",
    "price" : 468.30,
    "dma50" : 454.51,
    "dma100" : 402.65,
    "dma200" : 374.22,
    "volume" : 2003643.00
  }, {
    "date" : "2025-09-19",
    "price" : 459.30,
    "dma50" : 454.70,
    "dma100" : 404.27,
    "dma200" : 375.07,
    "volume" : 1276435.00
  }, {
    "date" : "2025-09-22",
    "price" : 462.55,
    "dma50" : 455.01,
    "dma100" : 406.03,
    "dma200" : 375.94,
    "volume" : 715525.00
  }, {
    "date" : "2025-09-23",
    "price" : 455.75,
    "dma50" : 455.04,
    "dma100" : 407.66,
    "dma200" : 376.73,
    "volume" : 541671.00
  }, {
    "date" : "2025-09-24",
    "price" : 462.20,
    "dma50" : 455.32,
    "dma100" : 409.35,
    "dma200" : 377.58,
    "volume" : 710926.00
  }, {
    "date" : "2025-09-25",
    "price" : 457.35,
    "dma50" : 455.40,
    "dma100" : 411.11,
    "dma200" : 378.38,
    "volume" : 870616.00
  }, {
    "date" : "2025-09-26",
    "price" : 442.50,
    "dma50" : 454.89,
    "dma100" : 412.73,
    "dma200" : 379.02,
    "volume" : 1241925.00
  }, {
    "date" : "2025-09-29",
    "price" : 447.00,
    "dma50" : 454.58,
    "dma100" : 414.41,
    "dma200" : 379.69,
    "volume" : 716481.00
  }, {
    "date" : "2025-09-30",
    "price" : 448.55,
    "dma50" : 454.35,
    "dma100" : 416.14,
    "dma200" : 380.38,
    "volume" : 671505.00
  }, {
    "date" : "2025-10-01",
    "price" : 452.55,
    "dma50" : 454.28,
    "dma100" : 417.74,
    "dma200" : 381.10,
    "volume" : 458986.00
  }, {
    "date" : "2025-10-03",
    "price" : 469.25,
    "dma50" : 454.86,
    "dma100" : 419.44,
    "dma200" : 381.97,
    "volume" : 1429772.00
  }, {
    "date" : "2025-10-06",
    "price" : 474.50,
    "dma50" : 455.63,
    "dma100" : 421.16,
    "dma200" : 382.89,
    "volume" : 883192.00
  }, {
    "date" : "2025-10-07",
    "price" : 467.00,
    "dma50" : 456.08,
    "dma100" : 422.37,
    "dma200" : 383.73,
    "volume" : 538519.00
  }, {
    "date" : "2025-10-08",
    "price" : 468.60,
    "dma50" : 456.57,
    "dma100" : 423.52,
    "dma200" : 384.58,
    "volume" : 863411.00
  }, {
    "date" : "2025-10-09",
    "price" : 458.60,
    "dma50" : 456.65,
    "dma100" : 424.58,
    "dma200" : 385.31,
    "volume" : 515152.00
  }, {
    "date" : "2025-10-10",
    "price" : 453.25,
    "dma50" : 456.52,
    "dma100" : 425.62,
    "dma200" : 385.99,
    "volume" : 385801.00
  }, {
    "date" : "2025-10-13",
    "price" : 453.10,
    "dma50" : 456.38,
    "dma100" : 426.66,
    "dma200" : 386.66,
    "volume" : 341703.00
  }, {
    "date" : "2025-10-14",
    "price" : 455.85,
    "dma50" : 456.36,
    "dma100" : 427.78,
    "dma200" : 387.34,
    "volume" : 883245.00
  }, {
    "date" : "2025-10-15",
    "price" : 476.60,
    "dma50" : 457.16,
    "dma100" : 429.06,
    "dma200" : 388.23,
    "volume" : 2668031.00
  }, {
    "date" : "2025-10-16",
    "price" : 474.80,
    "dma50" : 457.85,
    "dma100" : 430.16,
    "dma200" : 389.09,
    "volume" : 720141.00
  }, {
    "date" : "2025-10-17",
    "price" : 470.30,
    "dma50" : 458.34,
    "dma100" : 431.24,
    "dma200" : 389.90,
    "volume" : 460506.00
  }, {
    "date" : "2025-10-20",
    "price" : 488.00,
    "dma50" : 459.50,
    "dma100" : 432.44,
    "dma200" : 390.88,
    "volume" : 2590319.00
  }, {
    "date" : "2025-10-21",
    "price" : 493.80,
    "dma50" : 460.84,
    "dma100" : 433.73,
    "dma200" : 391.90,
    "volume" : 953007.00
  }, {
    "date" : "2025-10-23",
    "price" : 480.95,
    "dma50" : 461.63,
    "dma100" : 434.82,
    "dma200" : 392.79,
    "volume" : 1011502.00
  }, {
    "date" : "2025-10-24",
    "price" : 473.25,
    "dma50" : 462.09,
    "dma100" : 435.90,
    "dma200" : 393.59,
    "volume" : 663898.00
  }, {
    "date" : "2025-10-27",
    "price" : 475.55,
    "dma50" : 462.62,
    "dma100" : 437.08,
    "dma200" : 394.40,
    "volume" : 475753.00
  }, {
    "date" : "2025-10-28",
    "price" : 495.10,
    "dma50" : 463.89,
    "dma100" : 438.42,
    "dma200" : 395.41,
    "volume" : 2620598.00
  }, {
    "date" : "2025-10-29",
    "price" : 509.50,
    "dma50" : 465.68,
    "dma100" : 439.90,
    "dma200" : 396.54,
    "volume" : 3793270.00
  }, {
    "date" : "2025-10-30",
    "price" : 512.20,
    "dma50" : 467.50,
    "dma100" : 441.51,
    "dma200" : 397.69,
    "volume" : 1489638.00
  }, {
    "date" : "2025-10-31",
    "price" : 528.10,
    "dma50" : 469.88,
    "dma100" : 443.26,
    "dma200" : 398.99,
    "volume" : 7860527.00
  }, {
    "date" : "2025-11-03",
    "price" : 527.05,
    "dma50" : 472.12,
    "dma100" : 444.93,
    "dma200" : 400.26,
    "volume" : 1240014.00
  }, {
    "date" : "2025-11-04",
    "price" : 504.35,
    "dma50" : 473.38,
    "dma100" : 446.54,
    "dma200" : 401.30,
    "volume" : 1733082.00
  }, {
    "date" : "2025-11-06",
    "price" : 489.90,
    "dma50" : 474.03,
    "dma100" : 447.79,
    "dma200" : 402.18,
    "volume" : 1327321.00
  }, {
    "date" : "2025-11-07",
    "price" : 501.10,
    "dma50" : 475.09,
    "dma100" : 449.08,
    "dma200" : 403.17,
    "volume" : 1109556.00
  }, {
    "date" : "2025-11-10",
    "price" : 496.20,
    "dma50" : 475.92,
    "dma100" : 450.20,
    "dma200" : 404.09,
    "volume" : 1091108.00
  }, {
    "date" : "2025-11-11",
    "price" : 509.20,
    "dma50" : 477.23,
    "dma100" : 451.62,
    "dma200" : 405.14,
    "volume" : 1411180.00
  }, {
    "date" : "2025-11-12",
    "price" : 505.20,
    "dma50" : 478.32,
    "dma100" : 453.03,
    "dma200" : 406.13,
    "volume" : 1426416.00
  }, {
    "date" : "2025-11-13",
    "price" : 508.05,
    "dma50" : 479.49,
    "dma100" : 454.43,
    "dma200" : 407.15,
    "volume" : 2164614.00
  }, {
    "date" : "2025-11-14",
    "price" : 487.80,
    "dma50" : 479.82,
    "dma100" : 455.70,
    "dma200" : 407.95,
    "volume" : 3868292.00
  }, {
    "date" : "2025-11-17",
    "price" : 486.70,
    "dma50" : 480.09,
    "dma100" : 457.00,
    "dma200" : 408.73,
    "volume" : 1462544.00
  }, {
    "date" : "2025-11-18",
    "price" : 489.50,
    "dma50" : 480.45,
    "dma100" : 458.39,
    "dma200" : 409.54,
    "volume" : 4002424.00
  }, {
    "date" : "2025-11-19",
    "price" : 487.95,
    "dma50" : 480.75,
    "dma100" : 459.72,
    "dma200" : 410.32,
    "volume" : 786604.00
  }, {
    "date" : "2025-11-20",
    "price" : 503.65,
    "dma50" : 481.65,
    "dma100" : 461.21,
    "dma200" : 411.25,
    "volume" : 3219113.00
  }, {
    "date" : "2025-11-21",
    "price" : 485.80,
    "dma50" : 481.81,
    "dma100" : 462.57,
    "dma200" : 411.99,
    "volume" : 1367723.00
  }, {
    "date" : "2025-11-24",
    "price" : 475.30,
    "dma50" : 481.55,
    "dma100" : 463.86,
    "dma200" : 412.62,
    "volume" : 1251340.00
  }, {
    "date" : "2025-11-25",
    "price" : 471.05,
    "dma50" : 481.14,
    "dma100" : 465.12,
    "dma200" : 413.20,
    "volume" : 625384.00
  }, {
    "date" : "2025-11-26",
    "price" : 473.05,
    "dma50" : 480.82,
    "dma100" : 466.41,
    "dma200" : 413.79,
    "volume" : 634323.00
  }, {
    "date" : "2025-11-27",
    "price" : 469.65,
    "dma50" : 480.39,
    "dma100" : 467.69,
    "dma200" : 414.35,
    "volume" : 778018.00
  }, {
    "date" : "2025-11-28",
    "price" : 476.10,
    "dma50" : 480.22,
    "dma100" : 469.04,
    "dma200" : 414.96,
    "volume" : 652872.00
  }, {
    "date" : "2025-12-01",
    "price" : 472.15,
    "dma50" : 479.90,
    "dma100" : 470.36,
    "dma200" : 415.53,
    "volume" : 2042898.00
  }, {
    "date" : "2025-12-02",
    "price" : 471.40,
    "dma50" : 479.57,
    "dma100" : 471.59,
    "dma200" : 416.09,
    "volume" : 1177782.00
  }, {
    "date" : "2025-12-03",
    "price" : 461.05,
    "dma50" : 478.84,
    "dma100" : 472.75,
    "dma200" : 416.54,
    "volume" : 819556.00
  }, {
    "date" : "2025-12-04",
    "price" : 451.30,
    "dma50" : 477.76,
    "dma100" : 473.84,
    "dma200" : 416.88,
    "volume" : 1014827.00
  }, {
    "date" : "2025-12-05",
    "price" : 452.10,
    "dma50" : 476.76,
    "dma100" : 474.98,
    "dma200" : 417.23,
    "volume" : 525113.00
  }, {
    "date" : "2025-12-08",
    "price" : 438.60,
    "dma50" : 475.26,
    "dma100" : 475.95,
    "dma200" : 417.45,
    "volume" : 1037062.00
  }, {
    "date" : "2025-12-09",
    "price" : 457.25,
    "dma50" : 474.55,
    "dma100" : 477.00,
    "dma200" : 417.84,
    "volume" : 1051465.00
  }, {
    "date" : "2025-12-10",
    "price" : 445.60,
    "dma50" : 473.42,
    "dma100" : 477.52,
    "dma200" : 418.12,
    "volume" : 604281.00
  }, {
    "date" : "2025-12-11",
    "price" : 447.95,
    "dma50" : 472.42,
    "dma100" : 478.06,
    "dma200" : 418.41,
    "volume" : 358678.00
  }, {
    "date" : "2025-12-12",
    "price" : 452.20,
    "dma50" : 471.63,
    "dma100" : 478.62,
    "dma200" : 418.75,
    "volume" : 319162.00
  }, {
    "date" : "2025-12-15",
    "price" : 448.90,
    "dma50" : 470.74,
    "dma100" : 478.92,
    "dma200" : 419.05,
    "volume" : 362056.00
  }, {
    "date" : "2025-12-16",
    "price" : 443.50,
    "dma50" : 469.67,
    "dma100" : 478.65,
    "dma200" : 419.29,
    "volume" : 318789.00
  }, {
    "date" : "2025-12-17",
    "price" : 445.10,
    "dma50" : 468.70,
    "dma100" : 478.37,
    "dma200" : 419.55,
    "volume" : 464465.00
  }, {
    "date" : "2025-12-18",
    "price" : 445.45,
    "dma50" : 467.79,
    "dma100" : 477.89,
    "dma200" : 419.81,
    "volume" : 357934.00
  }, {
    "date" : "2025-12-19",
    "price" : 462.20,
    "dma50" : 467.57,
    "dma100" : 477.54,
    "dma200" : 420.23,
    "volume" : 1241967.00
  }, {
    "date" : "2025-12-22",
    "price" : 467.95,
    "dma50" : 467.59,
    "dma100" : 477.12,
    "dma200" : 420.71,
    "volume" : 631903.00
  }, {
    "date" : "2025-12-23",
    "price" : 469.05,
    "dma50" : 467.64,
    "dma100" : 476.71,
    "dma200" : 421.19,
    "volume" : 465458.00
  }, {
    "date" : "2025-12-24",
    "price" : 470.80,
    "dma50" : 467.77,
    "dma100" : 476.44,
    "dma200" : 421.68,
    "volume" : 677807.00
  }, {
    "date" : "2025-12-26",
    "price" : 467.05,
    "dma50" : 467.74,
    "dma100" : 476.18,
    "dma200" : 422.13,
    "volume" : 338266.00
  }, {
    "date" : "2025-12-29",
    "price" : 451.95,
    "dma50" : 467.12,
    "dma100" : 475.65,
    "dma200" : 422.43,
    "volume" : 472420.00
  }, {
    "date" : "2025-12-30",
    "price" : 447.30,
    "dma50" : 466.34,
    "dma100" : 474.99,
    "dma200" : 422.68,
    "volume" : 448860.00
  }, {
    "date" : "2025-12-31",
    "price" : 457.45,
    "dma50" : 465.99,
    "dma100" : 474.48,
    "dma200" : 423.02,
    "volume" : 567081.00
  }, {
    "date" : "2026-01-01",
    "price" : 454.80,
    "dma50" : 465.56,
    "dma100" : 474.16,
    "dma200" : 423.34,
    "volume" : 394207.00
  }, {
    "date" : "2026-01-02",
    "price" : 459.00,
    "dma50" : 465.30,
    "dma100" : 473.93,
    "dma200" : 423.69,
    "volume" : 430893.00
  }, {
    "date" : "2026-01-05",
    "price" : 459.50,
    "dma50" : 465.07,
    "dma100" : 473.83,
    "dma200" : 424.05,
    "volume" : 418480.00
  }, {
    "date" : "2026-01-06",
    "price" : 452.90,
    "dma50" : 464.59,
    "dma100" : 473.63,
    "dma200" : 424.34,
    "volume" : 222625.00
  }, {
    "date" : "2026-01-07",
    "price" : 452.30,
    "dma50" : 464.11,
    "dma100" : 473.22,
    "dma200" : 424.61,
    "volume" : 269662.00
  }, {
    "date" : "2026-01-08",
    "price" : 441.80,
    "dma50" : 463.24,
    "dma100" : 472.59,
    "dma200" : 424.79,
    "volume" : 336328.00
  }, {
    "date" : "2026-01-09",
    "price" : 437.05,
    "dma50" : 462.21,
    "dma100" : 471.93,
    "dma200" : 424.91,
    "volume" : 432181.00
  }, {
    "date" : "2026-01-12",
    "price" : 427.25,
    "dma50" : 460.84,
    "dma100" : 471.06,
    "dma200" : 424.93,
    "volume" : 567575.00
  }, {
    "date" : "2026-01-13",
    "price" : 429.20,
    "dma50" : 459.60,
    "dma100" : 470.07,
    "dma200" : 424.97,
    "volume" : 462726.00
  }, {
    "date" : "2026-01-14",
    "price" : 419.30,
    "dma50" : 458.02,
    "dma100" : 469.31,
    "dma200" : 424.92,
    "volume" : 466162.00
  }, {
    "date" : "2026-01-16",
    "price" : 420.20,
    "dma50" : 456.53,
    "dma100" : 468.65,
    "dma200" : 424.87,
    "volume" : 1334049.00
  }, {
    "date" : "2026-01-19",
    "price" : 410.40,
    "dma50" : 454.73,
    "dma100" : 467.86,
    "dma200" : 424.73,
    "volume" : 532899.00
  }, {
    "date" : "2026-01-20",
    "price" : 397.70,
    "dma50" : 452.49,
    "dma100" : 467.01,
    "dma200" : 424.46,
    "volume" : 1007412.00
  }, {
    "date" : "2026-01-21",
    "price" : 397.35,
    "dma50" : 450.33,
    "dma100" : 466.24,
    "dma200" : 424.19,
    "volume" : 1034427.00
  }, {
    "date" : "2026-01-22",
    "price" : 403.90,
    "dma50" : 448.51,
    "dma100" : 465.55,
    "dma200" : 423.99,
    "volume" : 484657.00
  }, {
    "date" : "2026-01-23",
    "price" : 388.80,
    "dma50" : 446.17,
    "dma100" : 464.70,
    "dma200" : 423.64,
    "volume" : 638288.00
  }, {
    "date" : "2026-01-27",
    "price" : 402.05,
    "dma50" : 444.44,
    "dma100" : 463.91,
    "dma200" : 423.42,
    "volume" : 763527.00
  }, {
    "date" : "2026-01-28",
    "price" : 433.60,
    "dma50" : 444.01,
    "dma100" : 463.48,
    "dma200" : 423.52,
    "volume" : 2035930.00
  }, {
    "date" : "2026-01-29",
    "price" : 424.30,
    "dma50" : 443.24,
    "dma100" : 462.94,
    "dma200" : 423.53,
    "volume" : 520850.00
  }, {
    "date" : "2026-01-30",
    "price" : 431.95,
    "dma50" : 442.79,
    "dma100" : 462.66,
    "dma200" : 423.61,
    "volume" : 578181.00
  }, {
    "date" : "2026-02-01",
    "price" : 412.40,
    "dma50" : 441.60,
    "dma100" : 462.19,
    "dma200" : 423.50,
    "volume" : 234816.00
  }, {
    "date" : "2026-02-02",
    "price" : 418.80,
    "dma50" : 440.71,
    "dma100" : 461.81,
    "dma200" : 423.45,
    "volume" : 357193.00
  }, {
    "date" : "2026-02-03",
    "price" : 448.80,
    "dma50" : 441.03,
    "dma100" : 461.58,
    "dma200" : 423.71,
    "volume" : 642135.00
  }, {
    "date" : "2026-02-04",
    "price" : 450.80,
    "dma50" : 441.41,
    "dma100" : 461.38,
    "dma200" : 423.98,
    "volume" : 1057986.00
  }, {
    "date" : "2026-02-05",
    "price" : 452.60,
    "dma50" : 441.85,
    "dma100" : 461.19,
    "dma200" : 424.26,
    "volume" : 732178.00
  }, {
    "date" : "2026-02-06",
    "price" : 452.95,
    "dma50" : 442.28,
    "dma100" : 461.03,
    "dma200" : 424.55,
    "volume" : 436914.00
  }, {
    "date" : "2026-02-09",
    "price" : 444.30,
    "dma50" : 442.36,
    "dma100" : 460.82,
    "dma200" : 424.74,
    "volume" : 515993.00
  }, {
    "date" : "2026-02-10",
    "price" : 447.85,
    "dma50" : 442.58,
    "dma100" : 460.50,
    "dma200" : 424.97,
    "volume" : 925561.00
  }, {
    "date" : "2026-02-11",
    "price" : 453.60,
    "dma50" : 443.01,
    "dma100" : 460.34,
    "dma200" : 425.26,
    "volume" : 416821.00
  }, {
    "date" : "2026-02-12",
    "price" : 450.15,
    "dma50" : 443.29,
    "dma100" : 460.16,
    "dma200" : 425.51,
    "volume" : 207102.00
  }, {
    "date" : "2026-02-13",
    "price" : 450.70,
    "dma50" : 443.58,
    "dma100" : 460.07,
    "dma200" : 425.76,
    "volume" : 278501.00
  }, {
    "date" : "2026-02-16",
    "price" : 449.15,
    "dma50" : 443.80,
    "dma100" : 459.94,
    "dma200" : 425.99,
    "volume" : 830259.00
  } ],
  "latestTechnicalAttributes" : {
    "date" : "2026-02-16",
    "price" : 449.15,
    "dma50" : 443.80,
    "dma100" : 459.94,
    "dma200" : 425.99,
    "volume" : 830259.00
  },
  "quarterlyResults" : [ {
    "date" : "2005-03-31",
    "sales" : 20.35,
    "salesGrowthYoY" : null,
    "grossProfitMargin" : 52.92,
    "grossProfit" : 10.77,
    "operatingProfitMargin" : 6.73,
    "operatingProfit" : 1.37,
    "netProfitMargin" : 1.23,
    "netProfit" : 0.25
  }, {
    "date" : "2005-06-30",
    "sales" : 14.93,
    "salesGrowthYoY" : null,
    "grossProfitMargin" : 60.75,
    "grossProfit" : 9.07,
    "operatingProfitMargin" : 7.50,
    "operatingProfit" : 1.12,
    "netProfitMargin" : 2.95,
    "netProfit" : 0.44
  }, {
    "date" : "2005-09-30",
    "sales" : 18.66,
    "salesGrowthYoY" : null,
    "grossProfitMargin" : 61.84,
    "grossProfit" : 11.54,
    "operatingProfitMargin" : 5.79,
    "operatingProfit" : 1.08,
    "netProfitMargin" : 2.52,
    "netProfit" : 0.47
  }, {
    "date" : "2005-12-31",
    "sales" : 19.01,
    "salesGrowthYoY" : null,
    "grossProfitMargin" : 69.96,
    "grossProfit" : 13.30,
    "operatingProfitMargin" : 5.89,
    "operatingProfit" : 1.12,
    "netProfitMargin" : 1.74,
    "netProfit" : 0.33
  }, {
    "date" : "2006-03-31",
    "sales" : 18.66,
    "salesGrowthYoY" : -8.30,
    "grossProfitMargin" : 69.51,
    "grossProfit" : 12.97,
    "operatingProfitMargin" : 4.56,
    "operatingProfit" : 0.85,
    "netProfitMargin" : 4.34,
    "netProfit" : 0.81
  }, {
    "date" : "2006-06-30",
    "sales" : 19.41,
    "salesGrowthYoY" : 30.01,
    "grossProfitMargin" : 57.44,
    "grossProfit" : 11.15,
    "operatingProfitMargin" : 9.63,
    "operatingProfit" : 1.87,
    "netProfitMargin" : 2.99,
    "netProfit" : 0.58
  }, {
    "date" : "2006-09-30",
    "sales" : 19.60,
    "salesGrowthYoY" : 5.04,
    "grossProfitMargin" : 55.97,
    "grossProfit" : 10.97,
    "operatingProfitMargin" : 12.24,
    "operatingProfit" : 2.40,
    "netProfitMargin" : 4.13,
    "netProfit" : 0.81
  }, {
    "date" : "2006-12-31",
    "sales" : 24.98,
    "salesGrowthYoY" : 31.40,
    "grossProfitMargin" : 74.34,
    "grossProfit" : 18.57,
    "operatingProfitMargin" : 15.73,
    "operatingProfit" : 3.93,
    "netProfitMargin" : 7.45,
    "netProfit" : 1.86
  }, {
    "date" : "2007-03-31",
    "sales" : 26.79,
    "salesGrowthYoY" : 43.57,
    "grossProfitMargin" : 67.86,
    "grossProfit" : 18.18,
    "operatingProfitMargin" : 31.95,
    "operatingProfit" : 8.56,
    "netProfitMargin" : 20.19,
    "netProfit" : 5.41
  }, {
    "date" : "2007-06-30",
    "sales" : 27.96,
    "salesGrowthYoY" : 44.05,
    "grossProfitMargin" : 61.91,
    "grossProfit" : 17.31,
    "operatingProfitMargin" : 19.64,
    "operatingProfit" : 5.49,
    "netProfitMargin" : 10.26,
    "netProfit" : 2.87
  }, {
    "date" : "2007-09-30",
    "sales" : 34.73,
    "salesGrowthYoY" : 77.19,
    "grossProfitMargin" : 56.64,
    "grossProfit" : 19.67,
    "operatingProfitMargin" : 18.31,
    "operatingProfit" : 6.36,
    "netProfitMargin" : 9.88,
    "netProfit" : 3.43
  }, {
    "date" : "2007-12-31",
    "sales" : 41.84,
    "salesGrowthYoY" : 67.49,
    "grossProfitMargin" : 61.85,
    "grossProfit" : 25.88,
    "operatingProfitMargin" : 18.24,
    "operatingProfit" : 7.63,
    "netProfitMargin" : 11.23,
    "netProfit" : 4.70
  }, {
    "date" : "2008-03-31",
    "sales" : 40.99,
    "salesGrowthYoY" : 53.00,
    "grossProfitMargin" : 82.80,
    "grossProfit" : 33.94,
    "operatingProfitMargin" : 28.18,
    "operatingProfit" : 11.55,
    "netProfitMargin" : 12.71,
    "netProfit" : 5.21
  }, {
    "date" : "2008-06-30",
    "sales" : 43.36,
    "salesGrowthYoY" : 55.08,
    "grossProfitMargin" : 55.63,
    "grossProfit" : 24.12,
    "operatingProfitMargin" : 15.13,
    "operatingProfit" : 6.56,
    "netProfitMargin" : 6.90,
    "netProfit" : 2.99
  }, {
    "date" : "2008-09-30",
    "sales" : 45.73,
    "salesGrowthYoY" : 31.67,
    "grossProfitMargin" : 51.83,
    "grossProfit" : 23.70,
    "operatingProfitMargin" : 21.04,
    "operatingProfit" : 9.62,
    "netProfitMargin" : 11.31,
    "netProfit" : 5.17
  }, {
    "date" : "2008-12-31",
    "sales" : 64.21,
    "salesGrowthYoY" : 53.47,
    "grossProfitMargin" : 62.20,
    "grossProfit" : 39.94,
    "operatingProfitMargin" : 19.08,
    "operatingProfit" : 12.25,
    "netProfitMargin" : 9.42,
    "netProfit" : 6.05
  }, {
    "date" : "2009-03-31",
    "sales" : 89.31,
    "salesGrowthYoY" : 117.88,
    "grossProfitMargin" : 69.80,
    "grossProfit" : 62.34,
    "operatingProfitMargin" : 19.68,
    "operatingProfit" : 17.58,
    "netProfitMargin" : 7.87,
    "netProfit" : 7.03
  }, {
    "date" : "2009-06-30",
    "sales" : 59.38,
    "salesGrowthYoY" : 36.95,
    "grossProfitMargin" : 46.92,
    "grossProfit" : 27.86,
    "operatingProfitMargin" : 12.92,
    "operatingProfit" : 7.67,
    "netProfitMargin" : 4.82,
    "netProfit" : 2.86
  }, {
    "date" : "2009-09-30",
    "sales" : 61.36,
    "salesGrowthYoY" : 34.18,
    "grossProfitMargin" : 53.21,
    "grossProfit" : 32.65,
    "operatingProfitMargin" : 21.27,
    "operatingProfit" : 13.05,
    "netProfitMargin" : 6.62,
    "netProfit" : 4.06
  }, {
    "date" : "2009-12-31",
    "sales" : 107.45,
    "salesGrowthYoY" : 67.34,
    "grossProfitMargin" : 56.54,
    "grossProfit" : 60.75,
    "operatingProfitMargin" : 18.57,
    "operatingProfit" : 19.95,
    "netProfitMargin" : 8.68,
    "netProfit" : 9.33
  }, {
    "date" : "2010-03-31",
    "sales" : 126.23,
    "salesGrowthYoY" : 41.34,
    "grossProfitMargin" : 61.67,
    "grossProfit" : 77.85,
    "operatingProfitMargin" : 30.88,
    "operatingProfit" : 38.98,
    "netProfitMargin" : 13.36,
    "netProfit" : 16.86
  }, {
    "date" : "2010-06-30",
    "sales" : 70.37,
    "salesGrowthYoY" : 18.51,
    "grossProfitMargin" : 72.56,
    "grossProfit" : 51.06,
    "operatingProfitMargin" : 21.64,
    "operatingProfit" : 15.23,
    "netProfitMargin" : 5.29,
    "netProfit" : 3.72
  }, {
    "date" : "2010-09-30",
    "sales" : 92.33,
    "salesGrowthYoY" : 50.47,
    "grossProfitMargin" : 67.22,
    "grossProfit" : 62.06,
    "operatingProfitMargin" : 28.17,
    "operatingProfit" : 26.01,
    "netProfitMargin" : 8.13,
    "netProfit" : 7.51
  }, {
    "date" : "2010-12-31",
    "sales" : 90.18,
    "salesGrowthYoY" : -16.07,
    "grossProfitMargin" : 75.46,
    "grossProfit" : 68.05,
    "operatingProfitMargin" : 28.68,
    "operatingProfit" : 25.86,
    "netProfitMargin" : 11.37,
    "netProfit" : 10.25
  }, {
    "date" : "2011-03-31",
    "sales" : 98.89,
    "salesGrowthYoY" : -21.66,
    "grossProfitMargin" : 81.82,
    "grossProfit" : 80.91,
    "operatingProfitMargin" : 36.93,
    "operatingProfit" : 36.52,
    "netProfitMargin" : 13.58,
    "netProfit" : 13.43
  }, {
    "date" : "2011-06-30",
    "sales" : 91.48,
    "salesGrowthYoY" : 30.00,
    "grossProfitMargin" : 80.56,
    "grossProfit" : 73.70,
    "operatingProfitMargin" : 23.55,
    "operatingProfit" : 21.54,
    "netProfitMargin" : 3.21,
    "netProfit" : 2.94
  }, {
    "date" : "2011-09-30",
    "sales" : 119.63,
    "salesGrowthYoY" : 29.57,
    "grossProfitMargin" : 59.69,
    "grossProfit" : 71.41,
    "operatingProfitMargin" : 28.77,
    "operatingProfit" : 34.42,
    "netProfitMargin" : 8.77,
    "netProfit" : 10.49
  }, {
    "date" : "2011-12-31",
    "sales" : 119.42,
    "salesGrowthYoY" : 32.42,
    "grossProfitMargin" : 67.05,
    "grossProfit" : 80.07,
    "operatingProfitMargin" : 31.19,
    "operatingProfit" : 37.25,
    "netProfitMargin" : 9.23,
    "netProfit" : 11.02
  }, {
    "date" : "2012-03-31",
    "sales" : 126.73,
    "salesGrowthYoY" : 28.15,
    "grossProfitMargin" : 62.93,
    "grossProfit" : 79.75,
    "operatingProfitMargin" : 30.58,
    "operatingProfit" : 38.75,
    "netProfitMargin" : 11.28,
    "netProfit" : 14.30
  }, {
    "date" : "2012-06-30",
    "sales" : 120.21,
    "salesGrowthYoY" : 31.41,
    "grossProfitMargin" : 55.03,
    "grossProfit" : 66.15,
    "operatingProfitMargin" : 27.82,
    "operatingProfit" : 33.44,
    "netProfitMargin" : 8.80,
    "netProfit" : 10.58
  }, {
    "date" : "2012-09-30",
    "sales" : 143.59,
    "salesGrowthYoY" : 20.03,
    "grossProfitMargin" : 59.27,
    "grossProfit" : 85.11,
    "operatingProfitMargin" : 26.29,
    "operatingProfit" : 37.75,
    "netProfitMargin" : 8.27,
    "netProfit" : 11.87
  }, {
    "date" : "2012-12-31",
    "sales" : 146.60,
    "salesGrowthYoY" : 22.76,
    "grossProfitMargin" : 59.73,
    "grossProfit" : 87.56,
    "operatingProfitMargin" : 26.56,
    "operatingProfit" : 38.94,
    "netProfitMargin" : 8.89,
    "netProfit" : 13.03
  }, {
    "date" : "2013-03-31",
    "sales" : 158.66,
    "salesGrowthYoY" : 25.20,
    "grossProfitMargin" : 50.52,
    "grossProfit" : 80.16,
    "operatingProfitMargin" : 23.37,
    "operatingProfit" : 37.08,
    "netProfitMargin" : 9.36,
    "netProfit" : 14.85
  }, {
    "date" : "2013-06-30",
    "sales" : 142.93,
    "salesGrowthYoY" : 18.90,
    "grossProfitMargin" : 56.82,
    "grossProfit" : 81.21,
    "operatingProfitMargin" : 25.74,
    "operatingProfit" : 36.79,
    "netProfitMargin" : 11.15,
    "netProfit" : 15.94
  }, {
    "date" : "2013-09-30",
    "sales" : 146.90,
    "salesGrowthYoY" : 2.31,
    "grossProfitMargin" : 55.57,
    "grossProfit" : 81.63,
    "operatingProfitMargin" : 25.74,
    "operatingProfit" : 37.81,
    "netProfitMargin" : 9.38,
    "netProfit" : 13.78
  }, {
    "date" : "2013-12-31",
    "sales" : 164.52,
    "salesGrowthYoY" : 12.22,
    "grossProfitMargin" : 55.95,
    "grossProfit" : 92.05,
    "operatingProfitMargin" : 24.59,
    "operatingProfit" : 40.46,
    "netProfitMargin" : 8.75,
    "netProfit" : 14.40
  }, {
    "date" : "2014-03-31",
    "sales" : 161.66,
    "salesGrowthYoY" : 1.89,
    "grossProfitMargin" : 50.36,
    "grossProfit" : 81.41,
    "operatingProfitMargin" : 16.52,
    "operatingProfit" : 26.71,
    "netProfitMargin" : 2.78,
    "netProfit" : 4.49
  }, {
    "date" : "2014-06-30",
    "sales" : 159.77,
    "salesGrowthYoY" : 11.78,
    "grossProfitMargin" : 64.83,
    "grossProfit" : 103.58,
    "operatingProfitMargin" : 38.59,
    "operatingProfit" : 61.66,
    "netProfitMargin" : 18.67,
    "netProfit" : 29.83
  }, {
    "date" : "2014-09-30",
    "sales" : 126.56,
    "salesGrowthYoY" : -13.85,
    "grossProfitMargin" : 56.67,
    "grossProfit" : 71.72,
    "operatingProfitMargin" : 19.93,
    "operatingProfit" : 25.22,
    "netProfitMargin" : 0.29,
    "netProfit" : 0.37
  }, {
    "date" : "2014-12-31",
    "sales" : 154.94,
    "salesGrowthYoY" : -5.82,
    "grossProfitMargin" : 35.32,
    "grossProfit" : 54.72,
    "operatingProfitMargin" : 12.48,
    "operatingProfit" : 19.34,
    "netProfitMargin" : -3.57,
    "netProfit" : -5.53
  }, {
    "date" : "2015-03-31",
    "sales" : 110.06,
    "salesGrowthYoY" : -31.92,
    "grossProfitMargin" : 45.77,
    "grossProfit" : 50.37,
    "operatingProfitMargin" : -19.90,
    "operatingProfit" : -21.90,
    "netProfitMargin" : -53.76,
    "netProfit" : -59.17
  }, {
    "date" : "2015-06-30",
    "sales" : 95.80,
    "salesGrowthYoY" : -40.04,
    "grossProfitMargin" : 45.74,
    "grossProfit" : 43.82,
    "operatingProfitMargin" : -4.20,
    "operatingProfit" : -4.02,
    "netProfitMargin" : -40.17,
    "netProfit" : -38.48
  }, {
    "date" : "2015-09-30",
    "sales" : 83.33,
    "salesGrowthYoY" : -34.16,
    "grossProfitMargin" : 35.13,
    "grossProfit" : 29.27,
    "operatingProfitMargin" : -32.76,
    "operatingProfit" : -27.30,
    "netProfitMargin" : -82.34,
    "netProfit" : -68.61
  }, {
    "date" : "2015-12-31",
    "sales" : 103.59,
    "salesGrowthYoY" : -33.14,
    "grossProfitMargin" : 37.45,
    "grossProfit" : 38.79,
    "operatingProfitMargin" : -17.41,
    "operatingProfit" : -18.04,
    "netProfitMargin" : -53.06,
    "netProfit" : -54.96
  }, {
    "date" : "2016-03-31",
    "sales" : 89.67,
    "salesGrowthYoY" : -18.53,
    "grossProfitMargin" : 55.31,
    "grossProfit" : 49.60,
    "operatingProfitMargin" : -62.59,
    "operatingProfit" : -56.12,
    "netProfitMargin" : -109.89,
    "netProfit" : -98.54
  }, {
    "date" : "2016-06-30",
    "sales" : 71.17,
    "salesGrowthYoY" : -25.71,
    "grossProfitMargin" : 32.27,
    "grossProfit" : 22.97,
    "operatingProfitMargin" : -27.29,
    "operatingProfit" : -19.42,
    "netProfitMargin" : -85.34,
    "netProfit" : -60.74
  }, {
    "date" : "2016-09-30",
    "sales" : 90.91,
    "salesGrowthYoY" : 9.10,
    "grossProfitMargin" : 37.09,
    "grossProfit" : 33.72,
    "operatingProfitMargin" : -14.99,
    "operatingProfit" : -13.63,
    "netProfitMargin" : -61.60,
    "netProfit" : -56.00
  }, {
    "date" : "2016-12-31",
    "sales" : 105.10,
    "salesGrowthYoY" : 1.46,
    "grossProfitMargin" : 50.60,
    "grossProfit" : 53.18,
    "operatingProfitMargin" : -8.14,
    "operatingProfit" : -8.56,
    "netProfitMargin" : -47.89,
    "netProfit" : -50.33
  }, {
    "date" : "2017-03-31",
    "sales" : 110.02,
    "salesGrowthYoY" : 22.69,
    "grossProfitMargin" : 27.54,
    "grossProfit" : 30.30,
    "operatingProfitMargin" : -43.49,
    "operatingProfit" : -47.85,
    "netProfitMargin" : -92.03,
    "netProfit" : -101.25
  }, {
    "date" : "2017-06-30",
    "sales" : 47.60,
    "salesGrowthYoY" : -33.12,
    "grossProfitMargin" : 45.78,
    "grossProfit" : 21.79,
    "operatingProfitMargin" : -40.82,
    "operatingProfit" : -19.43,
    "netProfitMargin" : -127.77,
    "netProfit" : -60.82
  }, {
    "date" : "2017-09-30",
    "sales" : 97.08,
    "salesGrowthYoY" : 6.79,
    "grossProfitMargin" : 75.23,
    "grossProfit" : 73.03,
    "operatingProfitMargin" : 43.09,
    "operatingProfit" : 41.83,
    "netProfitMargin" : -0.54,
    "netProfit" : -0.52
  }, {
    "date" : "2017-12-31",
    "sales" : 74.22,
    "salesGrowthYoY" : -29.38,
    "grossProfitMargin" : 48.68,
    "grossProfit" : 36.13,
    "operatingProfitMargin" : 15.23,
    "operatingProfit" : 11.30,
    "netProfitMargin" : -41.71,
    "netProfit" : -30.96
  }, {
    "date" : "2018-03-31",
    "sales" : 98.07,
    "salesGrowthYoY" : -10.86,
    "grossProfitMargin" : 45.60,
    "grossProfit" : 44.72,
    "operatingProfitMargin" : -98.61,
    "operatingProfit" : -96.71,
    "netProfitMargin" : -107.76,
    "netProfit" : -105.68
  }, {
    "date" : "2018-06-30",
    "sales" : 66.11,
    "salesGrowthYoY" : 38.89,
    "grossProfitMargin" : 63.94,
    "grossProfit" : 42.27,
    "operatingProfitMargin" : -8.56,
    "operatingProfit" : -5.66,
    "netProfitMargin" : -73.33,
    "netProfit" : -48.48
  }, {
    "date" : "2018-09-30",
    "sales" : 99.22,
    "salesGrowthYoY" : 2.20,
    "grossProfitMargin" : 59.12,
    "grossProfit" : 58.66,
    "operatingProfitMargin" : -4.14,
    "operatingProfit" : -4.11,
    "netProfitMargin" : -47.01,
    "netProfit" : -46.64
  }, {
    "date" : "2018-12-31",
    "sales" : 147.14,
    "salesGrowthYoY" : 98.25,
    "grossProfitMargin" : 49.34,
    "grossProfit" : 72.60,
    "operatingProfitMargin" : 6.48,
    "operatingProfit" : 9.53,
    "netProfitMargin" : -36.02,
    "netProfit" : -53.00
  }, {
    "date" : "2019-03-31",
    "sales" : 176.59,
    "salesGrowthYoY" : 80.07,
    "grossProfitMargin" : 58.63,
    "grossProfit" : 103.53,
    "operatingProfitMargin" : 29.72,
    "operatingProfit" : 52.48,
    "netProfitMargin" : -0.42,
    "netProfit" : -0.74
  }, {
    "date" : "2019-06-30",
    "sales" : 119.83,
    "salesGrowthYoY" : 81.26,
    "grossProfitMargin" : 59.12,
    "grossProfit" : 70.84,
    "operatingProfitMargin" : 15.20,
    "operatingProfit" : 18.21,
    "netProfitMargin" : -27.36,
    "netProfit" : -32.79
  }, {
    "date" : "2019-09-30",
    "sales" : 210.48,
    "salesGrowthYoY" : 112.13,
    "grossProfitMargin" : 37.01,
    "grossProfit" : 77.90,
    "operatingProfitMargin" : 10.43,
    "operatingProfit" : 21.95,
    "netProfitMargin" : -14.97,
    "netProfit" : -31.51
  }, {
    "date" : "2019-12-31",
    "sales" : 162.31,
    "salesGrowthYoY" : 10.31,
    "grossProfitMargin" : 49.03,
    "grossProfit" : 79.58,
    "operatingProfitMargin" : 11.12,
    "operatingProfit" : 18.05,
    "netProfitMargin" : -22.04,
    "netProfit" : -35.77
  }, {
    "date" : "2020-03-31",
    "sales" : 155.93,
    "salesGrowthYoY" : -11.70,
    "grossProfitMargin" : 45.40,
    "grossProfit" : 70.79,
    "operatingProfitMargin" : -42.97,
    "operatingProfit" : -67.00,
    "netProfitMargin" : -29.74,
    "netProfit" : -46.37
  }, {
    "date" : "2020-06-30",
    "sales" : 56.38,
    "salesGrowthYoY" : -52.95,
    "grossProfitMargin" : 56.58,
    "grossProfit" : 31.90,
    "operatingProfitMargin" : 8.57,
    "operatingProfit" : 4.83,
    "netProfitMargin" : -33.68,
    "netProfit" : -18.99
  }, {
    "date" : "2020-09-30",
    "sales" : 132.41,
    "salesGrowthYoY" : -37.09,
    "grossProfitMargin" : 52.40,
    "grossProfit" : 69.38,
    "operatingProfitMargin" : 16.57,
    "operatingProfit" : 21.94,
    "netProfitMargin" : 1.14,
    "netProfit" : 1.51
  }, {
    "date" : "2020-12-31",
    "sales" : 167.62,
    "salesGrowthYoY" : 3.27,
    "grossProfitMargin" : 50.50,
    "grossProfit" : 84.65,
    "operatingProfitMargin" : 14.12,
    "operatingProfit" : 23.67,
    "netProfitMargin" : 0.52,
    "netProfit" : 0.87
  }, {
    "date" : "2021-03-31",
    "sales" : 192.34,
    "salesGrowthYoY" : 23.35,
    "grossProfitMargin" : 44.42,
    "grossProfit" : 85.44,
    "operatingProfitMargin" : 2.82,
    "operatingProfit" : 5.42,
    "netProfitMargin" : -6.34,
    "netProfit" : -12.19
  }, {
    "date" : "2021-06-30",
    "sales" : 135.30,
    "salesGrowthYoY" : 139.98,
    "grossProfitMargin" : 56.13,
    "grossProfit" : 75.94,
    "operatingProfitMargin" : 19.22,
    "operatingProfit" : 26.00,
    "netProfitMargin" : 3.07,
    "netProfit" : 4.15
  }, {
    "date" : "2021-09-30",
    "sales" : 201.11,
    "salesGrowthYoY" : 51.88,
    "grossProfitMargin" : 48.84,
    "grossProfit" : 98.22,
    "operatingProfitMargin" : 13.73,
    "operatingProfit" : 27.61,
    "netProfitMargin" : 4.86,
    "netProfit" : 9.77
  }, {
    "date" : "2021-12-31",
    "sales" : 205.90,
    "salesGrowthYoY" : 22.84,
    "grossProfitMargin" : 53.03,
    "grossProfit" : 109.19,
    "operatingProfitMargin" : 14.69,
    "operatingProfit" : 30.25,
    "netProfitMargin" : 4.24,
    "netProfit" : 8.73
  }, {
    "date" : "2022-03-31",
    "sales" : 241.06,
    "salesGrowthYoY" : 25.33,
    "grossProfitMargin" : 48.79,
    "grossProfit" : 117.61,
    "operatingProfitMargin" : 8.52,
    "operatingProfit" : 20.54,
    "netProfitMargin" : 2.66,
    "netProfit" : 6.41
  }, {
    "date" : "2022-06-30",
    "sales" : 229.55,
    "salesGrowthYoY" : 69.66,
    "grossProfitMargin" : 45.08,
    "grossProfit" : 103.48,
    "operatingProfitMargin" : 8.97,
    "operatingProfit" : 20.59,
    "netProfitMargin" : 0.30,
    "netProfit" : 0.69
  }, {
    "date" : "2022-09-30",
    "sales" : 274.05,
    "salesGrowthYoY" : 36.27,
    "grossProfitMargin" : 49.19,
    "grossProfit" : 134.81,
    "operatingProfitMargin" : 11.47,
    "operatingProfit" : 31.43,
    "netProfitMargin" : 4.92,
    "netProfit" : 13.48
  }, {
    "date" : "2022-12-31",
    "sales" : 303.29,
    "salesGrowthYoY" : 47.30,
    "grossProfitMargin" : 49.44,
    "grossProfit" : 149.95,
    "operatingProfitMargin" : 13.28,
    "operatingProfit" : 40.28,
    "netProfitMargin" : 8.01,
    "netProfit" : 24.29
  }, {
    "date" : "2023-03-31",
    "sales" : 357.43,
    "salesGrowthYoY" : 48.27,
    "grossProfitMargin" : 44.72,
    "grossProfit" : 159.84,
    "operatingProfitMargin" : 11.55,
    "operatingProfit" : 41.28,
    "netProfitMargin" : 8.54,
    "netProfit" : 30.52
  }, {
    "date" : "2023-06-30",
    "sales" : 304.10,
    "salesGrowthYoY" : 32.48,
    "grossProfitMargin" : 50.35,
    "grossProfit" : 153.11,
    "operatingProfitMargin" : 11.31,
    "operatingProfit" : 34.39,
    "netProfitMargin" : 7.24,
    "netProfit" : 22.02
  }, {
    "date" : "2023-09-30",
    "sales" : 354.39,
    "salesGrowthYoY" : 29.32,
    "grossProfitMargin" : 48.74,
    "grossProfit" : 172.73,
    "operatingProfitMargin" : 13.85,
    "operatingProfit" : 49.08,
    "netProfitMargin" : 9.69,
    "netProfit" : 34.34
  }, {
    "date" : "2023-12-31",
    "sales" : 376.69,
    "salesGrowthYoY" : 24.20,
    "grossProfitMargin" : 49.19,
    "grossProfit" : 185.29,
    "operatingProfitMargin" : 13.98,
    "operatingProfit" : 52.66,
    "netProfitMargin" : 12.10,
    "netProfit" : 45.58
  }, {
    "date" : "2024-03-31",
    "sales" : 358.78,
    "salesGrowthYoY" : 0.38,
    "grossProfitMargin" : 48.50,
    "grossProfit" : 174.01,
    "operatingProfitMargin" : 14.86,
    "operatingProfit" : 53.31,
    "netProfitMargin" : 12.28,
    "netProfit" : 44.06
  }, {
    "date" : "2024-06-30",
    "sales" : 313.06,
    "salesGrowthYoY" : 2.95,
    "grossProfitMargin" : 49.58,
    "grossProfit" : 155.22,
    "operatingProfitMargin" : 15.96,
    "operatingProfit" : 49.96,
    "netProfitMargin" : 12.89,
    "netProfit" : 40.35
  }, {
    "date" : "2024-09-30",
    "sales" : 374.86,
    "salesGrowthYoY" : 5.78,
    "grossProfitMargin" : 52.18,
    "grossProfit" : 195.60,
    "operatingProfitMargin" : 17.47,
    "operatingProfit" : 65.49,
    "netProfitMargin" : 15.37,
    "netProfit" : 57.62
  }, {
    "date" : "2024-12-31",
    "sales" : 340.43,
    "salesGrowthYoY" : -9.63,
    "grossProfitMargin" : 46.47,
    "grossProfit" : 158.20,
    "operatingProfitMargin" : 17.67,
    "operatingProfit" : 60.15,
    "netProfitMargin" : 15.99,
    "netProfit" : 54.43
  }, {
    "date" : "2025-03-31",
    "sales" : 405.81,
    "salesGrowthYoY" : 13.11,
    "grossProfitMargin" : 48.78,
    "grossProfit" : 197.95,
    "operatingProfitMargin" : 19.20,
    "operatingProfit" : 77.92,
    "netProfitMargin" : 18.97,
    "netProfit" : 76.98
  }, {
    "date" : "2025-06-30",
    "sales" : 409.14,
    "salesGrowthYoY" : 30.69,
    "grossProfitMargin" : 51.91,
    "grossProfit" : 212.38,
    "operatingProfitMargin" : 22.93,
    "operatingProfit" : 93.82,
    "netProfitMargin" : 21.62,
    "netProfit" : 88.46
  }, {
    "date" : "2025-09-30",
    "sales" : 398.22,
    "salesGrowthYoY" : 6.23,
    "grossProfitMargin" : 48.26,
    "grossProfit" : 192.18,
    "operatingProfitMargin" : 14.98,
    "operatingProfit" : 59.65,
    "netProfitMargin" : 13.39,
    "netProfit" : 53.32
  }, {
    "date" : "2025-12-31",
    "sales" : 663.74,
    "salesGrowthYoY" : 94.97,
    "grossProfitMargin" : 49.35,
    "grossProfit" : 327.56,
    "operatingProfitMargin" : 16.56,
    "operatingProfit" : 109.92,
    "netProfitMargin" : 9.80,
    "netProfit" : 65.05
  } ],
  "latestQuarterlyResult" : {
    "date" : "2025-12-31",
    "sales" : 663.74,
    "salesGrowthYoY" : 94.97,
    "grossProfitMargin" : 49.35,
    "grossProfit" : 327.56,
    "operatingProfitMargin" : 16.56,
    "operatingProfit" : 109.92,
    "netProfitMargin" : 9.80,
    "netProfit" : 65.05
  },
  "companyScore" : {
    "priceHigherThanDma50" : 5.00,
    "priceHigherThanDma100" : 0.00,
    "priceHigherThanDma200" : 5.00,
    "dma50HigherThanDma100" : 0.00,
    "dma50HigherThanDma200" : 5.00,
    "dma100HigherThanDma200" : 5.00,
    "pricePercentageAboveDma50" : 4.94,
    "pricePercentageAboveDma100" : 5.12,
    "pricePercentageAboveDma200" : 4.73,
    "weeklyVolumeHigherThanYearlyVolume" : 0.00,
    "salesGrowthPercentile" : 19.00,
    "operatingProfitMarginPercentile" : 16.26,
    "netProfitMarginPercentile" : 9.21,
    "totalTechnicalScore" : 34.79,
    "totalFundamentalScore" : 44.46,
    "totalScore" : 79.25
  }
}