{
  "metadata" : {
    "screenerCompanyId" : "3429",
    "companyCode" : "TIPSMUSIC",
    "companyName" : "Tips Music",
    "screenerCompanyLink" : "https://www.screener.in/company/TIPSMUSIC/",
    "screenerTechnicalHistoryLink" : "https://www.screener.in/api/company/3429/chart/?q=Price-DMA50-DMA200-Volume&days=365",
    "screenerQuarterlyResultsLink" : "https://www.screener.in/api/company/3429/chart/?q=GPM-OPM-NPM-Quarter+Sales&days=10000",
    "attributes" : {
      "companyCode" : "TIPSMUSIC",
      "companyName" : "Tips Music",
      "marketCap" : 6941.00,
      "peRatio" : 36.90,
      "description" : "Tips Industries Limited, incorporated in 1996, is engaged in the business of Production and Distribution of motion Pictures and acquisition and exploitation of Music of Rights. The co is also a leading producer of Punjabi films in the country. [1][2]"
    },
    "companyScore" : {
      "priceHigherThanDma50" : 5.00,
      "priceHigherThanDma100" : 5.00,
      "priceHigherThanDma200" : 0.00,
      "dma50HigherThanDma100" : 0.00,
      "dma50HigherThanDma200" : 0.00,
      "dma100HigherThanDma200" : 0.00,
      "pricePercentageAboveDma50" : 4.92,
      "pricePercentageAboveDma100" : 4.98,
      "pricePercentageAboveDma200" : 5.28,
      "weeklyVolumeHigherThanYearlyVolume" : 0.00,
      "salesGrowthPercentile" : 9.00,
      "operatingProfitMarginPercentile" : 19.52,
      "netProfitMarginPercentile" : 9.64,
      "totalTechnicalScore" : 25.17,
      "totalFundamentalScore" : 38.17,
      "totalScore" : 63.34
    }
  },
  "attributes" : {
    "companyCode" : "TIPSMUSIC",
    "companyName" : "Tips Music",
    "marketCap" : 6941.00,
    "peRatio" : 36.90,
    "description" : "Tips Industries Limited, incorporated in 1996, is engaged in the business of Production and Distribution of motion Pictures and acquisition and exploitation of Music of Rights. The co is also a leading producer of Punjabi films in the country. [1][2]"
  },
  "technicalHistory" : [ {
    "date" : "2025-01-31",
    "price" : 643.65,
    "dma50" : 731.09,
    "dma100" : null,
    "dma200" : 668.64,
    "volume" : 276421.00
  }, {
    "date" : "2025-02-01",
    "price" : 682.90,
    "dma50" : 729.20,
    "dma100" : null,
    "dma200" : 668.78,
    "volume" : 273282.00
  }, {
    "date" : "2025-02-03",
    "price" : 674.50,
    "dma50" : 727.06,
    "dma100" : null,
    "dma200" : 668.84,
    "volume" : 521080.00
  }, {
    "date" : "2025-02-04",
    "price" : 690.70,
    "dma50" : 725.63,
    "dma100" : null,
    "dma200" : 669.05,
    "volume" : 387884.00
  }, {
    "date" : "2025-02-05",
    "price" : 724.35,
    "dma50" : 725.58,
    "dma100" : null,
    "dma200" : 669.60,
    "volume" : 708661.00
  }, {
    "date" : "2025-02-06",
    "price" : 699.00,
    "dma50" : 724.54,
    "dma100" : null,
    "dma200" : 669.90,
    "volume" : 239205.00
  }, {
    "date" : "2025-02-07",
    "price" : 681.05,
    "dma50" : 722.83,
    "dma100" : null,
    "dma200" : 670.01,
    "volume" : 202278.00
  }, {
    "date" : "2025-02-10",
    "price" : 650.00,
    "dma50" : 719.98,
    "dma100" : null,
    "dma200" : 669.81,
    "volume" : 287768.00
  }, {
    "date" : "2025-02-11",
    "price" : 624.05,
    "dma50" : 716.22,
    "dma100" : null,
    "dma200" : 669.35,
    "volume" : 224393.00
  }, {
    "date" : "2025-02-12",
    "price" : 644.10,
    "dma50" : 713.39,
    "dma100" : null,
    "dma200" : 669.10,
    "volume" : 288600.00
  }, {
    "date" : "2025-02-13",
    "price" : 679.00,
    "dma50" : 712.04,
    "dma100" : null,
    "dma200" : 669.20,
    "volume" : 226755.00
  }, {
    "date" : "2025-02-14",
    "price" : 662.85,
    "dma50" : 710.11,
    "dma100" : null,
    "dma200" : 669.14,
    "volume" : 178396.00
  }, {
    "date" : "2025-02-17",
    "price" : 649.75,
    "dma50" : 707.74,
    "dma100" : null,
    "dma200" : 668.94,
    "volume" : 186060.00
  }, {
    "date" : "2025-02-18",
    "price" : 644.50,
    "dma50" : 705.26,
    "dma100" : null,
    "dma200" : 668.70,
    "volume" : 225931.00
  }, {
    "date" : "2025-02-19",
    "price" : 663.85,
    "dma50" : 703.64,
    "dma100" : null,
    "dma200" : 668.65,
    "volume" : 212037.00
  }, {
    "date" : "2025-02-20",
    "price" : 668.60,
    "dma50" : 702.26,
    "dma100" : null,
    "dma200" : 668.65,
    "volume" : 138928.00
  }, {
    "date" : "2025-02-21",
    "price" : 663.85,
    "dma50" : 700.76,
    "dma100" : null,
    "dma200" : 668.60,
    "volume" : 147607.00
  }, {
    "date" : "2025-02-24",
    "price" : 656.25,
    "dma50" : 699.01,
    "dma100" : null,
    "dma200" : 668.48,
    "volume" : 242354.00
  }, {
    "date" : "2025-02-25",
    "price" : 630.90,
    "dma50" : 696.34,
    "dma100" : null,
    "dma200" : 668.11,
    "volume" : 320505.00
  }, {
    "date" : "2025-02-27",
    "price" : 605.15,
    "dma50" : 692.77,
    "dma100" : null,
    "dma200" : 667.48,
    "volume" : 472509.00
  }, {
    "date" : "2025-02-28",
    "price" : 591.05,
    "dma50" : 688.78,
    "dma100" : null,
    "dma200" : 666.72,
    "volume" : 526318.00
  }, {
    "date" : "2025-03-03",
    "price" : 580.25,
    "dma50" : 684.52,
    "dma100" : null,
    "dma200" : 665.86,
    "volume" : 416401.00
  }, {
    "date" : "2025-03-04",
    "price" : 615.75,
    "dma50" : 681.82,
    "dma100" : null,
    "dma200" : 665.36,
    "volume" : 622832.00
  }, {
    "date" : "2025-03-05",
    "price" : 619.15,
    "dma50" : 679.37,
    "dma100" : null,
    "dma200" : 664.90,
    "volume" : 635100.00
  }, {
    "date" : "2025-03-06",
    "price" : 634.65,
    "dma50" : 677.61,
    "dma100" : null,
    "dma200" : 664.60,
    "volume" : 263758.00
  }, {
    "date" : "2025-03-07",
    "price" : 636.05,
    "dma50" : 675.98,
    "dma100" : null,
    "dma200" : 664.32,
    "volume" : 196754.00
  }, {
    "date" : "2025-03-10",
    "price" : 635.85,
    "dma50" : 674.41,
    "dma100" : null,
    "dma200" : 664.03,
    "volume" : 196772.00
  }, {
    "date" : "2025-03-11",
    "price" : 643.05,
    "dma50" : 673.18,
    "dma100" : null,
    "dma200" : 663.83,
    "volume" : 232882.00
  }, {
    "date" : "2025-03-12",
    "price" : 622.70,
    "dma50" : 671.20,
    "dma100" : null,
    "dma200" : 663.42,
    "volume" : 207704.00
  }, {
    "date" : "2025-03-13",
    "price" : 620.30,
    "dma50" : 669.20,
    "dma100" : null,
    "dma200" : 662.99,
    "volume" : 118989.00
  }, {
    "date" : "2025-03-17",
    "price" : 624.00,
    "dma50" : 667.43,
    "dma100" : null,
    "dma200" : 662.60,
    "volume" : 135372.00
  }, {
    "date" : "2025-03-18",
    "price" : 652.25,
    "dma50" : 666.84,
    "dma100" : null,
    "dma200" : 662.50,
    "volume" : 289409.00
  }, {
    "date" : "2025-03-19",
    "price" : 650.15,
    "dma50" : 666.18,
    "dma100" : null,
    "dma200" : 662.37,
    "volume" : 256295.00
  }, {
    "date" : "2025-03-20",
    "price" : 672.45,
    "dma50" : 666.43,
    "dma100" : null,
    "dma200" : 662.47,
    "volume" : 321371.00
  }, {
    "date" : "2025-03-21",
    "price" : 685.30,
    "dma50" : 667.17,
    "dma100" : null,
    "dma200" : 662.70,
    "volume" : 313136.00
  }, {
    "date" : "2025-03-24",
    "price" : 665.00,
    "dma50" : 667.08,
    "dma100" : null,
    "dma200" : 662.72,
    "volume" : 292972.00
  }, {
    "date" : "2025-03-25",
    "price" : 652.50,
    "dma50" : 666.51,
    "dma100" : null,
    "dma200" : 662.62,
    "volume" : 161131.00
  }, {
    "date" : "2025-03-26",
    "price" : 625.85,
    "dma50" : 664.92,
    "dma100" : null,
    "dma200" : 662.26,
    "volume" : 178670.00
  }, {
    "date" : "2025-03-27",
    "price" : 658.60,
    "dma50" : 664.67,
    "dma100" : null,
    "dma200" : 662.22,
    "volume" : 335399.00
  }, {
    "date" : "2025-03-28",
    "price" : 632.25,
    "dma50" : 663.40,
    "dma100" : null,
    "dma200" : 661.92,
    "volume" : 196250.00
  }, {
    "date" : "2025-04-01",
    "price" : 652.30,
    "dma50" : 662.96,
    "dma100" : null,
    "dma200" : 661.83,
    "volume" : 188797.00
  }, {
    "date" : "2025-04-02",
    "price" : 672.10,
    "dma50" : 663.32,
    "dma100" : null,
    "dma200" : 661.93,
    "volume" : 265016.00
  }, {
    "date" : "2025-04-03",
    "price" : 659.35,
    "dma50" : 663.16,
    "dma100" : null,
    "dma200" : 661.90,
    "volume" : 144260.00
  }, {
    "date" : "2025-04-04",
    "price" : 652.80,
    "dma50" : 662.76,
    "dma100" : null,
    "dma200" : 661.81,
    "volume" : 163259.00
  }, {
    "date" : "2025-04-07",
    "price" : 628.75,
    "dma50" : 661.42,
    "dma100" : null,
    "dma200" : 661.48,
    "volume" : 205472.00
  }, {
    "date" : "2025-04-08",
    "price" : 632.80,
    "dma50" : 660.30,
    "dma100" : null,
    "dma200" : 661.20,
    "volume" : 142109.00
  }, {
    "date" : "2025-04-09",
    "price" : 634.95,
    "dma50" : 659.31,
    "dma100" : null,
    "dma200" : 660.94,
    "volume" : 176023.00
  }, {
    "date" : "2025-04-11",
    "price" : 641.15,
    "dma50" : 658.60,
    "dma100" : null,
    "dma200" : 660.74,
    "volume" : 171187.00
  }, {
    "date" : "2025-04-15",
    "price" : 647.90,
    "dma50" : 658.18,
    "dma100" : null,
    "dma200" : 660.61,
    "volume" : 80353.00
  }, {
    "date" : "2025-04-16",
    "price" : 664.55,
    "dma50" : 658.43,
    "dma100" : null,
    "dma200" : 660.65,
    "volume" : 165138.00
  }, {
    "date" : "2025-04-17",
    "price" : 662.10,
    "dma50" : 658.57,
    "dma100" : null,
    "dma200" : 660.66,
    "volume" : 126960.00
  }, {
    "date" : "2025-04-21",
    "price" : 660.60,
    "dma50" : 658.65,
    "dma100" : null,
    "dma200" : 660.66,
    "volume" : 161847.00
  }, {
    "date" : "2025-04-22",
    "price" : 687.60,
    "dma50" : 659.79,
    "dma100" : null,
    "dma200" : 660.93,
    "volume" : 328554.00
  }, {
    "date" : "2025-04-23",
    "price" : 660.45,
    "dma50" : 659.81,
    "dma100" : null,
    "dma200" : 660.93,
    "volume" : 709846.00
  }, {
    "date" : "2025-04-24",
    "price" : 649.95,
    "dma50" : 659.42,
    "dma100" : null,
    "dma200" : 660.82,
    "volume" : 621707.00
  }, {
    "date" : "2025-04-25",
    "price" : 640.40,
    "dma50" : 658.68,
    "dma100" : null,
    "dma200" : 660.62,
    "volume" : 278746.00
  }, {
    "date" : "2025-04-28",
    "price" : 645.70,
    "dma50" : 658.17,
    "dma100" : null,
    "dma200" : 660.47,
    "volume" : 152410.00
  }, {
    "date" : "2025-04-29",
    "price" : 642.75,
    "dma50" : 657.56,
    "dma100" : null,
    "dma200" : 660.29,
    "volume" : 154365.00
  }, {
    "date" : "2025-04-30",
    "price" : 629.55,
    "dma50" : 656.47,
    "dma100" : null,
    "dma200" : 659.98,
    "volume" : 163315.00
  }, {
    "date" : "2025-05-02",
    "price" : 628.40,
    "dma50" : 655.37,
    "dma100" : null,
    "dma200" : 659.67,
    "volume" : 133989.00
  }, {
    "date" : "2025-05-05",
    "price" : 645.50,
    "dma50" : 654.98,
    "dma100" : null,
    "dma200" : 659.53,
    "volume" : 188524.00
  }, {
    "date" : "2025-05-06",
    "price" : 623.55,
    "dma50" : 653.75,
    "dma100" : null,
    "dma200" : 659.17,
    "volume" : 165134.00
  }, {
    "date" : "2025-05-07",
    "price" : 629.30,
    "dma50" : 652.79,
    "dma100" : null,
    "dma200" : 658.87,
    "volume" : 205996.00
  }, {
    "date" : "2025-05-08",
    "price" : 613.45,
    "dma50" : 651.24,
    "dma100" : null,
    "dma200" : 658.42,
    "volume" : 131718.00
  }, {
    "date" : "2025-05-09",
    "price" : 605.65,
    "dma50" : 649.46,
    "dma100" : null,
    "dma200" : 657.90,
    "volume" : 171928.00
  }, {
    "date" : "2025-05-12",
    "price" : 629.15,
    "dma50" : 648.66,
    "dma100" : null,
    "dma200" : 657.61,
    "volume" : 184012.00
  }, {
    "date" : "2025-05-13",
    "price" : 635.20,
    "dma50" : 648.13,
    "dma100" : null,
    "dma200" : 657.39,
    "volume" : 101933.00
  }, {
    "date" : "2025-05-14",
    "price" : 648.45,
    "dma50" : 648.14,
    "dma100" : null,
    "dma200" : 657.30,
    "volume" : 133704.00
  }, {
    "date" : "2025-05-15",
    "price" : 641.45,
    "dma50" : 647.88,
    "dma100" : null,
    "dma200" : 657.14,
    "volume" : 148521.00
  }, {
    "date" : "2025-05-16",
    "price" : 637.80,
    "dma50" : 647.49,
    "dma100" : null,
    "dma200" : 656.95,
    "volume" : 126822.00
  }, {
    "date" : "2025-05-19",
    "price" : 635.80,
    "dma50" : 647.03,
    "dma100" : null,
    "dma200" : 656.74,
    "volume" : 128751.00
  }, {
    "date" : "2025-05-20",
    "price" : 640.15,
    "dma50" : 646.76,
    "dma100" : null,
    "dma200" : 656.57,
    "volume" : 326229.00
  }, {
    "date" : "2025-05-21",
    "price" : 652.80,
    "dma50" : 647.00,
    "dma100" : null,
    "dma200" : 656.54,
    "volume" : 290008.00
  }, {
    "date" : "2025-05-22",
    "price" : 676.80,
    "dma50" : 648.16,
    "dma100" : null,
    "dma200" : 656.74,
    "volume" : 349266.00
  }, {
    "date" : "2025-05-23",
    "price" : 665.05,
    "dma50" : 648.83,
    "dma100" : null,
    "dma200" : 656.82,
    "volume" : 153500.00
  }, {
    "date" : "2025-05-26",
    "price" : 677.95,
    "dma50" : 649.97,
    "dma100" : null,
    "dma200" : 657.03,
    "volume" : 168813.00
  }, {
    "date" : "2025-05-27",
    "price" : 667.95,
    "dma50" : 650.67,
    "dma100" : null,
    "dma200" : 657.14,
    "volume" : 112158.00
  }, {
    "date" : "2025-05-28",
    "price" : 663.95,
    "dma50" : 651.19,
    "dma100" : null,
    "dma200" : 657.21,
    "volume" : 75277.00
  }, {
    "date" : "2025-05-29",
    "price" : 647.55,
    "dma50" : 651.05,
    "dma100" : null,
    "dma200" : 657.11,
    "volume" : 166135.00
  }, {
    "date" : "2025-05-30",
    "price" : 650.20,
    "dma50" : 651.02,
    "dma100" : null,
    "dma200" : 657.04,
    "volume" : 239608.00
  }, {
    "date" : "2025-06-02",
    "price" : 645.00,
    "dma50" : 650.78,
    "dma100" : null,
    "dma200" : 656.92,
    "volume" : 77459.00
  }, {
    "date" : "2025-06-03",
    "price" : 641.25,
    "dma50" : 650.41,
    "dma100" : null,
    "dma200" : 656.77,
    "volume" : 194629.00
  }, {
    "date" : "2025-06-04",
    "price" : 671.95,
    "dma50" : 651.25,
    "dma100" : null,
    "dma200" : 656.92,
    "volume" : 529784.00
  }, {
    "date" : "2025-06-05",
    "price" : 704.35,
    "dma50" : 653.34,
    "dma100" : null,
    "dma200" : 657.39,
    "volume" : 637072.00
  }, {
    "date" : "2025-06-06",
    "price" : 685.00,
    "dma50" : 654.58,
    "dma100" : null,
    "dma200" : 657.66,
    "volume" : 335936.00
  }, {
    "date" : "2025-06-09",
    "price" : 694.70,
    "dma50" : 656.15,
    "dma100" : null,
    "dma200" : 658.03,
    "volume" : 356569.00
  }, {
    "date" : "2025-06-10",
    "price" : 688.35,
    "dma50" : 657.41,
    "dma100" : null,
    "dma200" : 658.33,
    "volume" : 253707.00
  }, {
    "date" : "2025-06-11",
    "price" : 687.55,
    "dma50" : 658.60,
    "dma100" : null,
    "dma200" : 658.62,
    "volume" : 146187.00
  }, {
    "date" : "2025-06-12",
    "price" : 675.25,
    "dma50" : 659.25,
    "dma100" : null,
    "dma200" : 658.79,
    "volume" : 163220.00
  }, {
    "date" : "2025-06-13",
    "price" : 673.95,
    "dma50" : 659.82,
    "dma100" : null,
    "dma200" : 658.94,
    "volume" : 135308.00
  }, {
    "date" : "2025-06-16",
    "price" : 670.30,
    "dma50" : 660.24,
    "dma100" : null,
    "dma200" : 659.05,
    "volume" : 105282.00
  }, {
    "date" : "2025-06-17",
    "price" : 676.20,
    "dma50" : 660.86,
    "dma100" : null,
    "dma200" : 659.22,
    "volume" : 176257.00
  }, {
    "date" : "2025-06-18",
    "price" : 667.25,
    "dma50" : 661.11,
    "dma100" : null,
    "dma200" : 659.30,
    "volume" : 80135.00
  }, {
    "date" : "2025-06-19",
    "price" : 651.65,
    "dma50" : 660.74,
    "dma100" : null,
    "dma200" : 659.23,
    "volume" : 86167.00
  }, {
    "date" : "2025-06-20",
    "price" : 658.85,
    "dma50" : 660.67,
    "dma100" : null,
    "dma200" : 659.22,
    "volume" : 79711.00
  }, {
    "date" : "2025-06-23",
    "price" : 658.85,
    "dma50" : 660.60,
    "dma100" : null,
    "dma200" : 659.22,
    "volume" : 103081.00
  }, {
    "date" : "2025-06-24",
    "price" : 662.35,
    "dma50" : 660.66,
    "dma100" : null,
    "dma200" : 659.25,
    "volume" : 123036.00
  }, {
    "date" : "2025-06-25",
    "price" : 677.00,
    "dma50" : 661.31,
    "dma100" : null,
    "dma200" : 659.43,
    "volume" : 102321.00
  }, {
    "date" : "2025-06-26",
    "price" : 671.10,
    "dma50" : 661.69,
    "dma100" : null,
    "dma200" : 659.54,
    "volume" : 143684.00
  }, {
    "date" : "2025-06-27",
    "price" : 673.95,
    "dma50" : 662.17,
    "dma100" : null,
    "dma200" : 659.69,
    "volume" : 57388.00
  }, {
    "date" : "2025-06-30",
    "price" : 672.95,
    "dma50" : 662.59,
    "dma100" : 653.02,
    "dma200" : 659.82,
    "volume" : 80113.00
  }, {
    "date" : "2025-07-01",
    "price" : 669.50,
    "dma50" : 662.86,
    "dma100" : 652.89,
    "dma200" : 659.92,
    "volume" : 70029.00
  }, {
    "date" : "2025-07-02",
    "price" : 665.30,
    "dma50" : 662.96,
    "dma100" : 652.80,
    "dma200" : 659.97,
    "volume" : 68067.00
  }, {
    "date" : "2025-07-03",
    "price" : 662.80,
    "dma50" : 662.95,
    "dma100" : 652.52,
    "dma200" : 660.00,
    "volume" : 101818.00
  }, {
    "date" : "2025-07-04",
    "price" : 667.85,
    "dma50" : 663.15,
    "dma100" : 651.95,
    "dma200" : 660.08,
    "volume" : 79613.00
  }, {
    "date" : "2025-07-07",
    "price" : 675.70,
    "dma50" : 663.64,
    "dma100" : 651.72,
    "dma200" : 660.23,
    "volume" : 136717.00
  }, {
    "date" : "2025-07-08",
    "price" : 650.30,
    "dma50" : 663.11,
    "dma100" : 651.41,
    "dma200" : 660.13,
    "volume" : 247863.00
  }, {
    "date" : "2025-07-09",
    "price" : 646.75,
    "dma50" : 662.47,
    "dma100" : 651.38,
    "dma200" : 660.00,
    "volume" : 138126.00
  }, {
    "date" : "2025-07-10",
    "price" : 639.75,
    "dma50" : 661.58,
    "dma100" : 651.54,
    "dma200" : 659.80,
    "volume" : 419078.00
  }, {
    "date" : "2025-07-11",
    "price" : 650.70,
    "dma50" : 661.15,
    "dma100" : 651.60,
    "dma200" : 659.71,
    "volume" : 281554.00
  }, {
    "date" : "2025-07-14",
    "price" : 652.75,
    "dma50" : 660.83,
    "dma100" : 651.34,
    "dma200" : 659.64,
    "volume" : 64944.00
  }, {
    "date" : "2025-07-15",
    "price" : 652.10,
    "dma50" : 660.48,
    "dma100" : 651.23,
    "dma200" : 659.56,
    "volume" : 248435.00
  }, {
    "date" : "2025-07-16",
    "price" : 634.05,
    "dma50" : 659.45,
    "dma100" : 651.07,
    "dma200" : 659.31,
    "volume" : 433537.00
  }, {
    "date" : "2025-07-17",
    "price" : 637.10,
    "dma50" : 658.57,
    "dma100" : 651.00,
    "dma200" : 659.09,
    "volume" : 224037.00
  }, {
    "date" : "2025-07-18",
    "price" : 636.25,
    "dma50" : 657.69,
    "dma100" : 650.72,
    "dma200" : 658.86,
    "volume" : 229229.00
  }, {
    "date" : "2025-07-21",
    "price" : 634.60,
    "dma50" : 656.79,
    "dma100" : 650.38,
    "dma200" : 658.62,
    "volume" : 103067.00
  }, {
    "date" : "2025-07-22",
    "price" : 631.50,
    "dma50" : 655.80,
    "dma100" : 650.06,
    "dma200" : 658.35,
    "volume" : 202872.00
  }, {
    "date" : "2025-07-23",
    "price" : 623.20,
    "dma50" : 654.52,
    "dma100" : 649.73,
    "dma200" : 658.00,
    "volume" : 186330.00
  }, {
    "date" : "2025-07-24",
    "price" : 625.85,
    "dma50" : 653.39,
    "dma100" : 649.68,
    "dma200" : 657.68,
    "volume" : 112820.00
  }, {
    "date" : "2025-07-25",
    "price" : 608.65,
    "dma50" : 651.64,
    "dma100" : 649.71,
    "dma200" : 657.19,
    "volume" : 218749.00
  }, {
    "date" : "2025-07-28",
    "price" : 599.75,
    "dma50" : 649.61,
    "dma100" : 649.80,
    "dma200" : 656.62,
    "volume" : 146340.00
  }, {
    "date" : "2025-07-29",
    "price" : 609.55,
    "dma50" : 648.03,
    "dma100" : 650.10,
    "dma200" : 656.15,
    "volume" : 151781.00
  }, {
    "date" : "2025-07-30",
    "price" : 602.00,
    "dma50" : 646.23,
    "dma100" : 649.96,
    "dma200" : 655.61,
    "volume" : 462369.00
  }, {
    "date" : "2025-07-31",
    "price" : 588.65,
    "dma50" : 643.97,
    "dma100" : 649.65,
    "dma200" : 654.95,
    "volume" : 517643.00
  }, {
    "date" : "2025-08-01",
    "price" : 582.25,
    "dma50" : 641.55,
    "dma100" : 649.13,
    "dma200" : 654.22,
    "volume" : 340478.00
  }, {
    "date" : "2025-08-04",
    "price" : 575.25,
    "dma50" : 638.95,
    "dma100" : 648.52,
    "dma200" : 653.44,
    "volume" : 172457.00
  }, {
    "date" : "2025-08-05",
    "price" : 592.50,
    "dma50" : 637.13,
    "dma100" : 648.09,
    "dma200" : 652.83,
    "volume" : 264242.00
  }, {
    "date" : "2025-08-06",
    "price" : 591.20,
    "dma50" : 635.33,
    "dma100" : 647.57,
    "dma200" : 652.22,
    "volume" : 578286.00
  }, {
    "date" : "2025-08-07",
    "price" : 584.20,
    "dma50" : 633.32,
    "dma100" : 647.18,
    "dma200" : 651.54,
    "volume" : 265066.00
  }, {
    "date" : "2025-08-08",
    "price" : 587.95,
    "dma50" : 631.54,
    "dma100" : 646.86,
    "dma200" : 650.91,
    "volume" : 236804.00
  }, {
    "date" : "2025-08-11",
    "price" : 583.95,
    "dma50" : 629.68,
    "dma100" : 646.46,
    "dma200" : 650.24,
    "volume" : 239961.00
  }, {
    "date" : "2025-08-12",
    "price" : 585.60,
    "dma50" : 627.95,
    "dma100" : 645.79,
    "dma200" : 649.60,
    "volume" : 122634.00
  }, {
    "date" : "2025-08-13",
    "price" : 586.15,
    "dma50" : 626.31,
    "dma100" : 645.15,
    "dma200" : 648.97,
    "volume" : 239234.00
  }, {
    "date" : "2025-08-14",
    "price" : 588.05,
    "dma50" : 624.81,
    "dma100" : 644.31,
    "dma200" : 648.36,
    "volume" : 171449.00
  }, {
    "date" : "2025-08-18",
    "price" : 592.20,
    "dma50" : 623.53,
    "dma100" : 643.38,
    "dma200" : 647.80,
    "volume" : 190181.00
  }, {
    "date" : "2025-08-19",
    "price" : 588.95,
    "dma50" : 622.17,
    "dma100" : 642.62,
    "dma200" : 647.22,
    "volume" : 149332.00
  }, {
    "date" : "2025-08-20",
    "price" : 590.15,
    "dma50" : 620.92,
    "dma100" : 641.99,
    "dma200" : 646.65,
    "volume" : 97918.00
  }, {
    "date" : "2025-08-21",
    "price" : 589.25,
    "dma50" : 619.68,
    "dma100" : 641.63,
    "dma200" : 646.08,
    "volume" : 127847.00
  }, {
    "date" : "2025-08-22",
    "price" : 581.60,
    "dma50" : 618.18,
    "dma100" : 640.86,
    "dma200" : 645.44,
    "volume" : 212228.00
  }, {
    "date" : "2025-08-25",
    "price" : 586.30,
    "dma50" : 616.93,
    "dma100" : 640.40,
    "dma200" : 644.85,
    "volume" : 261932.00
  }, {
    "date" : "2025-08-26",
    "price" : 570.20,
    "dma50" : 615.10,
    "dma100" : 639.58,
    "dma200" : 644.11,
    "volume" : 266257.00
  }, {
    "date" : "2025-08-28",
    "price" : 564.10,
    "dma50" : 613.10,
    "dma100" : 638.50,
    "dma200" : 643.31,
    "volume" : 199717.00
  }, {
    "date" : "2025-08-29",
    "price" : 581.75,
    "dma50" : 611.87,
    "dma100" : 637.72,
    "dma200" : 642.70,
    "volume" : 207379.00
  }, {
    "date" : "2025-09-01",
    "price" : 578.40,
    "dma50" : 610.56,
    "dma100" : 636.98,
    "dma200" : 642.06,
    "volume" : 200540.00
  }, {
    "date" : "2025-09-02",
    "price" : 580.80,
    "dma50" : 609.39,
    "dma100" : 636.50,
    "dma200" : 641.45,
    "volume" : 307578.00
  }, {
    "date" : "2025-09-03",
    "price" : 571.65,
    "dma50" : 607.91,
    "dma100" : 635.89,
    "dma200" : 640.75,
    "volume" : 191552.00
  }, {
    "date" : "2025-09-04",
    "price" : 583.05,
    "dma50" : 606.94,
    "dma100" : 635.37,
    "dma200" : 640.18,
    "volume" : 172582.00
  }, {
    "date" : "2025-09-05",
    "price" : 580.60,
    "dma50" : 605.90,
    "dma100" : 634.76,
    "dma200" : 639.59,
    "volume" : 107770.00
  }, {
    "date" : "2025-09-08",
    "price" : 600.10,
    "dma50" : 605.68,
    "dma100" : 634.28,
    "dma200" : 639.19,
    "volume" : 308878.00
  }, {
    "date" : "2025-09-09",
    "price" : 609.10,
    "dma50" : 605.81,
    "dma100" : 633.73,
    "dma200" : 638.89,
    "volume" : 273629.00
  }, {
    "date" : "2025-09-10",
    "price" : 600.75,
    "dma50" : 605.61,
    "dma100" : 633.12,
    "dma200" : 638.51,
    "volume" : 214754.00
  }, {
    "date" : "2025-09-11",
    "price" : 601.30,
    "dma50" : 605.44,
    "dma100" : 632.52,
    "dma200" : 638.14,
    "volume" : 206943.00
  }, {
    "date" : "2025-09-12",
    "price" : 598.85,
    "dma50" : 605.18,
    "dma100" : 631.64,
    "dma200" : 637.75,
    "volume" : 122482.00
  }, {
    "date" : "2025-09-15",
    "price" : 596.30,
    "dma50" : 604.84,
    "dma100" : 630.99,
    "dma200" : 637.34,
    "volume" : 93116.00
  }, {
    "date" : "2025-09-16",
    "price" : 597.85,
    "dma50" : 604.56,
    "dma100" : 630.47,
    "dma200" : 636.95,
    "volume" : 137698.00
  }, {
    "date" : "2025-09-17",
    "price" : 606.35,
    "dma50" : 604.63,
    "dma100" : 630.13,
    "dma200" : 636.64,
    "volume" : 137808.00
  }, {
    "date" : "2025-09-18",
    "price" : 600.60,
    "dma50" : 604.47,
    "dma100" : 629.68,
    "dma200" : 636.28,
    "volume" : 115418.00
  }, {
    "date" : "2025-09-19",
    "price" : 599.75,
    "dma50" : 604.29,
    "dma100" : 629.25,
    "dma200" : 635.92,
    "volume" : 159817.00
  }, {
    "date" : "2025-09-22",
    "price" : 597.80,
    "dma50" : 604.03,
    "dma100" : 628.93,
    "dma200" : 635.54,
    "volume" : 136268.00
  }, {
    "date" : "2025-09-23",
    "price" : 587.85,
    "dma50" : 603.40,
    "dma100" : 628.53,
    "dma200" : 635.07,
    "volume" : 183459.00
  }, {
    "date" : "2025-09-24",
    "price" : 582.55,
    "dma50" : 602.58,
    "dma100" : 627.90,
    "dma200" : 634.54,
    "volume" : 253161.00
  }, {
    "date" : "2025-09-25",
    "price" : 592.25,
    "dma50" : 602.18,
    "dma100" : 627.59,
    "dma200" : 634.12,
    "volume" : 146636.00
  }, {
    "date" : "2025-09-26",
    "price" : 586.60,
    "dma50" : 601.57,
    "dma100" : 627.16,
    "dma200" : 633.65,
    "volume" : 106965.00
  }, {
    "date" : "2025-09-29",
    "price" : 596.95,
    "dma50" : 601.38,
    "dma100" : 626.99,
    "dma200" : 633.29,
    "volume" : 423626.00
  }, {
    "date" : "2025-09-30",
    "price" : 587.40,
    "dma50" : 600.84,
    "dma100" : 626.81,
    "dma200" : 632.83,
    "volume" : 191235.00
  }, {
    "date" : "2025-10-01",
    "price" : 578.40,
    "dma50" : 599.96,
    "dma100" : 626.30,
    "dma200" : 632.29,
    "volume" : 231111.00
  }, {
    "date" : "2025-10-03",
    "price" : 578.40,
    "dma50" : 599.11,
    "dma100" : 625.74,
    "dma200" : 631.75,
    "volume" : 274767.00
  }, {
    "date" : "2025-10-06",
    "price" : 568.10,
    "dma50" : 597.90,
    "dma100" : 624.93,
    "dma200" : 631.12,
    "volume" : 165893.00
  }, {
    "date" : "2025-10-07",
    "price" : 557.65,
    "dma50" : 596.32,
    "dma100" : 624.09,
    "dma200" : 630.39,
    "volume" : 175130.00
  }, {
    "date" : "2025-10-08",
    "price" : 558.60,
    "dma50" : 594.84,
    "dma100" : 623.30,
    "dma200" : 629.67,
    "volume" : 121143.00
  }, {
    "date" : "2025-10-09",
    "price" : 544.70,
    "dma50" : 592.87,
    "dma100" : 622.39,
    "dma200" : 628.83,
    "volume" : 185599.00
  }, {
    "date" : "2025-10-10",
    "price" : 549.05,
    "dma50" : 591.15,
    "dma100" : 621.48,
    "dma200" : 628.03,
    "volume" : 182118.00
  }, {
    "date" : "2025-10-13",
    "price" : 540.80,
    "dma50" : 589.18,
    "dma100" : 620.36,
    "dma200" : 627.17,
    "volume" : 162445.00
  }, {
    "date" : "2025-10-14",
    "price" : 529.35,
    "dma50" : 586.83,
    "dma100" : 618.89,
    "dma200" : 626.19,
    "volume" : 270519.00
  }, {
    "date" : "2025-10-15",
    "price" : 501.65,
    "dma50" : 583.49,
    "dma100" : 617.25,
    "dma200" : 624.95,
    "volume" : 1964842.00
  }, {
    "date" : "2025-10-16",
    "price" : 533.20,
    "dma50" : 581.52,
    "dma100" : 615.80,
    "dma200" : 624.04,
    "volume" : 2981126.00
  }, {
    "date" : "2025-10-17",
    "price" : 512.35,
    "dma50" : 578.81,
    "dma100" : 614.25,
    "dma200" : 622.93,
    "volume" : 615403.00
  }, {
    "date" : "2025-10-20",
    "price" : 509.50,
    "dma50" : 576.09,
    "dma100" : 612.70,
    "dma200" : 621.80,
    "volume" : 243514.00
  }, {
    "date" : "2025-10-21",
    "price" : 521.25,
    "dma50" : 573.94,
    "dma100" : 611.44,
    "dma200" : 620.80,
    "volume" : 95244.00
  }, {
    "date" : "2025-10-23",
    "price" : 530.30,
    "dma50" : 572.23,
    "dma100" : 610.24,
    "dma200" : 619.90,
    "volume" : 434488.00
  }, {
    "date" : "2025-10-24",
    "price" : 528.10,
    "dma50" : 570.50,
    "dma100" : 609.07,
    "dma200" : 618.99,
    "volume" : 294156.00
  }, {
    "date" : "2025-10-27",
    "price" : 535.50,
    "dma50" : 569.12,
    "dma100" : 608.02,
    "dma200" : 618.16,
    "volume" : 169115.00
  }, {
    "date" : "2025-10-28",
    "price" : 525.40,
    "dma50" : 567.41,
    "dma100" : 606.55,
    "dma200" : 617.23,
    "volume" : 264652.00
  }, {
    "date" : "2025-10-29",
    "price" : 521.20,
    "dma50" : 565.60,
    "dma100" : 604.72,
    "dma200" : 616.28,
    "volume" : 162103.00
  }, {
    "date" : "2025-10-30",
    "price" : 528.25,
    "dma50" : 564.13,
    "dma100" : 603.15,
    "dma200" : 615.40,
    "volume" : 140289.00
  }, {
    "date" : "2025-10-31",
    "price" : 528.85,
    "dma50" : 562.75,
    "dma100" : 601.49,
    "dma200" : 614.54,
    "volume" : 206398.00
  }, {
    "date" : "2025-11-03",
    "price" : 525.95,
    "dma50" : 561.31,
    "dma100" : 599.87,
    "dma200" : 613.66,
    "volume" : 220590.00
  }, {
    "date" : "2025-11-04",
    "price" : 526.30,
    "dma50" : 559.93,
    "dma100" : 598.26,
    "dma200" : 612.79,
    "volume" : 326981.00
  }, {
    "date" : "2025-11-06",
    "price" : 508.85,
    "dma50" : 557.93,
    "dma100" : 596.59,
    "dma200" : 611.75,
    "volume" : 206706.00
  }, {
    "date" : "2025-11-07",
    "price" : 495.00,
    "dma50" : 555.46,
    "dma100" : 594.80,
    "dma200" : 610.59,
    "volume" : 326311.00
  }, {
    "date" : "2025-11-10",
    "price" : 484.40,
    "dma50" : 552.68,
    "dma100" : 592.94,
    "dma200" : 609.34,
    "volume" : 237979.00
  }, {
    "date" : "2025-11-11",
    "price" : 489.35,
    "dma50" : 550.19,
    "dma100" : 591.07,
    "dma200" : 608.14,
    "volume" : 280205.00
  }, {
    "date" : "2025-11-12",
    "price" : 487.00,
    "dma50" : 547.71,
    "dma100" : 589.27,
    "dma200" : 606.94,
    "volume" : 394753.00
  }, {
    "date" : "2025-11-13",
    "price" : 485.70,
    "dma50" : 545.28,
    "dma100" : 587.61,
    "dma200" : 605.73,
    "volume" : 161843.00
  }, {
    "date" : "2025-11-14",
    "price" : 490.85,
    "dma50" : 543.15,
    "dma100" : 585.93,
    "dma200" : 604.59,
    "volume" : 248311.00
  }, {
    "date" : "2025-11-17",
    "price" : 495.25,
    "dma50" : 541.27,
    "dma100" : 584.30,
    "dma200" : 603.50,
    "volume" : 148200.00
  }, {
    "date" : "2025-11-18",
    "price" : 490.10,
    "dma50" : 539.26,
    "dma100" : 582.57,
    "dma200" : 602.37,
    "volume" : 176895.00
  }, {
    "date" : "2025-11-19",
    "price" : 495.20,
    "dma50" : 537.53,
    "dma100" : 580.76,
    "dma200" : 601.31,
    "volume" : 192104.00
  }, {
    "date" : "2025-11-20",
    "price" : 501.55,
    "dma50" : 536.12,
    "dma100" : 579.06,
    "dma200" : 600.31,
    "volume" : 248708.00
  }, {
    "date" : "2025-11-21",
    "price" : 503.90,
    "dma50" : 534.86,
    "dma100" : 577.36,
    "dma200" : 599.35,
    "volume" : 269273.00
  }, {
    "date" : "2025-11-24",
    "price" : 496.90,
    "dma50" : 533.37,
    "dma100" : 575.60,
    "dma200" : 598.33,
    "volume" : 443397.00
  }, {
    "date" : "2025-11-25",
    "price" : 510.25,
    "dma50" : 532.46,
    "dma100" : 574.01,
    "dma200" : 597.46,
    "volume" : 383638.00
  }, {
    "date" : "2025-11-26",
    "price" : 532.05,
    "dma50" : 532.45,
    "dma100" : 572.67,
    "dma200" : 596.81,
    "volume" : 459912.00
  }, {
    "date" : "2025-11-27",
    "price" : 545.40,
    "dma50" : 532.96,
    "dma100" : 571.50,
    "dma200" : 596.30,
    "volume" : 585990.00
  }, {
    "date" : "2025-11-28",
    "price" : 553.10,
    "dma50" : 533.75,
    "dma100" : 570.35,
    "dma200" : 595.87,
    "volume" : 369963.00
  }, {
    "date" : "2025-12-01",
    "price" : 564.70,
    "dma50" : 534.96,
    "dma100" : 569.24,
    "dma200" : 595.56,
    "volume" : 390171.00
  }, {
    "date" : "2025-12-02",
    "price" : 566.45,
    "dma50" : 536.19,
    "dma100" : 568.40,
    "dma200" : 595.27,
    "volume" : 408223.00
  }, {
    "date" : "2025-12-03",
    "price" : 559.20,
    "dma50" : 537.10,
    "dma100" : 567.53,
    "dma200" : 594.91,
    "volume" : 192543.00
  }, {
    "date" : "2025-12-04",
    "price" : 544.25,
    "dma50" : 537.38,
    "dma100" : 566.57,
    "dma200" : 594.40,
    "volume" : 196494.00
  }, {
    "date" : "2025-12-05",
    "price" : 525.70,
    "dma50" : 536.92,
    "dma100" : 565.32,
    "dma200" : 593.72,
    "volume" : 365080.00
  }, {
    "date" : "2025-12-08",
    "price" : 517.20,
    "dma50" : 536.15,
    "dma100" : 563.97,
    "dma200" : 592.96,
    "volume" : 257822.00
  }, {
    "date" : "2025-12-09",
    "price" : 534.10,
    "dma50" : 536.07,
    "dma100" : 562.79,
    "dma200" : 592.37,
    "volume" : 182534.00
  }, {
    "date" : "2025-12-10",
    "price" : 546.85,
    "dma50" : 536.49,
    "dma100" : 561.92,
    "dma200" : 591.92,
    "volume" : 362091.00
  }, {
    "date" : "2025-12-11",
    "price" : 545.95,
    "dma50" : 536.86,
    "dma100" : 561.01,
    "dma200" : 591.46,
    "volume" : 219374.00
  }, {
    "date" : "2025-12-12",
    "price" : 545.60,
    "dma50" : 537.20,
    "dma100" : 560.10,
    "dma200" : 591.01,
    "volume" : 240629.00
  }, {
    "date" : "2025-12-15",
    "price" : 544.35,
    "dma50" : 537.48,
    "dma100" : 559.20,
    "dma200" : 590.54,
    "volume" : 265411.00
  }, {
    "date" : "2025-12-16",
    "price" : 553.25,
    "dma50" : 538.10,
    "dma100" : 558.41,
    "dma200" : 590.17,
    "volume" : 192803.00
  }, {
    "date" : "2025-12-17",
    "price" : 548.90,
    "dma50" : 538.52,
    "dma100" : 557.67,
    "dma200" : 589.76,
    "volume" : 114361.00
  }, {
    "date" : "2025-12-18",
    "price" : 533.25,
    "dma50" : 538.32,
    "dma100" : 556.74,
    "dma200" : 589.20,
    "volume" : 205303.00
  }, {
    "date" : "2025-12-19",
    "price" : 540.20,
    "dma50" : 538.39,
    "dma100" : 556.06,
    "dma200" : 588.71,
    "volume" : 141440.00
  }, {
    "date" : "2025-12-22",
    "price" : 538.20,
    "dma50" : 538.38,
    "dma100" : 555.44,
    "dma200" : 588.21,
    "volume" : 220587.00
  }, {
    "date" : "2025-12-23",
    "price" : 527.10,
    "dma50" : 537.94,
    "dma100" : 554.62,
    "dma200" : 587.60,
    "volume" : 158584.00
  }, {
    "date" : "2025-12-24",
    "price" : 525.35,
    "dma50" : 537.45,
    "dma100" : 553.85,
    "dma200" : 586.98,
    "volume" : 131861.00
  }, {
    "date" : "2025-12-26",
    "price" : 528.40,
    "dma50" : 537.09,
    "dma100" : 553.25,
    "dma200" : 586.40,
    "volume" : 142145.00
  }, {
    "date" : "2025-12-29",
    "price" : 531.30,
    "dma50" : 536.87,
    "dma100" : 552.74,
    "dma200" : 585.85,
    "volume" : 208350.00
  }, {
    "date" : "2025-12-30",
    "price" : 536.30,
    "dma50" : 536.84,
    "dma100" : 552.35,
    "dma200" : 585.36,
    "volume" : 90991.00
  }, {
    "date" : "2025-12-31",
    "price" : 552.25,
    "dma50" : 537.45,
    "dma100" : 551.95,
    "dma200" : 585.03,
    "volume" : 118486.00
  }, {
    "date" : "2026-01-01",
    "price" : 544.50,
    "dma50" : 537.72,
    "dma100" : 551.48,
    "dma200" : 584.62,
    "volume" : 71339.00
  }, {
    "date" : "2026-01-02",
    "price" : 551.65,
    "dma50" : 538.27,
    "dma100" : 551.16,
    "dma200" : 584.30,
    "volume" : 96183.00
  }, {
    "date" : "2026-01-05",
    "price" : 545.45,
    "dma50" : 538.55,
    "dma100" : 550.73,
    "dma200" : 583.91,
    "volume" : 66180.00
  }, {
    "date" : "2026-01-06",
    "price" : 534.80,
    "dma50" : 538.40,
    "dma100" : 550.24,
    "dma200" : 583.42,
    "volume" : 86102.00
  }, {
    "date" : "2026-01-07",
    "price" : 529.10,
    "dma50" : 538.04,
    "dma100" : 549.68,
    "dma200" : 582.88,
    "volume" : 51113.00
  }, {
    "date" : "2026-01-08",
    "price" : 518.00,
    "dma50" : 537.25,
    "dma100" : 548.99,
    "dma200" : 582.23,
    "volume" : 71062.00
  }, {
    "date" : "2026-01-09",
    "price" : 526.80,
    "dma50" : 536.84,
    "dma100" : 548.38,
    "dma200" : 581.68,
    "volume" : 323530.00
  }, {
    "date" : "2026-01-12",
    "price" : 517.65,
    "dma50" : 536.09,
    "dma100" : 547.64,
    "dma200" : 581.05,
    "volume" : 133502.00
  }, {
    "date" : "2026-01-13",
    "price" : 508.60,
    "dma50" : 535.01,
    "dma100" : 546.83,
    "dma200" : 580.32,
    "volume" : 96638.00
  }, {
    "date" : "2026-01-14",
    "price" : 519.25,
    "dma50" : 534.40,
    "dma100" : 546.12,
    "dma200" : 579.72,
    "volume" : 236716.00
  }, {
    "date" : "2026-01-16",
    "price" : 528.00,
    "dma50" : 534.14,
    "dma100" : 545.51,
    "dma200" : 579.20,
    "volume" : 187827.00
  }, {
    "date" : "2026-01-19",
    "price" : 518.10,
    "dma50" : 533.52,
    "dma100" : 544.88,
    "dma200" : 578.59,
    "volume" : 1181285.00
  }, {
    "date" : "2026-01-20",
    "price" : 542.55,
    "dma50" : 533.87,
    "dma100" : 544.44,
    "dma200" : 578.24,
    "volume" : 11270462.00
  }, {
    "date" : "2026-01-21",
    "price" : 541.25,
    "dma50" : 534.16,
    "dma100" : 544.15,
    "dma200" : 577.87,
    "volume" : 737570.00
  }, {
    "date" : "2026-01-22",
    "price" : 545.05,
    "dma50" : 534.59,
    "dma100" : 543.96,
    "dma200" : 577.54,
    "volume" : 375175.00
  }, {
    "date" : "2026-01-23",
    "price" : 524.70,
    "dma50" : 534.20,
    "dma100" : 543.39,
    "dma200" : 577.02,
    "volume" : 309461.00
  }, {
    "date" : "2026-01-27",
    "price" : 530.30,
    "dma50" : 534.05,
    "dma100" : 542.91,
    "dma200" : 576.55,
    "volume" : 312993.00
  }, {
    "date" : "2026-01-28",
    "price" : 549.25,
    "dma50" : 534.64,
    "dma100" : 542.59,
    "dma200" : 576.28,
    "volume" : 445635.00
  }, {
    "date" : "2026-01-29",
    "price" : 530.55,
    "dma50" : 534.48,
    "dma100" : 542.18,
    "dma200" : 575.82,
    "volume" : 192717.00
  }, {
    "date" : "2026-01-30",
    "price" : 543.85,
    "dma50" : 534.85,
    "dma100" : 541.79,
    "dma200" : 575.51,
    "volume" : 177730.00
  } ],
  "latestTechnicalAttributes" : {
    "date" : "2026-01-30",
    "price" : 543.85,
    "dma50" : 534.85,
    "dma100" : 541.79,
    "dma200" : 575.51,
    "volume" : 177730.00
  },
  "quarterlyResults" : [ {
    "date" : "2005-03-31",
    "sales" : 7.37,
    "salesGrowthYoY" : null,
    "grossProfitMargin" : 47.35,
    "grossProfit" : 3.49,
    "operatingProfitMargin" : 16.15,
    "operatingProfit" : 1.19,
    "netProfitMargin" : 28.63,
    "netProfit" : 2.11
  }, {
    "date" : "2005-06-30",
    "sales" : 6.53,
    "salesGrowthYoY" : null,
    "grossProfitMargin" : 78.25,
    "grossProfit" : 5.11,
    "operatingProfitMargin" : 10.26,
    "operatingProfit" : 0.67,
    "netProfitMargin" : 7.04,
    "netProfit" : 0.46
  }, {
    "date" : "2005-09-30",
    "sales" : 4.42,
    "salesGrowthYoY" : null,
    "grossProfitMargin" : 62.90,
    "grossProfit" : 2.78,
    "operatingProfitMargin" : -2.04,
    "operatingProfit" : -0.09,
    "netProfitMargin" : 5.66,
    "netProfit" : 0.25
  }, {
    "date" : "2005-12-31",
    "sales" : 3.71,
    "salesGrowthYoY" : null,
    "grossProfitMargin" : 73.05,
    "grossProfit" : 2.71,
    "operatingProfitMargin" : -19.95,
    "operatingProfit" : -0.74,
    "netProfitMargin" : 15.36,
    "netProfit" : 0.57
  }, {
    "date" : "2006-03-31",
    "sales" : 12.09,
    "salesGrowthYoY" : 64.04,
    "grossProfitMargin" : 99.50,
    "grossProfit" : 12.03,
    "operatingProfitMargin" : -5.87,
    "operatingProfit" : -0.71,
    "netProfitMargin" : -8.11,
    "netProfit" : -0.98
  }, {
    "date" : "2006-06-30",
    "sales" : 6.01,
    "salesGrowthYoY" : -7.96,
    "grossProfitMargin" : 73.71,
    "grossProfit" : 4.43,
    "operatingProfitMargin" : 8.82,
    "operatingProfit" : 0.53,
    "netProfitMargin" : 2.50,
    "netProfit" : 0.15
  }, {
    "date" : "2006-09-30",
    "sales" : 6.01,
    "salesGrowthYoY" : 35.97,
    "grossProfitMargin" : 75.37,
    "grossProfit" : 4.53,
    "operatingProfitMargin" : -0.33,
    "operatingProfit" : -0.02,
    "netProfitMargin" : 2.66,
    "netProfit" : 0.16
  }, {
    "date" : "2006-12-31",
    "sales" : 6.16,
    "salesGrowthYoY" : 66.04,
    "grossProfitMargin" : 91.23,
    "grossProfit" : 5.62,
    "operatingProfitMargin" : 1.95,
    "operatingProfit" : 0.12,
    "netProfitMargin" : -5.84,
    "netProfit" : -0.36
  }, {
    "date" : "2007-03-31",
    "sales" : 6.90,
    "salesGrowthYoY" : -42.93,
    "grossProfitMargin" : 78.99,
    "grossProfit" : 5.45,
    "operatingProfitMargin" : 24.35,
    "operatingProfit" : 1.68,
    "netProfitMargin" : 16.67,
    "netProfit" : 1.15
  }, {
    "date" : "2007-06-30",
    "sales" : 9.97,
    "salesGrowthYoY" : 65.89,
    "grossProfitMargin" : 82.65,
    "grossProfit" : 8.24,
    "operatingProfitMargin" : 34.00,
    "operatingProfit" : 3.39,
    "netProfitMargin" : 28.59,
    "netProfit" : 2.85
  }, {
    "date" : "2007-09-30",
    "sales" : 18.89,
    "salesGrowthYoY" : 214.31,
    "grossProfitMargin" : 97.19,
    "grossProfit" : 18.36,
    "operatingProfitMargin" : 14.66,
    "operatingProfit" : 2.77,
    "netProfitMargin" : 20.96,
    "netProfit" : 3.96
  }, {
    "date" : "2007-12-31",
    "sales" : 9.95,
    "salesGrowthYoY" : 61.53,
    "grossProfitMargin" : 89.15,
    "grossProfit" : 8.87,
    "operatingProfitMargin" : 19.80,
    "operatingProfit" : 1.97,
    "netProfitMargin" : 14.77,
    "netProfit" : 1.47
  }, {
    "date" : "2008-03-31",
    "sales" : 74.57,
    "salesGrowthYoY" : 980.72,
    "grossProfitMargin" : 97.08,
    "grossProfit" : 72.39,
    "operatingProfitMargin" : 17.63,
    "operatingProfit" : 13.15,
    "netProfitMargin" : 15.03,
    "netProfit" : 11.21
  }, {
    "date" : "2008-06-30",
    "sales" : 9.74,
    "salesGrowthYoY" : -2.31,
    "grossProfitMargin" : 88.71,
    "grossProfit" : 8.64,
    "operatingProfitMargin" : 37.78,
    "operatingProfit" : 3.68,
    "netProfitMargin" : 33.88,
    "netProfit" : 3.30
  }, {
    "date" : "2008-09-30",
    "sales" : 37.60,
    "salesGrowthYoY" : 99.05,
    "grossProfitMargin" : 97.71,
    "grossProfit" : 36.74,
    "operatingProfitMargin" : 21.78,
    "operatingProfit" : 8.19,
    "netProfitMargin" : 20.96,
    "netProfit" : 7.88
  }, {
    "date" : "2008-12-31",
    "sales" : 7.43,
    "salesGrowthYoY" : -25.33,
    "grossProfitMargin" : 88.69,
    "grossProfit" : 6.59,
    "operatingProfitMargin" : 24.23,
    "operatingProfit" : 1.80,
    "netProfitMargin" : 10.09,
    "netProfit" : 0.75
  }, {
    "date" : "2009-03-31",
    "sales" : 9.96,
    "salesGrowthYoY" : -86.64,
    "grossProfitMargin" : 97.69,
    "grossProfit" : 9.73,
    "operatingProfitMargin" : 13.15,
    "operatingProfit" : 1.31,
    "netProfitMargin" : -0.90,
    "netProfit" : -0.09
  }, {
    "date" : "2009-06-30",
    "sales" : 5.66,
    "salesGrowthYoY" : -41.89,
    "grossProfitMargin" : 86.04,
    "grossProfit" : 4.87,
    "operatingProfitMargin" : 46.82,
    "operatingProfit" : 2.65,
    "netProfitMargin" : 22.61,
    "netProfit" : 1.28
  }, {
    "date" : "2009-09-30",
    "sales" : 9.44,
    "salesGrowthYoY" : -74.89,
    "grossProfitMargin" : 96.19,
    "grossProfit" : 9.08,
    "operatingProfitMargin" : 70.13,
    "operatingProfit" : 6.62,
    "netProfitMargin" : 48.73,
    "netProfit" : 4.60
  }, {
    "date" : "2009-12-31",
    "sales" : 49.65,
    "salesGrowthYoY" : 568.24,
    "grossProfitMargin" : 100.02,
    "grossProfit" : 49.66,
    "operatingProfitMargin" : 20.04,
    "operatingProfit" : 9.95,
    "netProfitMargin" : 14.06,
    "netProfit" : 6.98
  }, {
    "date" : "2010-03-31",
    "sales" : 19.56,
    "salesGrowthYoY" : 96.39,
    "grossProfitMargin" : 97.49,
    "grossProfit" : 19.07,
    "operatingProfitMargin" : -21.47,
    "operatingProfit" : -4.20,
    "netProfitMargin" : -19.53,
    "netProfit" : -3.82
  }, {
    "date" : "2010-06-30",
    "sales" : 19.54,
    "salesGrowthYoY" : 245.23,
    "grossProfitMargin" : 94.27,
    "grossProfit" : 18.42,
    "operatingProfitMargin" : -54.04,
    "operatingProfit" : -10.56,
    "netProfitMargin" : -63.10,
    "netProfit" : -12.33
  }, {
    "date" : "2010-09-30",
    "sales" : 11.57,
    "salesGrowthYoY" : 22.56,
    "grossProfitMargin" : 99.31,
    "grossProfit" : 11.49,
    "operatingProfitMargin" : 34.05,
    "operatingProfit" : 3.94,
    "netProfitMargin" : 19.36,
    "netProfit" : 2.24
  }, {
    "date" : "2010-12-31",
    "sales" : 8.67,
    "salesGrowthYoY" : -82.54,
    "grossProfitMargin" : 99.65,
    "grossProfit" : 8.64,
    "operatingProfitMargin" : 120.76,
    "operatingProfit" : 10.47,
    "netProfitMargin" : 95.85,
    "netProfit" : 8.31
  }, {
    "date" : "2011-03-31",
    "sales" : 26.90,
    "salesGrowthYoY" : 37.53,
    "grossProfitMargin" : 98.03,
    "grossProfit" : 26.37,
    "operatingProfitMargin" : 28.44,
    "operatingProfit" : 7.65,
    "netProfitMargin" : 17.73,
    "netProfit" : 4.77
  }, {
    "date" : "2011-06-30",
    "sales" : 11.49,
    "salesGrowthYoY" : -41.20,
    "grossProfitMargin" : 98.35,
    "grossProfit" : 11.30,
    "operatingProfitMargin" : 60.75,
    "operatingProfit" : 6.98,
    "netProfitMargin" : 36.21,
    "netProfit" : 4.16
  }, {
    "date" : "2011-09-30",
    "sales" : 12.76,
    "salesGrowthYoY" : 10.29,
    "grossProfitMargin" : 97.65,
    "grossProfit" : 12.46,
    "operatingProfitMargin" : 62.23,
    "operatingProfit" : 7.94,
    "netProfitMargin" : 38.48,
    "netProfit" : 4.91
  }, {
    "date" : "2011-12-31",
    "sales" : 8.74,
    "salesGrowthYoY" : 0.81,
    "grossProfitMargin" : 98.17,
    "grossProfit" : 8.58,
    "operatingProfitMargin" : 36.84,
    "operatingProfit" : 3.22,
    "netProfitMargin" : 13.16,
    "netProfit" : 1.15
  }, {
    "date" : "2012-03-31",
    "sales" : 39.11,
    "salesGrowthYoY" : 45.39,
    "grossProfitMargin" : 98.59,
    "grossProfit" : 38.56,
    "operatingProfitMargin" : -5.50,
    "operatingProfit" : -2.15,
    "netProfitMargin" : -3.53,
    "netProfit" : -1.38
  }, {
    "date" : "2012-06-30",
    "sales" : 7.44,
    "salesGrowthYoY" : -35.25,
    "grossProfitMargin" : 99.73,
    "grossProfit" : 7.42,
    "operatingProfitMargin" : 27.55,
    "operatingProfit" : 2.05,
    "netProfitMargin" : 13.58,
    "netProfit" : 1.01
  }, {
    "date" : "2012-09-30",
    "sales" : 8.18,
    "salesGrowthYoY" : -35.89,
    "grossProfitMargin" : 99.51,
    "grossProfit" : 8.14,
    "operatingProfitMargin" : 32.52,
    "operatingProfit" : 2.66,
    "netProfitMargin" : 17.36,
    "netProfit" : 1.42
  }, {
    "date" : "2012-12-31",
    "sales" : 8.39,
    "salesGrowthYoY" : -4.00,
    "grossProfitMargin" : 100.00,
    "grossProfit" : 8.39,
    "operatingProfitMargin" : 26.10,
    "operatingProfit" : 2.19,
    "netProfitMargin" : 7.51,
    "netProfit" : 0.63
  }, {
    "date" : "2013-03-31",
    "sales" : 113.78,
    "salesGrowthYoY" : 190.92,
    "grossProfitMargin" : 100.00,
    "grossProfit" : 113.78,
    "operatingProfitMargin" : 11.19,
    "operatingProfit" : 12.73,
    "netProfitMargin" : 7.58,
    "netProfit" : 8.62
  }, {
    "date" : "2013-06-30",
    "sales" : 8.01,
    "salesGrowthYoY" : 7.66,
    "grossProfitMargin" : 100.00,
    "grossProfit" : 8.01,
    "operatingProfitMargin" : 27.34,
    "operatingProfit" : 2.19,
    "netProfitMargin" : 4.00,
    "netProfit" : 0.32
  }, {
    "date" : "2013-09-30",
    "sales" : 42.99,
    "salesGrowthYoY" : 425.55,
    "grossProfitMargin" : 100.00,
    "grossProfit" : 42.99,
    "operatingProfitMargin" : -44.66,
    "operatingProfit" : -19.20,
    "netProfitMargin" : -51.92,
    "netProfit" : -22.32
  }, {
    "date" : "2013-12-31",
    "sales" : 43.59,
    "salesGrowthYoY" : 419.55,
    "grossProfitMargin" : 100.00,
    "grossProfit" : 43.59,
    "operatingProfitMargin" : 21.89,
    "operatingProfit" : 9.54,
    "netProfitMargin" : 14.64,
    "netProfit" : 6.38
  }, {
    "date" : "2014-03-31",
    "sales" : 9.08,
    "salesGrowthYoY" : -92.02,
    "grossProfitMargin" : 100.00,
    "grossProfit" : 9.08,
    "operatingProfitMargin" : 23.79,
    "operatingProfit" : 2.16,
    "netProfitMargin" : -7.71,
    "netProfit" : -0.70
  }, {
    "date" : "2014-06-30",
    "sales" : 8.16,
    "salesGrowthYoY" : 1.87,
    "grossProfitMargin" : 99.88,
    "grossProfit" : 8.15,
    "operatingProfitMargin" : 31.00,
    "operatingProfit" : 2.53,
    "netProfitMargin" : -0.98,
    "netProfit" : -0.08
  }, {
    "date" : "2014-09-30",
    "sales" : 78.00,
    "salesGrowthYoY" : 81.44,
    "grossProfitMargin" : 100.00,
    "grossProfit" : 78.00,
    "operatingProfitMargin" : 25.68,
    "operatingProfit" : 20.03,
    "netProfitMargin" : 17.36,
    "netProfit" : 13.54
  }, {
    "date" : "2014-12-31",
    "sales" : 5.98,
    "salesGrowthYoY" : -86.28,
    "grossProfitMargin" : 100.00,
    "grossProfit" : 5.98,
    "operatingProfitMargin" : -14.21,
    "operatingProfit" : -0.85,
    "netProfitMargin" : -51.51,
    "netProfit" : -3.08
  }, {
    "date" : "2015-03-31",
    "sales" : 10.21,
    "salesGrowthYoY" : 12.44,
    "grossProfitMargin" : 99.80,
    "grossProfit" : 10.19,
    "operatingProfitMargin" : -65.13,
    "operatingProfit" : -6.65,
    "netProfitMargin" : -75.12,
    "netProfit" : -7.67
  }, {
    "date" : "2015-06-30",
    "sales" : 8.86,
    "salesGrowthYoY" : 8.58,
    "grossProfitMargin" : 99.89,
    "grossProfit" : 8.85,
    "operatingProfitMargin" : 33.52,
    "operatingProfit" : 2.97,
    "netProfitMargin" : -7.00,
    "netProfit" : -0.62
  }, {
    "date" : "2015-09-30",
    "sales" : 12.01,
    "salesGrowthYoY" : -84.60,
    "grossProfitMargin" : 100.00,
    "grossProfit" : 12.01,
    "operatingProfitMargin" : 40.47,
    "operatingProfit" : 4.86,
    "netProfitMargin" : 13.24,
    "netProfit" : 1.59
  }, {
    "date" : "2015-12-31",
    "sales" : 14.21,
    "salesGrowthYoY" : 137.63,
    "grossProfitMargin" : 100.00,
    "grossProfit" : 14.21,
    "operatingProfitMargin" : 37.65,
    "operatingProfit" : 5.35,
    "netProfitMargin" : 13.02,
    "netProfit" : 1.85
  }, {
    "date" : "2016-03-31",
    "sales" : 33.37,
    "salesGrowthYoY" : 226.84,
    "grossProfitMargin" : 100.00,
    "grossProfit" : 33.37,
    "operatingProfitMargin" : 5.36,
    "operatingProfit" : 1.79,
    "netProfitMargin" : 0.63,
    "netProfit" : 0.21
  }, {
    "date" : "2016-06-30",
    "sales" : 16.72,
    "salesGrowthYoY" : 88.71,
    "grossProfitMargin" : 100.00,
    "grossProfit" : 16.72,
    "operatingProfitMargin" : 59.69,
    "operatingProfit" : 9.98,
    "netProfitMargin" : 4.84,
    "netProfit" : 0.81
  }, {
    "date" : "2016-09-30",
    "sales" : 10.58,
    "salesGrowthYoY" : -11.91,
    "grossProfitMargin" : 100.00,
    "grossProfit" : 10.58,
    "operatingProfitMargin" : 63.80,
    "operatingProfit" : 6.75,
    "netProfitMargin" : 5.29,
    "netProfit" : 0.56
  }, {
    "date" : "2016-12-31",
    "sales" : 7.30,
    "salesGrowthYoY" : -48.63,
    "grossProfitMargin" : 100.00,
    "grossProfit" : 7.30,
    "operatingProfitMargin" : 35.21,
    "operatingProfit" : 2.57,
    "netProfitMargin" : 15.07,
    "netProfit" : 1.10
  }, {
    "date" : "2017-03-31",
    "sales" : 12.42,
    "salesGrowthYoY" : -62.78,
    "grossProfitMargin" : 100.00,
    "grossProfit" : 12.42,
    "operatingProfitMargin" : 62.96,
    "operatingProfit" : 7.82,
    "netProfitMargin" : 4.27,
    "netProfit" : 0.53
  }, {
    "date" : "2017-06-30",
    "sales" : 10.08,
    "salesGrowthYoY" : -39.71,
    "grossProfitMargin" : 100.00,
    "grossProfit" : 10.08,
    "operatingProfitMargin" : 51.29,
    "operatingProfit" : 5.17,
    "netProfitMargin" : 1.19,
    "netProfit" : 0.12
  }, {
    "date" : "2017-09-30",
    "sales" : 12.56,
    "salesGrowthYoY" : 18.71,
    "grossProfitMargin" : 100.00,
    "grossProfit" : 12.56,
    "operatingProfitMargin" : 63.30,
    "operatingProfit" : 7.95,
    "netProfitMargin" : 20.14,
    "netProfit" : 2.53
  }, {
    "date" : "2017-12-31",
    "sales" : 10.29,
    "salesGrowthYoY" : 40.96,
    "grossProfitMargin" : 100.00,
    "grossProfit" : 10.29,
    "operatingProfitMargin" : 47.52,
    "operatingProfit" : 4.89,
    "netProfitMargin" : 1.46,
    "netProfit" : 0.15
  }, {
    "date" : "2018-03-31",
    "sales" : 14.56,
    "salesGrowthYoY" : 17.23,
    "grossProfitMargin" : 100.00,
    "grossProfit" : 14.56,
    "operatingProfitMargin" : 62.09,
    "operatingProfit" : 9.04,
    "netProfitMargin" : 2.47,
    "netProfit" : 0.36
  }, {
    "date" : "2018-06-30",
    "sales" : 149.33,
    "salesGrowthYoY" : 1381.45,
    "grossProfitMargin" : 100.00,
    "grossProfit" : 149.33,
    "operatingProfitMargin" : -0.65,
    "operatingProfit" : -0.97,
    "netProfitMargin" : 0.30,
    "netProfit" : 0.45
  }, {
    "date" : "2018-09-30",
    "sales" : 15.46,
    "salesGrowthYoY" : 23.09,
    "grossProfitMargin" : 100.00,
    "grossProfit" : 15.46,
    "operatingProfitMargin" : 6.86,
    "operatingProfit" : 1.06,
    "netProfitMargin" : 3.04,
    "netProfit" : 0.47
  }, {
    "date" : "2018-12-31",
    "sales" : 13.21,
    "salesGrowthYoY" : 28.38,
    "grossProfitMargin" : 100.00,
    "grossProfit" : 13.21,
    "operatingProfitMargin" : 12.57,
    "operatingProfit" : 1.66,
    "netProfitMargin" : 7.87,
    "netProfit" : 1.04
  }, {
    "date" : "2019-03-31",
    "sales" : 25.23,
    "salesGrowthYoY" : 73.28,
    "grossProfitMargin" : 100.00,
    "grossProfit" : 25.23,
    "operatingProfitMargin" : 57.00,
    "operatingProfit" : 14.38,
    "netProfitMargin" : 3.29,
    "netProfit" : 0.83
  }, {
    "date" : "2019-06-30",
    "sales" : 36.63,
    "salesGrowthYoY" : -75.47,
    "grossProfitMargin" : 100.00,
    "grossProfit" : 36.63,
    "operatingProfitMargin" : 74.31,
    "operatingProfit" : 27.22,
    "netProfitMargin" : 9.15,
    "netProfit" : 3.35
  }, {
    "date" : "2019-09-30",
    "sales" : 11.75,
    "salesGrowthYoY" : -24.00,
    "grossProfitMargin" : 100.00,
    "grossProfit" : 11.75,
    "operatingProfitMargin" : -103.32,
    "operatingProfit" : -12.14,
    "netProfitMargin" : 22.21,
    "netProfit" : 2.61
  }, {
    "date" : "2019-12-31",
    "sales" : 24.10,
    "salesGrowthYoY" : 82.44,
    "grossProfitMargin" : 100.00,
    "grossProfit" : 24.10,
    "operatingProfitMargin" : 34.98,
    "operatingProfit" : 8.43,
    "netProfitMargin" : 20.83,
    "netProfit" : 5.02
  }, {
    "date" : "2020-03-31",
    "sales" : 18.51,
    "salesGrowthYoY" : -26.63,
    "grossProfitMargin" : 100.00,
    "grossProfit" : 18.51,
    "operatingProfitMargin" : -2.49,
    "operatingProfit" : -0.46,
    "netProfitMargin" : 1.94,
    "netProfit" : 0.36
  }, {
    "date" : "2020-06-30",
    "sales" : 14.98,
    "salesGrowthYoY" : -59.10,
    "grossProfitMargin" : 100.00,
    "grossProfit" : 14.98,
    "operatingProfitMargin" : 54.41,
    "operatingProfit" : 8.15,
    "netProfitMargin" : 40.59,
    "netProfit" : 6.08
  }, {
    "date" : "2020-09-30",
    "sales" : 16.47,
    "salesGrowthYoY" : 40.17,
    "grossProfitMargin" : 100.00,
    "grossProfit" : 16.47,
    "operatingProfitMargin" : 56.65,
    "operatingProfit" : 9.33,
    "netProfitMargin" : 40.86,
    "netProfit" : 6.73
  }, {
    "date" : "2020-12-31",
    "sales" : 31.45,
    "salesGrowthYoY" : 30.50,
    "grossProfitMargin" : 100.00,
    "grossProfit" : 31.45,
    "operatingProfitMargin" : 59.05,
    "operatingProfit" : 18.57,
    "netProfitMargin" : 39.40,
    "netProfit" : 12.39
  }, {
    "date" : "2021-03-31",
    "sales" : 27.64,
    "salesGrowthYoY" : 49.32,
    "grossProfitMargin" : 100.00,
    "grossProfit" : 27.64,
    "operatingProfitMargin" : 68.96,
    "operatingProfit" : 19.06,
    "netProfitMargin" : 66.10,
    "netProfit" : 18.27
  }, {
    "date" : "2021-06-30",
    "sales" : 28.12,
    "salesGrowthYoY" : 87.72,
    "grossProfitMargin" : 100.00,
    "grossProfit" : 28.12,
    "operatingProfitMargin" : 66.39,
    "operatingProfit" : 18.67,
    "netProfitMargin" : 51.85,
    "netProfit" : 14.58
  }, {
    "date" : "2021-09-30",
    "sales" : 29.12,
    "salesGrowthYoY" : 76.81,
    "grossProfitMargin" : 100.00,
    "grossProfit" : 29.12,
    "operatingProfitMargin" : 61.30,
    "operatingProfit" : 17.85,
    "netProfitMargin" : 38.56,
    "netProfit" : 11.23
  }, {
    "date" : "2021-12-31",
    "sales" : 44.23,
    "salesGrowthYoY" : 40.64,
    "grossProfitMargin" : 100.00,
    "grossProfit" : 44.23,
    "operatingProfitMargin" : 62.70,
    "operatingProfit" : 27.73,
    "netProfitMargin" : 48.65,
    "netProfit" : 21.52
  }, {
    "date" : "2022-03-31",
    "sales" : 34.12,
    "salesGrowthYoY" : 23.44,
    "grossProfitMargin" : 100.00,
    "grossProfit" : 34.12,
    "operatingProfitMargin" : 59.58,
    "operatingProfit" : 20.33,
    "netProfitMargin" : 46.69,
    "netProfit" : 15.93
  }, {
    "date" : "2022-06-30",
    "sales" : 34.23,
    "salesGrowthYoY" : 21.73,
    "grossProfitMargin" : 100.00,
    "grossProfit" : 34.23,
    "operatingProfitMargin" : 65.59,
    "operatingProfit" : 22.45,
    "netProfitMargin" : 50.19,
    "netProfit" : 17.18
  }, {
    "date" : "2022-09-30",
    "sales" : 49.56,
    "salesGrowthYoY" : 70.19,
    "grossProfitMargin" : 100.00,
    "grossProfit" : 49.56,
    "operatingProfitMargin" : 54.78,
    "operatingProfit" : 27.15,
    "netProfitMargin" : 42.01,
    "netProfit" : 20.82
  }, {
    "date" : "2022-12-31",
    "sales" : 50.98,
    "salesGrowthYoY" : 15.26,
    "grossProfitMargin" : 100.00,
    "grossProfit" : 50.98,
    "operatingProfitMargin" : 50.88,
    "operatingProfit" : 25.94,
    "netProfitMargin" : 39.60,
    "netProfit" : 20.19
  }, {
    "date" : "2023-03-31",
    "sales" : 52.02,
    "salesGrowthYoY" : 52.46,
    "grossProfitMargin" : 100.00,
    "grossProfit" : 52.02,
    "operatingProfitMargin" : 50.67,
    "operatingProfit" : 26.36,
    "netProfitMargin" : 35.24,
    "netProfit" : 18.33
  }, {
    "date" : "2023-06-30",
    "sales" : 52.62,
    "salesGrowthYoY" : 53.72,
    "grossProfitMargin" : 100.00,
    "grossProfit" : 52.62,
    "operatingProfitMargin" : 66.55,
    "operatingProfit" : 35.02,
    "netProfitMargin" : 51.50,
    "netProfit" : 27.10
  }, {
    "date" : "2023-09-30",
    "sales" : 60.87,
    "salesGrowthYoY" : 22.82,
    "grossProfitMargin" : 100.00,
    "grossProfit" : 60.87,
    "operatingProfitMargin" : 81.85,
    "operatingProfit" : 49.82,
    "netProfitMargin" : 65.14,
    "netProfit" : 39.65
  }, {
    "date" : "2023-12-31",
    "sales" : 64.83,
    "salesGrowthYoY" : 27.17,
    "grossProfitMargin" : 100.00,
    "grossProfit" : 64.83,
    "operatingProfitMargin" : 66.98,
    "operatingProfit" : 43.42,
    "netProfitMargin" : 53.45,
    "netProfit" : 34.65
  }, {
    "date" : "2024-03-31",
    "sales" : 63.26,
    "salesGrowthYoY" : 21.61,
    "grossProfitMargin" : 100.00,
    "grossProfit" : 63.26,
    "operatingProfitMargin" : 47.71,
    "operatingProfit" : 30.18,
    "netProfitMargin" : 40.72,
    "netProfit" : 25.76
  }, {
    "date" : "2024-06-30",
    "sales" : 73.92,
    "salesGrowthYoY" : 40.48,
    "grossProfitMargin" : 100.00,
    "grossProfit" : 73.92,
    "operatingProfitMargin" : 73.55,
    "operatingProfit" : 54.37,
    "netProfitMargin" : 58.93,
    "netProfit" : 43.56
  }, {
    "date" : "2024-09-30",
    "sales" : 80.61,
    "salesGrowthYoY" : 32.43,
    "grossProfitMargin" : 100.00,
    "grossProfit" : 80.61,
    "operatingProfitMargin" : 73.77,
    "operatingProfit" : 59.47,
    "netProfitMargin" : 59.74,
    "netProfit" : 48.16
  }, {
    "date" : "2024-12-31",
    "sales" : 77.67,
    "salesGrowthYoY" : 19.81,
    "grossProfitMargin" : 100.00,
    "grossProfit" : 77.67,
    "operatingProfitMargin" : 71.56,
    "operatingProfit" : 55.58,
    "netProfitMargin" : 56.95,
    "netProfit" : 44.23
  }, {
    "date" : "2025-03-31",
    "sales" : 78.49,
    "salesGrowthYoY" : 24.08,
    "grossProfitMargin" : 100.00,
    "grossProfit" : 78.49,
    "operatingProfitMargin" : 47.50,
    "operatingProfit" : 37.28,
    "netProfitMargin" : 39.00,
    "netProfit" : 30.61
  }, {
    "date" : "2025-06-30",
    "sales" : 88.07,
    "salesGrowthYoY" : 19.14,
    "grossProfitMargin" : 100.00,
    "grossProfit" : 88.07,
    "operatingProfitMargin" : 64.18,
    "operatingProfit" : 56.52,
    "netProfitMargin" : 52.05,
    "netProfit" : 45.84
  }, {
    "date" : "2025-09-30",
    "sales" : 89.22,
    "salesGrowthYoY" : 10.68,
    "grossProfitMargin" : 100.00,
    "grossProfit" : 89.22,
    "operatingProfitMargin" : 76.03,
    "operatingProfit" : 67.83,
    "netProfitMargin" : 59.62,
    "netProfit" : 53.19
  }, {
    "date" : "2025-12-31",
    "sales" : 94.29,
    "salesGrowthYoY" : 21.40,
    "grossProfitMargin" : 100.00,
    "grossProfit" : 94.29,
    "operatingProfitMargin" : 79.03,
    "operatingProfit" : 74.52,
    "netProfitMargin" : 62.21,
    "netProfit" : 58.66
  } ],
  "latestQuarterlyResult" : {
    "date" : "2025-12-31",
    "sales" : 94.29,
    "salesGrowthYoY" : 21.40,
    "grossProfitMargin" : 100.00,
    "grossProfit" : 94.29,
    "operatingProfitMargin" : 79.03,
    "operatingProfit" : 74.52,
    "netProfitMargin" : 62.21,
    "netProfit" : 58.66
  },
  "companyScore" : {
    "priceHigherThanDma50" : 5.00,
    "priceHigherThanDma100" : 5.00,
    "priceHigherThanDma200" : 0.00,
    "dma50HigherThanDma100" : 0.00,
    "dma50HigherThanDma200" : 0.00,
    "dma100HigherThanDma200" : 0.00,
    "pricePercentageAboveDma50" : 4.92,
    "pricePercentageAboveDma100" : 4.98,
    "pricePercentageAboveDma200" : 5.28,
    "weeklyVolumeHigherThanYearlyVolume" : 0.00,
    "salesGrowthPercentile" : 9.00,
    "operatingProfitMarginPercentile" : 19.52,
    "netProfitMarginPercentile" : 9.64,
    "totalTechnicalScore" : 25.17,
    "totalFundamentalScore" : 38.17,
    "totalScore" : 63.34
  }
}