{
  "metadata" : {
    "screenerCompanyId" : "3437",
    "companyCode" : "TITAN",
    "companyName" : "Titan Company",
    "screenerCompanyLink" : "https://www.screener.in/company/TITAN/consolidated/",
    "screenerTechnicalHistoryLink" : "https://www.screener.in/api/company/3437/chart/?q=Price-DMA50-DMA200-Volume&days=365",
    "screenerQuarterlyResultsLink" : "https://www.screener.in/api/company/3437/chart/?q=GPM-OPM-NPM-Quarter+Sales&days=10000",
    "attributes" : {
      "companyCode" : "TITAN",
      "companyName" : "Titan Company",
      "marketCap" : 367632.00,
      "peRatio" : 89.00,
      "description" : "Titan Company Ltd is among India’s most respected lifestyle companies. It has established leadership positions in the Watches, Jewellery and Eyewear categories led by its trusted brands and differentiated customer experience. It was founded in 1984 as a joint-venture between TATA Group and Tamilnadu Industrial Development Corporation (TIDCO). [1]"
    },
    "companyScore" : {
      "priceHigherThanDma50" : 5.00,
      "priceHigherThanDma100" : 5.00,
      "priceHigherThanDma200" : 5.00,
      "dma50HigherThanDma100" : 5.00,
      "dma50HigherThanDma200" : 5.00,
      "dma100HigherThanDma200" : 5.00,
      "pricePercentageAboveDma50" : 4.82,
      "pricePercentageAboveDma100" : 4.59,
      "pricePercentageAboveDma200" : 4.44,
      "weeklyVolumeHigherThanYearlyVolume" : 5.00,
      "salesGrowthPercentile" : 11.39,
      "operatingProfitMarginPercentile" : 16.00,
      "netProfitMarginPercentile" : 8.28,
      "totalTechnicalScore" : 48.85,
      "totalFundamentalScore" : 35.66,
      "totalScore" : 84.51
    }
  },
  "attributes" : {
    "companyCode" : "TITAN",
    "companyName" : "Titan Company",
    "marketCap" : 367632.00,
    "peRatio" : 89.00,
    "description" : "Titan Company Ltd is among India’s most respected lifestyle companies. It has established leadership positions in the Watches, Jewellery and Eyewear categories led by its trusted brands and differentiated customer experience. It was founded in 1984 as a joint-venture between TATA Group and Tamilnadu Industrial Development Corporation (TIDCO). [1]"
  },
  "technicalHistory" : [ {
    "date" : "2025-02-10",
    "price" : 3327.45,
    "dma50" : 3402.37,
    "dma100" : null,
    "dma200" : 3413.31,
    "volume" : 920589.00
  }, {
    "date" : "2025-02-11",
    "price" : 3281.80,
    "dma50" : 3397.65,
    "dma100" : null,
    "dma200" : 3412.00,
    "volume" : 945944.00
  }, {
    "date" : "2025-02-12",
    "price" : 3255.45,
    "dma50" : 3392.07,
    "dma100" : null,
    "dma200" : 3410.45,
    "volume" : 800479.00
  }, {
    "date" : "2025-02-13",
    "price" : 3231.50,
    "dma50" : 3385.77,
    "dma100" : null,
    "dma200" : 3408.67,
    "volume" : 738353.00
  }, {
    "date" : "2025-02-14",
    "price" : 3213.25,
    "dma50" : 3379.01,
    "dma100" : null,
    "dma200" : 3406.72,
    "volume" : 598102.00
  }, {
    "date" : "2025-02-17",
    "price" : 3233.20,
    "dma50" : 3373.29,
    "dma100" : null,
    "dma200" : 3405.00,
    "volume" : 720911.00
  }, {
    "date" : "2025-02-18",
    "price" : 3221.85,
    "dma50" : 3367.35,
    "dma100" : null,
    "dma200" : 3403.17,
    "volume" : 608893.00
  }, {
    "date" : "2025-02-19",
    "price" : 3210.30,
    "dma50" : 3361.19,
    "dma100" : null,
    "dma200" : 3401.25,
    "volume" : 529112.00
  }, {
    "date" : "2025-02-20",
    "price" : 3191.45,
    "dma50" : 3354.53,
    "dma100" : null,
    "dma200" : 3399.17,
    "volume" : 663382.00
  }, {
    "date" : "2025-02-21",
    "price" : 3179.90,
    "dma50" : 3347.69,
    "dma100" : null,
    "dma200" : 3396.98,
    "volume" : 420156.00
  }, {
    "date" : "2025-02-24",
    "price" : 3173.00,
    "dma50" : 3340.84,
    "dma100" : null,
    "dma200" : 3394.76,
    "volume" : 442410.00
  }, {
    "date" : "2025-02-25",
    "price" : 3198.80,
    "dma50" : 3335.27,
    "dma100" : null,
    "dma200" : 3392.81,
    "volume" : 681678.00
  }, {
    "date" : "2025-02-27",
    "price" : 3223.10,
    "dma50" : 3330.87,
    "dma100" : null,
    "dma200" : 3391.12,
    "volume" : 616488.00
  }, {
    "date" : "2025-02-28",
    "price" : 3077.25,
    "dma50" : 3320.92,
    "dma100" : null,
    "dma200" : 3387.99,
    "volume" : 1349741.00
  }, {
    "date" : "2025-03-03",
    "price" : 3082.00,
    "dma50" : 3311.55,
    "dma100" : null,
    "dma200" : 3384.95,
    "volume" : 525643.00
  }, {
    "date" : "2025-03-04",
    "price" : 3048.50,
    "dma50" : 3301.24,
    "dma100" : null,
    "dma200" : 3381.60,
    "volume" : 1224210.00
  }, {
    "date" : "2025-03-05",
    "price" : 3086.55,
    "dma50" : 3292.82,
    "dma100" : null,
    "dma200" : 3378.67,
    "volume" : 604215.00
  }, {
    "date" : "2025-03-06",
    "price" : 3121.10,
    "dma50" : 3286.08,
    "dma100" : null,
    "dma200" : 3376.10,
    "volume" : 1412179.00
  }, {
    "date" : "2025-03-07",
    "price" : 3079.35,
    "dma50" : 3277.98,
    "dma100" : null,
    "dma200" : 3373.15,
    "volume" : 1040003.00
  }, {
    "date" : "2025-03-10",
    "price" : 3026.80,
    "dma50" : 3268.13,
    "dma100" : null,
    "dma200" : 3369.70,
    "volume" : 879702.00
  }, {
    "date" : "2025-03-11",
    "price" : 3046.40,
    "dma50" : 3259.43,
    "dma100" : null,
    "dma200" : 3366.49,
    "volume" : 591051.00
  }, {
    "date" : "2025-03-12",
    "price" : 3018.95,
    "dma50" : 3250.00,
    "dma100" : null,
    "dma200" : 3363.03,
    "volume" : 500345.00
  }, {
    "date" : "2025-03-13",
    "price" : 3010.15,
    "dma50" : 3240.59,
    "dma100" : null,
    "dma200" : 3359.52,
    "volume" : 797921.00
  }, {
    "date" : "2025-03-17",
    "price" : 3017.35,
    "dma50" : 3231.84,
    "dma100" : null,
    "dma200" : 3356.11,
    "volume" : 642772.00
  }, {
    "date" : "2025-03-18",
    "price" : 3081.70,
    "dma50" : 3225.95,
    "dma100" : null,
    "dma200" : 3353.38,
    "volume" : 967472.00
  }, {
    "date" : "2025-03-19",
    "price" : 3076.30,
    "dma50" : 3220.08,
    "dma100" : null,
    "dma200" : 3350.63,
    "volume" : 755189.00
  }, {
    "date" : "2025-03-20",
    "price" : 3193.10,
    "dma50" : 3219.02,
    "dma100" : null,
    "dma200" : 3349.06,
    "volume" : 1581598.00
  }, {
    "date" : "2025-03-21",
    "price" : 3162.70,
    "dma50" : 3216.82,
    "dma100" : null,
    "dma200" : 3347.20,
    "volume" : 1200577.00
  }, {
    "date" : "2025-03-24",
    "price" : 3079.10,
    "dma50" : 3211.42,
    "dma100" : null,
    "dma200" : 3344.54,
    "volume" : 1553095.00
  }, {
    "date" : "2025-03-25",
    "price" : 3053.70,
    "dma50" : 3205.23,
    "dma100" : null,
    "dma200" : 3341.64,
    "volume" : 1212747.00
  }, {
    "date" : "2025-03-26",
    "price" : 3057.50,
    "dma50" : 3199.44,
    "dma100" : null,
    "dma200" : 3338.82,
    "volume" : 1047216.00
  }, {
    "date" : "2025-03-27",
    "price" : 3087.65,
    "dma50" : 3195.05,
    "dma100" : null,
    "dma200" : 3336.32,
    "volume" : 1658016.00
  }, {
    "date" : "2025-03-28",
    "price" : 3063.35,
    "dma50" : 3189.89,
    "dma100" : null,
    "dma200" : 3333.60,
    "volume" : 800578.00
  }, {
    "date" : "2025-04-01",
    "price" : 2986.95,
    "dma50" : 3181.93,
    "dma100" : null,
    "dma200" : 3330.15,
    "volume" : 1144749.00
  }, {
    "date" : "2025-04-02",
    "price" : 3098.45,
    "dma50" : 3178.66,
    "dma100" : null,
    "dma200" : 3327.85,
    "volume" : 1708040.00
  }, {
    "date" : "2025-04-03",
    "price" : 3127.55,
    "dma50" : 3176.65,
    "dma100" : null,
    "dma200" : 3325.85,
    "volume" : 1167436.00
  }, {
    "date" : "2025-04-04",
    "price" : 3076.20,
    "dma50" : 3172.71,
    "dma100" : null,
    "dma200" : 3323.37,
    "volume" : 919864.00
  }, {
    "date" : "2025-04-07",
    "price" : 3022.20,
    "dma50" : 3166.81,
    "dma100" : null,
    "dma200" : 3320.37,
    "volume" : 1409491.00
  }, {
    "date" : "2025-04-08",
    "price" : 3122.30,
    "dma50" : 3165.07,
    "dma100" : null,
    "dma200" : 3318.40,
    "volume" : 2958828.00
  }, {
    "date" : "2025-04-09",
    "price" : 3174.15,
    "dma50" : 3165.42,
    "dma100" : null,
    "dma200" : 3316.97,
    "volume" : 1254655.00
  }, {
    "date" : "2025-04-11",
    "price" : 3234.90,
    "dma50" : 3168.15,
    "dma100" : null,
    "dma200" : 3316.15,
    "volume" : 868640.00
  }, {
    "date" : "2025-04-15",
    "price" : 3273.40,
    "dma50" : 3172.27,
    "dma100" : null,
    "dma200" : 3315.72,
    "volume" : 1150037.00
  }, {
    "date" : "2025-04-16",
    "price" : 3272.10,
    "dma50" : 3176.19,
    "dma100" : null,
    "dma200" : 3315.29,
    "volume" : 897695.00
  }, {
    "date" : "2025-04-17",
    "price" : 3327.50,
    "dma50" : 3182.12,
    "dma100" : null,
    "dma200" : 3315.41,
    "volume" : 1104209.00
  }, {
    "date" : "2025-04-21",
    "price" : 3336.10,
    "dma50" : 3188.16,
    "dma100" : null,
    "dma200" : 3315.62,
    "volume" : 684780.00
  }, {
    "date" : "2025-04-22",
    "price" : 3337.40,
    "dma50" : 3194.01,
    "dma100" : null,
    "dma200" : 3315.83,
    "volume" : 640641.00
  }, {
    "date" : "2025-04-23",
    "price" : 3357.30,
    "dma50" : 3200.42,
    "dma100" : null,
    "dma200" : 3316.25,
    "volume" : 643122.00
  }, {
    "date" : "2025-04-24",
    "price" : 3382.60,
    "dma50" : 3207.56,
    "dma100" : null,
    "dma200" : 3316.91,
    "volume" : 918008.00
  }, {
    "date" : "2025-04-25",
    "price" : 3365.20,
    "dma50" : 3213.74,
    "dma100" : null,
    "dma200" : 3317.39,
    "volume" : 748536.00
  }, {
    "date" : "2025-04-28",
    "price" : 3369.10,
    "dma50" : 3219.84,
    "dma100" : null,
    "dma200" : 3317.90,
    "volume" : 397556.00
  }, {
    "date" : "2025-04-29",
    "price" : 3378.60,
    "dma50" : 3226.06,
    "dma100" : null,
    "dma200" : 3318.51,
    "volume" : 599638.00
  }, {
    "date" : "2025-04-30",
    "price" : 3379.70,
    "dma50" : 3232.09,
    "dma100" : null,
    "dma200" : 3319.11,
    "volume" : 741936.00
  }, {
    "date" : "2025-05-02",
    "price" : 3341.00,
    "dma50" : 3236.36,
    "dma100" : null,
    "dma200" : 3319.33,
    "volume" : 678870.00
  }, {
    "date" : "2025-05-05",
    "price" : 3321.80,
    "dma50" : 3239.71,
    "dma100" : null,
    "dma200" : 3319.36,
    "volume" : 577438.00
  }, {
    "date" : "2025-05-06",
    "price" : 3299.30,
    "dma50" : 3242.05,
    "dma100" : null,
    "dma200" : 3319.16,
    "volume" : 671994.00
  }, {
    "date" : "2025-05-07",
    "price" : 3338.90,
    "dma50" : 3245.84,
    "dma100" : null,
    "dma200" : 3319.35,
    "volume" : 1068617.00
  }, {
    "date" : "2025-05-08",
    "price" : 3369.30,
    "dma50" : 3250.68,
    "dma100" : null,
    "dma200" : 3319.85,
    "volume" : 1647498.00
  }, {
    "date" : "2025-05-09",
    "price" : 3510.30,
    "dma50" : 3260.87,
    "dma100" : null,
    "dma200" : 3321.75,
    "volume" : 3020872.00
  }, {
    "date" : "2025-05-12",
    "price" : 3562.90,
    "dma50" : 3272.71,
    "dma100" : null,
    "dma200" : 3324.14,
    "volume" : 1011074.00
  }, {
    "date" : "2025-05-13",
    "price" : 3563.20,
    "dma50" : 3284.10,
    "dma100" : null,
    "dma200" : 3326.52,
    "volume" : 1036463.00
  }, {
    "date" : "2025-05-14",
    "price" : 3587.60,
    "dma50" : 3296.00,
    "dma100" : null,
    "dma200" : 3329.12,
    "volume" : 618200.00
  }, {
    "date" : "2025-05-15",
    "price" : 3636.80,
    "dma50" : 3309.37,
    "dma100" : null,
    "dma200" : 3332.18,
    "volume" : 1283317.00
  }, {
    "date" : "2025-05-16",
    "price" : 3633.70,
    "dma50" : 3322.09,
    "dma100" : null,
    "dma200" : 3335.18,
    "volume" : 550620.00
  }, {
    "date" : "2025-05-19",
    "price" : 3617.70,
    "dma50" : 3333.68,
    "dma100" : null,
    "dma200" : 3337.99,
    "volume" : 400957.00
  }, {
    "date" : "2025-05-20",
    "price" : 3580.60,
    "dma50" : 3343.36,
    "dma100" : null,
    "dma200" : 3340.41,
    "volume" : 826515.00
  }, {
    "date" : "2025-05-21",
    "price" : 3580.50,
    "dma50" : 3352.66,
    "dma100" : null,
    "dma200" : 3342.80,
    "volume" : 421293.00
  }, {
    "date" : "2025-05-22",
    "price" : 3541.00,
    "dma50" : 3360.05,
    "dma100" : null,
    "dma200" : 3344.77,
    "volume" : 717875.00
  }, {
    "date" : "2025-05-23",
    "price" : 3579.70,
    "dma50" : 3368.66,
    "dma100" : null,
    "dma200" : 3347.11,
    "volume" : 432095.00
  }, {
    "date" : "2025-05-26",
    "price" : 3610.30,
    "dma50" : 3378.14,
    "dma100" : null,
    "dma200" : 3349.73,
    "volume" : 534949.00
  }, {
    "date" : "2025-05-27",
    "price" : 3589.40,
    "dma50" : 3386.42,
    "dma100" : null,
    "dma200" : 3352.11,
    "volume" : 1088629.00
  }, {
    "date" : "2025-05-28",
    "price" : 3574.70,
    "dma50" : 3393.81,
    "dma100" : null,
    "dma200" : 3354.33,
    "volume" : 467773.00
  }, {
    "date" : "2025-05-29",
    "price" : 3588.30,
    "dma50" : 3401.43,
    "dma100" : null,
    "dma200" : 3356.65,
    "volume" : 519978.00
  }, {
    "date" : "2025-05-30",
    "price" : 3555.00,
    "dma50" : 3407.46,
    "dma100" : null,
    "dma200" : 3358.63,
    "volume" : 983040.00
  }, {
    "date" : "2025-06-02",
    "price" : 3525.50,
    "dma50" : 3412.08,
    "dma100" : null,
    "dma200" : 3360.29,
    "volume" : 738670.00
  }, {
    "date" : "2025-06-03",
    "price" : 3519.80,
    "dma50" : 3416.31,
    "dma100" : null,
    "dma200" : 3361.87,
    "volume" : 707623.00
  }, {
    "date" : "2025-06-04",
    "price" : 3499.80,
    "dma50" : 3419.58,
    "dma100" : null,
    "dma200" : 3363.25,
    "volume" : 423351.00
  }, {
    "date" : "2025-06-05",
    "price" : 3504.00,
    "dma50" : 3422.89,
    "dma100" : null,
    "dma200" : 3364.65,
    "volume" : 625829.00
  }, {
    "date" : "2025-06-06",
    "price" : 3559.90,
    "dma50" : 3428.27,
    "dma100" : null,
    "dma200" : 3366.59,
    "volume" : 617183.00
  }, {
    "date" : "2025-06-09",
    "price" : 3533.90,
    "dma50" : 3432.41,
    "dma100" : null,
    "dma200" : 3368.26,
    "volume" : 561769.00
  }, {
    "date" : "2025-06-10",
    "price" : 3524.20,
    "dma50" : 3436.01,
    "dma100" : null,
    "dma200" : 3369.81,
    "volume" : 671488.00
  }, {
    "date" : "2025-06-11",
    "price" : 3541.60,
    "dma50" : 3440.15,
    "dma100" : null,
    "dma200" : 3371.52,
    "volume" : 522880.00
  }, {
    "date" : "2025-06-12",
    "price" : 3452.70,
    "dma50" : 3440.64,
    "dma100" : null,
    "dma200" : 3372.32,
    "volume" : 823440.00
  }, {
    "date" : "2025-06-13",
    "price" : 3421.90,
    "dma50" : 3439.91,
    "dma100" : null,
    "dma200" : 3372.82,
    "volume" : 849088.00
  }, {
    "date" : "2025-06-16",
    "price" : 3438.10,
    "dma50" : 3439.84,
    "dma100" : null,
    "dma200" : 3373.47,
    "volume" : 548634.00
  }, {
    "date" : "2025-06-17",
    "price" : 3405.70,
    "dma50" : 3438.50,
    "dma100" : null,
    "dma200" : 3373.79,
    "volume" : 1015452.00
  }, {
    "date" : "2025-06-18",
    "price" : 3467.80,
    "dma50" : 3439.65,
    "dma100" : null,
    "dma200" : 3374.72,
    "volume" : 986275.00
  }, {
    "date" : "2025-06-19",
    "price" : 3505.40,
    "dma50" : 3442.22,
    "dma100" : null,
    "dma200" : 3376.02,
    "volume" : 1057390.00
  }, {
    "date" : "2025-06-20",
    "price" : 3519.00,
    "dma50" : 3445.24,
    "dma100" : null,
    "dma200" : 3377.45,
    "volume" : 2955749.00
  }, {
    "date" : "2025-06-23",
    "price" : 3505.70,
    "dma50" : 3447.61,
    "dma100" : null,
    "dma200" : 3378.72,
    "volume" : 668446.00
  }, {
    "date" : "2025-06-24",
    "price" : 3526.00,
    "dma50" : 3450.68,
    "dma100" : null,
    "dma200" : 3380.19,
    "volume" : 1046690.00
  }, {
    "date" : "2025-06-25",
    "price" : 3652.20,
    "dma50" : 3458.58,
    "dma100" : null,
    "dma200" : 3382.89,
    "volume" : 2770874.00
  }, {
    "date" : "2025-06-26",
    "price" : 3694.70,
    "dma50" : 3467.84,
    "dma100" : null,
    "dma200" : 3386.00,
    "volume" : 1677809.00
  }, {
    "date" : "2025-06-27",
    "price" : 3666.20,
    "dma50" : 3475.62,
    "dma100" : null,
    "dma200" : 3388.78,
    "volume" : 616659.00
  }, {
    "date" : "2025-06-30",
    "price" : 3690.20,
    "dma50" : 3484.04,
    "dma100" : null,
    "dma200" : 3391.78,
    "volume" : 932149.00
  }, {
    "date" : "2025-07-01",
    "price" : 3700.50,
    "dma50" : 3492.53,
    "dma100" : null,
    "dma200" : 3394.86,
    "volume" : 962946.00
  }, {
    "date" : "2025-07-02",
    "price" : 3708.00,
    "dma50" : 3500.98,
    "dma100" : null,
    "dma200" : 3397.97,
    "volume" : 592609.00
  }, {
    "date" : "2025-07-03",
    "price" : 3678.70,
    "dma50" : 3507.95,
    "dma100" : null,
    "dma200" : 3400.76,
    "volume" : 536532.00
  }, {
    "date" : "2025-07-04",
    "price" : 3686.90,
    "dma50" : 3514.96,
    "dma100" : null,
    "dma200" : 3403.61,
    "volume" : 648451.00
  }, {
    "date" : "2025-07-07",
    "price" : 3666.10,
    "dma50" : 3520.89,
    "dma100" : null,
    "dma200" : 3406.22,
    "volume" : 836110.00
  }, {
    "date" : "2025-07-08",
    "price" : 3441.30,
    "dma50" : 3517.77,
    "dma100" : null,
    "dma200" : 3406.57,
    "volume" : 4120857.00
  }, {
    "date" : "2025-07-09",
    "price" : 3432.10,
    "dma50" : 3514.41,
    "dma100" : 3351.55,
    "dma200" : 3406.83,
    "volume" : 1904383.00
  }, {
    "date" : "2025-07-10",
    "price" : 3419.80,
    "dma50" : 3510.70,
    "dma100" : 3352.93,
    "dma200" : 3406.96,
    "volume" : 509404.00
  }, {
    "date" : "2025-07-11",
    "price" : 3361.60,
    "dma50" : 3504.85,
    "dma100" : 3353.99,
    "dma200" : 3406.50,
    "volume" : 877616.00
  }, {
    "date" : "2025-07-14",
    "price" : 3404.70,
    "dma50" : 3500.92,
    "dma100" : 3355.72,
    "dma200" : 3406.49,
    "volume" : 905898.00
  }, {
    "date" : "2025-07-15",
    "price" : 3415.00,
    "dma50" : 3497.55,
    "dma100" : 3357.74,
    "dma200" : 3406.57,
    "volume" : 708859.00
  }, {
    "date" : "2025-07-16",
    "price" : 3417.30,
    "dma50" : 3494.41,
    "dma100" : 3359.58,
    "dma200" : 3406.68,
    "volume" : 677357.00
  }, {
    "date" : "2025-07-17",
    "price" : 3433.30,
    "dma50" : 3492.01,
    "dma100" : 3361.69,
    "dma200" : 3406.94,
    "volume" : 567806.00
  }, {
    "date" : "2025-07-18",
    "price" : 3402.90,
    "dma50" : 3488.52,
    "dma100" : 3363.62,
    "dma200" : 3406.90,
    "volume" : 299586.00
  }, {
    "date" : "2025-07-21",
    "price" : 3433.00,
    "dma50" : 3486.34,
    "dma100" : 3366.03,
    "dma200" : 3407.16,
    "volume" : 567979.00
  }, {
    "date" : "2025-07-22",
    "price" : 3472.40,
    "dma50" : 3485.79,
    "dma100" : 3368.96,
    "dma200" : 3407.81,
    "volume" : 1846024.00
  }, {
    "date" : "2025-07-23",
    "price" : 3471.40,
    "dma50" : 3485.23,
    "dma100" : 3371.94,
    "dma200" : 3408.44,
    "volume" : 594208.00
  }, {
    "date" : "2025-07-24",
    "price" : 3484.40,
    "dma50" : 3485.20,
    "dma100" : 3374.80,
    "dma200" : 3409.20,
    "volume" : 659734.00
  }, {
    "date" : "2025-07-25",
    "price" : 3462.80,
    "dma50" : 3484.32,
    "dma100" : 3377.20,
    "dma200" : 3409.73,
    "volume" : 633881.00
  }, {
    "date" : "2025-07-28",
    "price" : 3393.00,
    "dma50" : 3480.74,
    "dma100" : 3380.35,
    "dma200" : 3409.57,
    "volume" : 620057.00
  }, {
    "date" : "2025-07-29",
    "price" : 3379.20,
    "dma50" : 3476.75,
    "dma100" : 3383.33,
    "dma200" : 3409.26,
    "volume" : 529493.00
  }, {
    "date" : "2025-07-30",
    "price" : 3376.50,
    "dma50" : 3472.82,
    "dma100" : 3386.61,
    "dma200" : 3408.94,
    "volume" : 466106.00
  }, {
    "date" : "2025-07-31",
    "price" : 3347.30,
    "dma50" : 3467.90,
    "dma100" : 3389.21,
    "dma200" : 3408.33,
    "volume" : 569832.00
  }, {
    "date" : "2025-08-01",
    "price" : 3316.00,
    "dma50" : 3461.94,
    "dma100" : 3391.16,
    "dma200" : 3407.41,
    "volume" : 431186.00
  }, {
    "date" : "2025-08-04",
    "price" : 3356.30,
    "dma50" : 3457.80,
    "dma100" : 3393.93,
    "dma200" : 3406.90,
    "volume" : 455386.00
  }, {
    "date" : "2025-08-05",
    "price" : 3418.20,
    "dma50" : 3456.25,
    "dma100" : 3397.85,
    "dma200" : 3407.01,
    "volume" : 862828.00
  }, {
    "date" : "2025-08-06",
    "price" : 3417.70,
    "dma50" : 3454.74,
    "dma100" : 3401.56,
    "dma200" : 3407.12,
    "volume" : 657188.00
  }, {
    "date" : "2025-08-07",
    "price" : 3415.70,
    "dma50" : 3453.21,
    "dma100" : 3405.53,
    "dma200" : 3407.20,
    "volume" : 525535.00
  }, {
    "date" : "2025-08-08",
    "price" : 3460.20,
    "dma50" : 3453.48,
    "dma100" : 3410.03,
    "dma200" : 3407.73,
    "volume" : 2253410.00
  }, {
    "date" : "2025-08-11",
    "price" : 3467.90,
    "dma50" : 3454.05,
    "dma100" : 3414.53,
    "dma200" : 3408.33,
    "volume" : 592828.00
  }, {
    "date" : "2025-08-12",
    "price" : 3486.80,
    "dma50" : 3455.33,
    "dma100" : 3418.58,
    "dma200" : 3409.11,
    "volume" : 946933.00
  }, {
    "date" : "2025-08-13",
    "price" : 3466.80,
    "dma50" : 3455.78,
    "dma100" : 3422.49,
    "dma200" : 3409.68,
    "volume" : 369280.00
  }, {
    "date" : "2025-08-14",
    "price" : 3489.40,
    "dma50" : 3457.10,
    "dma100" : 3425.45,
    "dma200" : 3410.48,
    "volume" : 606307.00
  }, {
    "date" : "2025-08-18",
    "price" : 3554.80,
    "dma50" : 3460.93,
    "dma100" : 3429.37,
    "dma200" : 3411.91,
    "volume" : 1279110.00
  }, {
    "date" : "2025-08-19",
    "price" : 3568.10,
    "dma50" : 3465.13,
    "dma100" : 3434.26,
    "dma200" : 3413.47,
    "volume" : 551821.00
  }, {
    "date" : "2025-08-20",
    "price" : 3595.00,
    "dma50" : 3470.23,
    "dma100" : 3439.68,
    "dma200" : 3415.27,
    "volume" : 546617.00
  }, {
    "date" : "2025-08-21",
    "price" : 3616.30,
    "dma50" : 3475.95,
    "dma100" : 3445.26,
    "dma200" : 3417.27,
    "volume" : 687695.00
  }, {
    "date" : "2025-08-22",
    "price" : 3621.00,
    "dma50" : 3481.64,
    "dma100" : 3450.60,
    "dma200" : 3419.30,
    "volume" : 701495.00
  }, {
    "date" : "2025-08-25",
    "price" : 3651.40,
    "dma50" : 3488.30,
    "dma100" : 3456.48,
    "dma200" : 3421.61,
    "volume" : 715569.00
  }, {
    "date" : "2025-08-26",
    "price" : 3594.00,
    "dma50" : 3492.44,
    "dma100" : 3462.55,
    "dma200" : 3423.33,
    "volume" : 1008677.00
  }, {
    "date" : "2025-08-28",
    "price" : 3637.70,
    "dma50" : 3498.14,
    "dma100" : 3467.94,
    "dma200" : 3425.46,
    "volume" : 1012968.00
  }, {
    "date" : "2025-08-29",
    "price" : 3628.80,
    "dma50" : 3503.26,
    "dma100" : 3472.95,
    "dma200" : 3427.48,
    "volume" : 668889.00
  }, {
    "date" : "2025-09-01",
    "price" : 3618.60,
    "dma50" : 3507.79,
    "dma100" : 3478.38,
    "dma200" : 3429.38,
    "volume" : 308565.00
  }, {
    "date" : "2025-09-02",
    "price" : 3620.60,
    "dma50" : 3512.21,
    "dma100" : 3484.36,
    "dma200" : 3431.29,
    "volume" : 543089.00
  }, {
    "date" : "2025-09-03",
    "price" : 3690.60,
    "dma50" : 3519.21,
    "dma100" : 3490.04,
    "dma200" : 3433.87,
    "volume" : 804625.00
  }, {
    "date" : "2025-09-04",
    "price" : 3691.10,
    "dma50" : 3525.95,
    "dma100" : 3495.21,
    "dma200" : 3436.43,
    "volume" : 659147.00
  }, {
    "date" : "2025-09-05",
    "price" : 3665.30,
    "dma50" : 3531.41,
    "dma100" : 3499.52,
    "dma200" : 3438.70,
    "volume" : 460261.00
  }, {
    "date" : "2025-09-08",
    "price" : 3658.00,
    "dma50" : 3536.38,
    "dma100" : 3503.36,
    "dma200" : 3440.89,
    "volume" : 561608.00
  }, {
    "date" : "2025-09-09",
    "price" : 3630.10,
    "dma50" : 3540.05,
    "dma100" : 3506.94,
    "dma200" : 3442.77,
    "volume" : 442702.00
  }, {
    "date" : "2025-09-10",
    "price" : 3620.60,
    "dma50" : 3543.21,
    "dma100" : 3509.87,
    "dma200" : 3444.54,
    "volume" : 417922.00
  }, {
    "date" : "2025-09-11",
    "price" : 3584.20,
    "dma50" : 3544.82,
    "dma100" : 3512.36,
    "dma200" : 3445.93,
    "volume" : 504270.00
  }, {
    "date" : "2025-09-12",
    "price" : 3571.90,
    "dma50" : 3545.88,
    "dma100" : 3514.70,
    "dma200" : 3447.18,
    "volume" : 286124.00
  }, {
    "date" : "2025-09-15",
    "price" : 3534.10,
    "dma50" : 3545.42,
    "dma100" : 3516.47,
    "dma200" : 3448.05,
    "volume" : 376132.00
  }, {
    "date" : "2025-09-16",
    "price" : 3556.80,
    "dma50" : 3545.86,
    "dma100" : 3518.21,
    "dma200" : 3449.13,
    "volume" : 743263.00
  }, {
    "date" : "2025-09-17",
    "price" : 3523.00,
    "dma50" : 3544.97,
    "dma100" : 3519.79,
    "dma200" : 3449.86,
    "volume" : 1169303.00
  }, {
    "date" : "2025-09-18",
    "price" : 3511.30,
    "dma50" : 3543.65,
    "dma100" : 3521.21,
    "dma200" : 3450.47,
    "volume" : 851013.00
  }, {
    "date" : "2025-09-19",
    "price" : 3467.20,
    "dma50" : 3540.65,
    "dma100" : 3522.10,
    "dma200" : 3450.64,
    "volume" : 2359594.00
  }, {
    "date" : "2025-09-22",
    "price" : 3457.50,
    "dma50" : 3537.39,
    "dma100" : 3522.88,
    "dma200" : 3450.71,
    "volume" : 828113.00
  }, {
    "date" : "2025-09-23",
    "price" : 3439.20,
    "dma50" : 3533.54,
    "dma100" : 3523.86,
    "dma200" : 3450.59,
    "volume" : 1168180.00
  }, {
    "date" : "2025-09-24",
    "price" : 3418.30,
    "dma50" : 3529.02,
    "dma100" : 3524.82,
    "dma200" : 3450.27,
    "volume" : 1154226.00
  }, {
    "date" : "2025-09-25",
    "price" : 3378.50,
    "dma50" : 3523.12,
    "dma100" : 3525.61,
    "dma200" : 3449.56,
    "volume" : 1215250.00
  }, {
    "date" : "2025-09-26",
    "price" : 3327.30,
    "dma50" : 3515.44,
    "dma100" : 3525.50,
    "dma200" : 3448.34,
    "volume" : 7550948.00
  }, {
    "date" : "2025-09-29",
    "price" : 3401.20,
    "dma50" : 3510.96,
    "dma100" : 3525.82,
    "dma200" : 3447.87,
    "volume" : 1484815.00
  }, {
    "date" : "2025-09-30",
    "price" : 3367.00,
    "dma50" : 3505.31,
    "dma100" : 3524.38,
    "dma200" : 3447.07,
    "volume" : 1772626.00
  }, {
    "date" : "2025-10-01",
    "price" : 3408.30,
    "dma50" : 3501.51,
    "dma100" : 3522.84,
    "dma200" : 3446.68,
    "volume" : 863812.00
  }, {
    "date" : "2025-10-03",
    "price" : 3453.30,
    "dma50" : 3499.62,
    "dma100" : 3521.74,
    "dma200" : 3446.75,
    "volume" : 1671164.00
  }, {
    "date" : "2025-10-06",
    "price" : 3425.40,
    "dma50" : 3496.71,
    "dma100" : 3520.12,
    "dma200" : 3446.54,
    "volume" : 1241847.00
  }, {
    "date" : "2025-10-07",
    "price" : 3418.20,
    "dma50" : 3493.63,
    "dma100" : 3517.93,
    "dma200" : 3446.25,
    "volume" : 1006656.00
  }, {
    "date" : "2025-10-08",
    "price" : 3565.60,
    "dma50" : 3496.45,
    "dma100" : 3517.25,
    "dma200" : 3447.44,
    "volume" : 4706741.00
  }, {
    "date" : "2025-10-09",
    "price" : 3550.60,
    "dma50" : 3498.57,
    "dma100" : 3516.58,
    "dma200" : 3448.47,
    "volume" : 622629.00
  }, {
    "date" : "2025-10-10",
    "price" : 3531.90,
    "dma50" : 3499.88,
    "dma100" : 3516.09,
    "dma200" : 3449.30,
    "volume" : 838987.00
  }, {
    "date" : "2025-10-13",
    "price" : 3533.60,
    "dma50" : 3501.20,
    "dma100" : 3515.62,
    "dma200" : 3450.14,
    "volume" : 641427.00
  }, {
    "date" : "2025-10-14",
    "price" : 3537.40,
    "dma50" : 3502.62,
    "dma100" : 3515.59,
    "dma200" : 3451.01,
    "volume" : 972996.00
  }, {
    "date" : "2025-10-15",
    "price" : 3549.00,
    "dma50" : 3504.44,
    "dma100" : 3515.28,
    "dma200" : 3451.98,
    "volume" : 1047532.00
  }, {
    "date" : "2025-10-16",
    "price" : 3640.30,
    "dma50" : 3509.77,
    "dma100" : 3515.58,
    "dma200" : 3453.85,
    "volume" : 1584561.00
  }, {
    "date" : "2025-10-17",
    "price" : 3674.80,
    "dma50" : 3516.24,
    "dma100" : 3516.43,
    "dma200" : 3456.05,
    "volume" : 1187394.00
  }, {
    "date" : "2025-10-20",
    "price" : 3737.20,
    "dma50" : 3524.91,
    "dma100" : 3518.06,
    "dma200" : 3458.85,
    "volume" : 761012.00
  }, {
    "date" : "2025-10-21",
    "price" : 3729.00,
    "dma50" : 3532.91,
    "dma100" : 3519.47,
    "dma200" : 3461.54,
    "volume" : 177502.00
  }, {
    "date" : "2025-10-23",
    "price" : 3772.30,
    "dma50" : 3542.30,
    "dma100" : 3521.64,
    "dma200" : 3464.63,
    "volume" : 1700337.00
  }, {
    "date" : "2025-10-24",
    "price" : 3714.90,
    "dma50" : 3549.07,
    "dma100" : 3523.53,
    "dma200" : 3467.12,
    "volume" : 596541.00
  }, {
    "date" : "2025-10-27",
    "price" : 3739.80,
    "dma50" : 3556.55,
    "dma100" : 3525.73,
    "dma200" : 3469.83,
    "volume" : 880184.00
  }, {
    "date" : "2025-10-28",
    "price" : 3717.00,
    "dma50" : 3562.84,
    "dma100" : 3527.91,
    "dma200" : 3472.29,
    "volume" : 1503556.00
  }, {
    "date" : "2025-10-29",
    "price" : 3748.30,
    "dma50" : 3570.11,
    "dma100" : 3530.35,
    "dma200" : 3475.04,
    "volume" : 807441.00
  }, {
    "date" : "2025-10-30",
    "price" : 3750.70,
    "dma50" : 3577.19,
    "dma100" : 3532.26,
    "dma200" : 3477.78,
    "volume" : 724563.00
  }, {
    "date" : "2025-10-31",
    "price" : 3746.70,
    "dma50" : 3583.84,
    "dma100" : 3534.38,
    "dma200" : 3480.46,
    "volume" : 920494.00
  }, {
    "date" : "2025-11-03",
    "price" : 3724.50,
    "dma50" : 3589.36,
    "dma100" : 3536.39,
    "dma200" : 3482.89,
    "volume" : 1145557.00
  }, {
    "date" : "2025-11-04",
    "price" : 3813.50,
    "dma50" : 3598.15,
    "dma100" : 3539.11,
    "dma200" : 3486.18,
    "volume" : 2640125.00
  }, {
    "date" : "2025-11-06",
    "price" : 3774.40,
    "dma50" : 3605.06,
    "dma100" : 3542.32,
    "dma200" : 3489.04,
    "volume" : 959514.00
  }, {
    "date" : "2025-11-07",
    "price" : 3769.30,
    "dma50" : 3611.50,
    "dma100" : 3545.80,
    "dma200" : 3491.83,
    "volume" : 758899.00
  }, {
    "date" : "2025-11-10",
    "price" : 3803.00,
    "dma50" : 3619.01,
    "dma100" : 3549.45,
    "dma200" : 3494.93,
    "volume" : 609171.00
  }, {
    "date" : "2025-11-11",
    "price" : 3812.40,
    "dma50" : 3626.59,
    "dma100" : 3553.51,
    "dma200" : 3498.09,
    "volume" : 691253.00
  }, {
    "date" : "2025-11-12",
    "price" : 3851.10,
    "dma50" : 3635.40,
    "dma100" : 3557.35,
    "dma200" : 3501.60,
    "volume" : 821263.00
  }, {
    "date" : "2025-11-13",
    "price" : 3839.20,
    "dma50" : 3643.39,
    "dma100" : 3560.68,
    "dma200" : 3504.96,
    "volume" : 687843.00
  }, {
    "date" : "2025-11-14",
    "price" : 3829.20,
    "dma50" : 3650.68,
    "dma100" : 3563.79,
    "dma200" : 3508.19,
    "volume" : 587106.00
  }, {
    "date" : "2025-11-17",
    "price" : 3868.60,
    "dma50" : 3659.22,
    "dma100" : 3567.41,
    "dma200" : 3511.77,
    "volume" : 516910.00
  }, {
    "date" : "2025-11-18",
    "price" : 3879.20,
    "dma50" : 3667.85,
    "dma100" : 3570.95,
    "dma200" : 3515.43,
    "volume" : 872979.00
  }, {
    "date" : "2025-11-19",
    "price" : 3933.10,
    "dma50" : 3678.25,
    "dma100" : 3573.76,
    "dma200" : 3519.58,
    "volume" : 1616874.00
  }, {
    "date" : "2025-11-20",
    "price" : 3902.40,
    "dma50" : 3687.04,
    "dma100" : 3575.83,
    "dma200" : 3523.39,
    "volume" : 810400.00
  }, {
    "date" : "2025-11-21",
    "price" : 3904.20,
    "dma50" : 3695.56,
    "dma100" : 3578.21,
    "dma200" : 3527.18,
    "volume" : 395601.00
  }, {
    "date" : "2025-11-24",
    "price" : 3874.30,
    "dma50" : 3702.57,
    "dma100" : 3580.05,
    "dma200" : 3530.64,
    "volume" : 1283439.00
  }, {
    "date" : "2025-11-25",
    "price" : 3855.10,
    "dma50" : 3708.55,
    "dma100" : 3581.60,
    "dma200" : 3533.86,
    "volume" : 696070.00
  }, {
    "date" : "2025-11-26",
    "price" : 3897.70,
    "dma50" : 3715.97,
    "dma100" : 3583.50,
    "dma200" : 3537.48,
    "volume" : 369753.00
  }, {
    "date" : "2025-11-27",
    "price" : 3903.30,
    "dma50" : 3723.31,
    "dma100" : 3585.74,
    "dma200" : 3541.12,
    "volume" : 569139.00
  }, {
    "date" : "2025-11-28",
    "price" : 3907.70,
    "dma50" : 3730.54,
    "dma100" : 3587.95,
    "dma200" : 3544.77,
    "volume" : 607871.00
  }, {
    "date" : "2025-12-01",
    "price" : 3894.90,
    "dma50" : 3736.99,
    "dma100" : 3590.24,
    "dma200" : 3548.26,
    "volume" : 617695.00
  }, {
    "date" : "2025-12-02",
    "price" : 3885.80,
    "dma50" : 3742.82,
    "dma100" : 3594.68,
    "dma200" : 3551.61,
    "volume" : 673309.00
  }, {
    "date" : "2025-12-03",
    "price" : 3817.80,
    "dma50" : 3745.76,
    "dma100" : 3598.54,
    "dma200" : 3554.26,
    "volume" : 787818.00
  }, {
    "date" : "2025-12-04",
    "price" : 3800.40,
    "dma50" : 3747.91,
    "dma100" : 3602.35,
    "dma200" : 3556.71,
    "volume" : 785841.00
  }, {
    "date" : "2025-12-05",
    "price" : 3813.30,
    "dma50" : 3750.47,
    "dma100" : 3606.86,
    "dma200" : 3559.27,
    "volume" : 513725.00
  }, {
    "date" : "2025-12-08",
    "price" : 3767.00,
    "dma50" : 3751.12,
    "dma100" : 3610.49,
    "dma200" : 3561.33,
    "volume" : 563712.00
  }, {
    "date" : "2025-12-09",
    "price" : 3849.00,
    "dma50" : 3754.96,
    "dma100" : 3614.83,
    "dma200" : 3564.20,
    "volume" : 1138687.00
  }, {
    "date" : "2025-12-10",
    "price" : 3845.70,
    "dma50" : 3758.52,
    "dma100" : 3619.11,
    "dma200" : 3567.00,
    "volume" : 624750.00
  }, {
    "date" : "2025-12-11",
    "price" : 3844.80,
    "dma50" : 3761.90,
    "dma100" : 3623.23,
    "dma200" : 3569.76,
    "volume" : 763901.00
  }, {
    "date" : "2025-12-12",
    "price" : 3880.20,
    "dma50" : 3766.54,
    "dma100" : 3628.00,
    "dma200" : 3572.85,
    "volume" : 560505.00
  }, {
    "date" : "2025-12-15",
    "price" : 3866.20,
    "dma50" : 3770.45,
    "dma100" : 3632.33,
    "dma200" : 3575.77,
    "volume" : 340297.00
  }, {
    "date" : "2025-12-16",
    "price" : 3929.50,
    "dma50" : 3776.69,
    "dma100" : 3636.90,
    "dma200" : 3579.29,
    "volume" : 1574356.00
  }, {
    "date" : "2025-12-17",
    "price" : 3907.90,
    "dma50" : 3781.83,
    "dma100" : 3641.27,
    "dma200" : 3582.56,
    "volume" : 690049.00
  }, {
    "date" : "2025-12-18",
    "price" : 3919.30,
    "dma50" : 3787.22,
    "dma100" : 3645.62,
    "dma200" : 3585.91,
    "volume" : 522949.00
  }, {
    "date" : "2025-12-19",
    "price" : 3930.10,
    "dma50" : 3792.82,
    "dma100" : 3650.29,
    "dma200" : 3589.33,
    "volume" : 739109.00
  }, {
    "date" : "2025-12-22",
    "price" : 3933.80,
    "dma50" : 3798.35,
    "dma100" : 3655.70,
    "dma200" : 3592.76,
    "volume" : 599788.00
  }, {
    "date" : "2025-12-23",
    "price" : 3925.80,
    "dma50" : 3803.35,
    "dma100" : 3661.16,
    "dma200" : 3596.07,
    "volume" : 450803.00
  }, {
    "date" : "2025-12-24",
    "price" : 3909.30,
    "dma50" : 3807.51,
    "dma100" : 3666.49,
    "dma200" : 3599.19,
    "volume" : 412948.00
  }, {
    "date" : "2025-12-26",
    "price" : 3992.00,
    "dma50" : 3814.74,
    "dma100" : 3672.94,
    "dma200" : 3603.10,
    "volume" : 1143594.00
  }, {
    "date" : "2025-12-29",
    "price" : 3983.70,
    "dma50" : 3821.37,
    "dma100" : 3679.61,
    "dma200" : 3606.89,
    "volume" : 1281173.00
  }, {
    "date" : "2025-12-30",
    "price" : 3974.10,
    "dma50" : 3827.36,
    "dma100" : 3685.79,
    "dma200" : 3610.54,
    "volume" : 1186259.00
  }, {
    "date" : "2025-12-31",
    "price" : 4051.50,
    "dma50" : 3836.15,
    "dma100" : 3692.13,
    "dma200" : 3614.93,
    "volume" : 1404966.00
  }, {
    "date" : "2026-01-01",
    "price" : 4049.30,
    "dma50" : 3844.51,
    "dma100" : 3698.44,
    "dma200" : 3619.25,
    "volume" : 470938.00
  }, {
    "date" : "2026-01-02",
    "price" : 4051.70,
    "dma50" : 3852.63,
    "dma100" : 3704.80,
    "dma200" : 3623.55,
    "volume" : 679474.00
  }, {
    "date" : "2026-01-05",
    "price" : 4079.70,
    "dma50" : 3861.54,
    "dma100" : 3711.00,
    "dma200" : 3628.09,
    "volume" : 702789.00
  }, {
    "date" : "2026-01-06",
    "price" : 4111.80,
    "dma50" : 3871.35,
    "dma100" : 3717.44,
    "dma200" : 3632.91,
    "volume" : 830420.00
  }, {
    "date" : "2026-01-07",
    "price" : 4273.20,
    "dma50" : 3887.11,
    "dma100" : 3725.30,
    "dma200" : 3639.28,
    "volume" : 3773851.00
  }, {
    "date" : "2026-01-08",
    "price" : 4249.00,
    "dma50" : 3901.30,
    "dma100" : 3733.12,
    "dma200" : 3645.34,
    "volume" : 1081549.00
  }, {
    "date" : "2026-01-09",
    "price" : 4201.80,
    "dma50" : 3913.08,
    "dma100" : 3740.25,
    "dma200" : 3650.88,
    "volume" : 905499.00
  }, {
    "date" : "2026-01-12",
    "price" : 4231.60,
    "dma50" : 3925.58,
    "dma100" : 3747.01,
    "dma200" : 3656.66,
    "volume" : 538419.00
  }, {
    "date" : "2026-01-13",
    "price" : 4239.20,
    "dma50" : 3937.87,
    "dma100" : 3753.72,
    "dma200" : 3662.45,
    "volume" : 800444.00
  }, {
    "date" : "2026-01-14",
    "price" : 4221.50,
    "dma50" : 3949.00,
    "dma100" : 3759.99,
    "dma200" : 3668.02,
    "volume" : 1078009.00
  }, {
    "date" : "2026-01-16",
    "price" : 4196.90,
    "dma50" : 3958.72,
    "dma100" : 3765.80,
    "dma200" : 3673.28,
    "volume" : 698457.00
  }, {
    "date" : "2026-01-19",
    "price" : 4144.10,
    "dma50" : 3965.99,
    "dma100" : 3771.03,
    "dma200" : 3677.96,
    "volume" : 385571.00
  }, {
    "date" : "2026-01-20",
    "price" : 4075.50,
    "dma50" : 3970.28,
    "dma100" : 3775.27,
    "dma200" : 3681.92,
    "volume" : 593889.00
  }, {
    "date" : "2026-01-21",
    "price" : 4079.20,
    "dma50" : 3974.55,
    "dma100" : 3780.12,
    "dma200" : 3685.87,
    "volume" : 563189.00
  }, {
    "date" : "2026-01-22",
    "price" : 4018.60,
    "dma50" : 3976.28,
    "dma100" : 3783.93,
    "dma200" : 3689.18,
    "volume" : 837055.00
  }, {
    "date" : "2026-01-23",
    "price" : 4021.80,
    "dma50" : 3978.07,
    "dma100" : 3787.86,
    "dma200" : 3692.49,
    "volume" : 1056797.00
  }, {
    "date" : "2026-01-27",
    "price" : 3997.00,
    "dma50" : 3978.81,
    "dma100" : 3791.64,
    "dma200" : 3695.52,
    "volume" : 1785028.00
  }, {
    "date" : "2026-01-28",
    "price" : 3975.20,
    "dma50" : 3978.67,
    "dma100" : 3795.19,
    "dma200" : 3698.31,
    "volume" : 821631.00
  }, {
    "date" : "2026-01-29",
    "price" : 3939.70,
    "dma50" : 3977.14,
    "dma100" : 3797.68,
    "dma200" : 3700.71,
    "volume" : 1188229.00
  }, {
    "date" : "2026-01-30",
    "price" : 3977.40,
    "dma50" : 3977.15,
    "dma100" : 3800.54,
    "dma200" : 3703.46,
    "volume" : 1444631.00
  }, {
    "date" : "2026-02-01",
    "price" : 3985.30,
    "dma50" : 3977.47,
    "dma100" : 3803.74,
    "dma200" : 3706.27,
    "volume" : 1164604.00
  }, {
    "date" : "2026-02-02",
    "price" : 3953.20,
    "dma50" : 3976.52,
    "dma100" : 3806.69,
    "dma200" : 3708.72,
    "volume" : 1302311.00
  }, {
    "date" : "2026-02-03",
    "price" : 4068.60,
    "dma50" : 3980.13,
    "dma100" : 3811.08,
    "dma200" : 3712.30,
    "volume" : 1087701.00
  }, {
    "date" : "2026-02-04",
    "price" : 4144.00,
    "dma50" : 3986.55,
    "dma100" : 3816.31,
    "dma200" : 3716.60,
    "volume" : 975141.00
  }, {
    "date" : "2026-02-05",
    "price" : 4097.60,
    "dma50" : 3990.91,
    "dma100" : 3821.45,
    "dma200" : 3720.39,
    "volume" : 724439.00
  }, {
    "date" : "2026-02-06",
    "price" : 4141.00,
    "dma50" : 3996.80,
    "dma100" : 3827.14,
    "dma200" : 3724.58,
    "volume" : 926873.00
  } ],
  "latestTechnicalAttributes" : {
    "date" : "2026-02-06",
    "price" : 4141.00,
    "dma50" : 3996.80,
    "dma100" : 3827.14,
    "dma200" : 3724.58,
    "volume" : 926873.00
  },
  "quarterlyResults" : [ {
    "date" : "2005-03-31",
    "sales" : 317.92,
    "salesGrowthYoY" : null,
    "grossProfitMargin" : 43.59,
    "grossProfit" : 138.58,
    "operatingProfitMargin" : 11.60,
    "operatingProfit" : 36.88,
    "netProfitMargin" : 5.11,
    "netProfit" : 16.25
  }, {
    "date" : "2005-06-30",
    "sales" : 292.96,
    "salesGrowthYoY" : null,
    "grossProfitMargin" : 37.81,
    "grossProfit" : 110.77,
    "operatingProfitMargin" : 6.09,
    "operatingProfit" : 17.84,
    "netProfitMargin" : 3.23,
    "netProfit" : 9.46
  }, {
    "date" : "2005-09-30",
    "sales" : 353.86,
    "salesGrowthYoY" : null,
    "grossProfitMargin" : 41.05,
    "grossProfit" : 145.26,
    "operatingProfitMargin" : 15.56,
    "operatingProfit" : 55.06,
    "netProfitMargin" : 8.66,
    "netProfit" : 30.64
  }, {
    "date" : "2005-12-31",
    "sales" : 370.33,
    "salesGrowthYoY" : null,
    "grossProfitMargin" : 34.77,
    "grossProfit" : 128.76,
    "operatingProfitMargin" : 8.06,
    "operatingProfit" : 29.85,
    "netProfitMargin" : 3.38,
    "netProfit" : 12.52
  }, {
    "date" : "2006-03-31",
    "sales" : 423.06,
    "salesGrowthYoY" : 33.07,
    "grossProfitMargin" : 34.60,
    "grossProfit" : 146.38,
    "operatingProfitMargin" : 12.70,
    "operatingProfit" : 53.73,
    "netProfitMargin" : 9.90,
    "netProfit" : 41.88
  }, {
    "date" : "2006-06-30",
    "sales" : 441.01,
    "salesGrowthYoY" : 50.54,
    "grossProfitMargin" : 33.01,
    "grossProfit" : 145.58,
    "operatingProfitMargin" : 4.32,
    "operatingProfit" : 19.05,
    "netProfitMargin" : 1.88,
    "netProfit" : 8.29
  }, {
    "date" : "2006-09-30",
    "sales" : 523.53,
    "salesGrowthYoY" : 47.95,
    "grossProfitMargin" : 34.06,
    "grossProfit" : 178.31,
    "operatingProfitMargin" : 10.22,
    "operatingProfit" : 53.50,
    "netProfitMargin" : 6.45,
    "netProfit" : 33.77
  }, {
    "date" : "2006-12-31",
    "sales" : 533.18,
    "salesGrowthYoY" : 43.97,
    "grossProfitMargin" : 35.13,
    "grossProfit" : 187.31,
    "operatingProfitMargin" : 10.89,
    "operatingProfit" : 58.06,
    "netProfitMargin" : 5.38,
    "netProfit" : 28.69
  }, {
    "date" : "2007-03-31",
    "sales" : 596.57,
    "salesGrowthYoY" : 41.01,
    "grossProfitMargin" : 34.58,
    "grossProfit" : 206.29,
    "operatingProfitMargin" : 11.62,
    "operatingProfit" : 69.32,
    "netProfitMargin" : 7.18,
    "netProfit" : 42.83
  }, {
    "date" : "2007-06-30",
    "sales" : 657.47,
    "salesGrowthYoY" : 49.08,
    "grossProfitMargin" : 26.23,
    "grossProfit" : 172.45,
    "operatingProfitMargin" : 5.60,
    "operatingProfit" : 36.82,
    "netProfitMargin" : 1.92,
    "netProfit" : 12.62
  }, {
    "date" : "2007-09-30",
    "sales" : 711.40,
    "salesGrowthYoY" : 35.89,
    "grossProfitMargin" : 30.80,
    "grossProfit" : 219.11,
    "operatingProfitMargin" : 11.43,
    "operatingProfit" : 81.31,
    "netProfitMargin" : 6.67,
    "netProfit" : 47.45
  }, {
    "date" : "2007-12-31",
    "sales" : 802.35,
    "salesGrowthYoY" : 50.48,
    "grossProfitMargin" : 26.67,
    "grossProfit" : 213.99,
    "operatingProfitMargin" : 6.24,
    "operatingProfit" : 50.07,
    "netProfitMargin" : 3.84,
    "netProfit" : 30.81
  }, {
    "date" : "2008-03-31",
    "sales" : 822.52,
    "salesGrowthYoY" : 37.87,
    "grossProfitMargin" : 32.19,
    "grossProfit" : 264.77,
    "operatingProfitMargin" : 10.19,
    "operatingProfit" : 83.81,
    "netProfitMargin" : 7.35,
    "netProfit" : 60.46
  }, {
    "date" : "2008-06-30",
    "sales" : 810.45,
    "salesGrowthYoY" : 23.27,
    "grossProfitMargin" : 27.01,
    "grossProfit" : 218.90,
    "operatingProfitMargin" : 6.92,
    "operatingProfit" : 56.08,
    "netProfitMargin" : 4.03,
    "netProfit" : 32.66
  }, {
    "date" : "2008-09-30",
    "sales" : 1088.76,
    "salesGrowthYoY" : 53.04,
    "grossProfitMargin" : 28.60,
    "grossProfit" : 311.39,
    "operatingProfitMargin" : 11.61,
    "operatingProfit" : 126.41,
    "netProfitMargin" : 8.07,
    "netProfit" : 87.86
  }, {
    "date" : "2008-12-31",
    "sales" : 1024.03,
    "salesGrowthYoY" : 27.63,
    "grossProfitMargin" : 23.60,
    "grossProfit" : 241.67,
    "operatingProfitMargin" : 5.79,
    "operatingProfit" : 59.29,
    "netProfitMargin" : 1.23,
    "netProfit" : 12.60
  }, {
    "date" : "2009-03-31",
    "sales" : 881.63,
    "salesGrowthYoY" : 7.19,
    "grossProfitMargin" : 30.70,
    "grossProfit" : 270.66,
    "operatingProfitMargin" : 8.33,
    "operatingProfit" : 73.44,
    "netProfitMargin" : 3.16,
    "netProfit" : 27.86
  }, {
    "date" : "2009-06-30",
    "sales" : 882.92,
    "salesGrowthYoY" : 8.94,
    "grossProfitMargin" : 31.84,
    "grossProfit" : 281.12,
    "operatingProfitMargin" : 8.99,
    "operatingProfit" : 79.37,
    "netProfitMargin" : 5.21,
    "netProfit" : 46.00
  }, {
    "date" : "2009-09-30",
    "sales" : 1146.88,
    "salesGrowthYoY" : 5.34,
    "grossProfitMargin" : 26.15,
    "grossProfit" : 299.91,
    "operatingProfitMargin" : 9.43,
    "operatingProfit" : 108.15,
    "netProfitMargin" : 6.77,
    "netProfit" : 77.64
  }, {
    "date" : "2009-12-31",
    "sales" : 1333.81,
    "salesGrowthYoY" : 30.25,
    "grossProfitMargin" : 23.76,
    "grossProfit" : 316.91,
    "operatingProfitMargin" : 8.06,
    "operatingProfit" : 107.51,
    "netProfitMargin" : 5.66,
    "netProfit" : 75.49
  }, {
    "date" : "2010-03-31",
    "sales" : 1311.39,
    "salesGrowthYoY" : 48.75,
    "grossProfitMargin" : 24.99,
    "grossProfit" : 327.72,
    "operatingProfitMargin" : 7.66,
    "operatingProfit" : 100.45,
    "netProfitMargin" : 3.91,
    "netProfit" : 51.28
  }, {
    "date" : "2010-06-30",
    "sales" : 1252.83,
    "salesGrowthYoY" : 41.90,
    "grossProfitMargin" : 26.54,
    "grossProfit" : 332.50,
    "operatingProfitMargin" : 8.89,
    "operatingProfit" : 111.38,
    "netProfitMargin" : 6.49,
    "netProfit" : 81.31
  }, {
    "date" : "2010-09-30",
    "sales" : 1536.06,
    "salesGrowthYoY" : 33.93,
    "grossProfitMargin" : 27.43,
    "grossProfit" : 421.34,
    "operatingProfitMargin" : 11.30,
    "operatingProfit" : 173.57,
    "netProfitMargin" : 8.32,
    "netProfit" : 127.80
  }, {
    "date" : "2010-12-31",
    "sales" : 1954.81,
    "salesGrowthYoY" : 46.56,
    "grossProfitMargin" : 24.53,
    "grossProfit" : 479.51,
    "operatingProfitMargin" : 9.99,
    "operatingProfit" : 195.29,
    "netProfitMargin" : 7.04,
    "netProfit" : 137.62
  }, {
    "date" : "2011-03-31",
    "sales" : 1777.94,
    "salesGrowthYoY" : 35.58,
    "grossProfitMargin" : 28.99,
    "grossProfit" : 515.42,
    "operatingProfitMargin" : 6.36,
    "operatingProfit" : 113.08,
    "netProfitMargin" : 4.71,
    "netProfit" : 83.74
  }, {
    "date" : "2011-06-30",
    "sales" : 2020.60,
    "salesGrowthYoY" : 61.28,
    "grossProfitMargin" : 26.36,
    "grossProfit" : 532.63,
    "operatingProfitMargin" : 9.51,
    "operatingProfit" : 192.16,
    "netProfitMargin" : 7.10,
    "netProfit" : 143.46
  }, {
    "date" : "2011-09-30",
    "sales" : 2096.34,
    "salesGrowthYoY" : 36.48,
    "grossProfitMargin" : 26.97,
    "grossProfit" : 565.38,
    "operatingProfitMargin" : 9.96,
    "operatingProfit" : 208.80,
    "netProfitMargin" : 7.08,
    "netProfit" : 148.42
  }, {
    "date" : "2011-12-31",
    "sales" : 2440.10,
    "salesGrowthYoY" : 24.83,
    "grossProfitMargin" : 25.05,
    "grossProfit" : 611.25,
    "operatingProfitMargin" : 9.22,
    "operatingProfit" : 224.98,
    "netProfitMargin" : 6.72,
    "netProfit" : 163.97
  }, {
    "date" : "2012-03-31",
    "sales" : 2281.42,
    "salesGrowthYoY" : 28.32,
    "grossProfitMargin" : 25.64,
    "grossProfit" : 584.96,
    "operatingProfitMargin" : 9.08,
    "operatingProfit" : 207.15,
    "netProfitMargin" : 6.32,
    "netProfit" : 144.19
  }, {
    "date" : "2012-06-30",
    "sales" : 2205.65,
    "salesGrowthYoY" : 9.16,
    "grossProfitMargin" : 26.32,
    "grossProfit" : 580.53,
    "operatingProfitMargin" : 9.61,
    "operatingProfit" : 211.96,
    "netProfitMargin" : 7.08,
    "netProfit" : 156.16
  }, {
    "date" : "2012-09-30",
    "sales" : 2275.98,
    "salesGrowthYoY" : 8.57,
    "grossProfitMargin" : 28.20,
    "grossProfit" : 641.83,
    "operatingProfitMargin" : 10.96,
    "operatingProfit" : 249.45,
    "netProfitMargin" : 7.92,
    "netProfit" : 180.26
  }, {
    "date" : "2012-12-31",
    "sales" : 3017.80,
    "salesGrowthYoY" : 23.68,
    "grossProfitMargin" : 23.10,
    "grossProfit" : 697.11,
    "operatingProfitMargin" : 9.37,
    "operatingProfit" : 282.77,
    "netProfitMargin" : 6.76,
    "netProfit" : 204.00
  }, {
    "date" : "2013-03-31",
    "sales" : 2613.24,
    "salesGrowthYoY" : 14.54,
    "grossProfitMargin" : 26.68,
    "grossProfit" : 697.21,
    "operatingProfitMargin" : 10.20,
    "operatingProfit" : 266.55,
    "netProfitMargin" : 7.08,
    "netProfit" : 185.02
  }, {
    "date" : "2013-06-30",
    "sales" : 3107.67,
    "salesGrowthYoY" : 40.90,
    "grossProfitMargin" : 22.09,
    "grossProfit" : 686.48,
    "operatingProfitMargin" : 7.88,
    "operatingProfit" : 244.88,
    "netProfitMargin" : 5.87,
    "netProfit" : 182.42
  }, {
    "date" : "2013-09-30",
    "sales" : 2328.97,
    "salesGrowthYoY" : 2.33,
    "grossProfitMargin" : 31.31,
    "grossProfit" : 729.20,
    "operatingProfitMargin" : 11.24,
    "operatingProfit" : 261.78,
    "netProfitMargin" : 8.01,
    "netProfit" : 186.55
  }, {
    "date" : "2013-12-31",
    "sales" : 2675.77,
    "salesGrowthYoY" : -11.33,
    "grossProfitMargin" : 26.51,
    "grossProfit" : 709.35,
    "operatingProfitMargin" : 9.16,
    "operatingProfit" : 245.10,
    "netProfitMargin" : 6.19,
    "netProfit" : 165.63
  }, {
    "date" : "2014-03-31",
    "sales" : 2803.38,
    "salesGrowthYoY" : 7.28,
    "grossProfitMargin" : 26.07,
    "grossProfit" : 730.84,
    "operatingProfitMargin" : 10.58,
    "operatingProfit" : 296.60,
    "netProfitMargin" : 7.36,
    "netProfit" : 206.33
  }, {
    "date" : "2014-06-30",
    "sales" : 2891.44,
    "salesGrowthYoY" : -6.96,
    "grossProfitMargin" : 25.32,
    "grossProfit" : 732.11,
    "operatingProfitMargin" : 9.49,
    "operatingProfit" : 274.40,
    "netProfitMargin" : 6.13,
    "netProfit" : 177.25
  }, {
    "date" : "2014-09-30",
    "sales" : 3593.07,
    "salesGrowthYoY" : 54.28,
    "grossProfitMargin" : 24.54,
    "grossProfit" : 881.74,
    "operatingProfitMargin" : 9.27,
    "operatingProfit" : 333.08,
    "netProfitMargin" : 6.68,
    "netProfit" : 240.02
  }, {
    "date" : "2014-12-31",
    "sales" : 2922.51,
    "salesGrowthYoY" : 9.22,
    "grossProfitMargin" : 25.95,
    "grossProfit" : 758.39,
    "operatingProfitMargin" : 9.44,
    "operatingProfit" : 275.88,
    "netProfitMargin" : 6.53,
    "netProfit" : 190.84
  }, {
    "date" : "2015-03-31",
    "sales" : 2496.19,
    "salesGrowthYoY" : -10.96,
    "grossProfitMargin" : 31.13,
    "grossProfit" : 777.06,
    "operatingProfitMargin" : 10.82,
    "operatingProfit" : 270.09,
    "netProfitMargin" : 8.62,
    "netProfit" : 215.17
  }, {
    "date" : "2015-06-30",
    "sales" : 2708.64,
    "salesGrowthYoY" : -6.32,
    "grossProfitMargin" : 28.83,
    "grossProfit" : 780.90,
    "operatingProfitMargin" : 8.18,
    "operatingProfit" : 221.57,
    "netProfitMargin" : 5.59,
    "netProfit" : 151.41
  }, {
    "date" : "2015-09-30",
    "sales" : 2673.48,
    "salesGrowthYoY" : -25.59,
    "grossProfitMargin" : 26.04,
    "grossProfit" : 696.17,
    "operatingProfitMargin" : 7.55,
    "operatingProfit" : 201.85,
    "netProfitMargin" : 5.47,
    "netProfit" : 146.24
  }, {
    "date" : "2015-12-31",
    "sales" : 3426.17,
    "salesGrowthYoY" : 17.23,
    "grossProfitMargin" : 25.03,
    "grossProfit" : 857.57,
    "operatingProfitMargin" : 9.02,
    "operatingProfit" : 309.04,
    "netProfitMargin" : 6.60,
    "netProfit" : 226.13
  }, {
    "date" : "2016-03-31",
    "sales" : 2391.49,
    "salesGrowthYoY" : -4.19,
    "grossProfitMargin" : 29.31,
    "grossProfit" : 700.95,
    "operatingProfitMargin" : 8.73,
    "operatingProfit" : 208.78,
    "netProfitMargin" : 7.81,
    "netProfit" : 186.78
  }, {
    "date" : "2016-06-30",
    "sales" : 2748.67,
    "salesGrowthYoY" : 1.48,
    "grossProfitMargin" : 28.58,
    "grossProfit" : 785.57,
    "operatingProfitMargin" : 10.40,
    "operatingProfit" : 285.86,
    "netProfitMargin" : 7.05,
    "netProfit" : 193.78
  }, {
    "date" : "2016-09-30",
    "sales" : 2599.02,
    "salesGrowthYoY" : -2.79,
    "grossProfitMargin" : 31.12,
    "grossProfit" : 808.82,
    "operatingProfitMargin" : 10.42,
    "operatingProfit" : 270.82,
    "netProfitMargin" : 6.96,
    "netProfit" : 180.89
  }, {
    "date" : "2016-12-31",
    "sales" : 3837.15,
    "salesGrowthYoY" : 12.00,
    "grossProfitMargin" : 23.11,
    "grossProfit" : 886.77,
    "operatingProfitMargin" : 9.56,
    "operatingProfit" : 366.83,
    "netProfitMargin" : 6.61,
    "netProfit" : 253.64
  }, {
    "date" : "2017-03-31",
    "sales" : 3507.51,
    "salesGrowthYoY" : 46.67,
    "grossProfitMargin" : 26.73,
    "grossProfit" : 937.56,
    "operatingProfitMargin" : 7.76,
    "operatingProfit" : 272.18,
    "netProfitMargin" : 5.77,
    "netProfit" : 202.38
  }, {
    "date" : "2017-06-30",
    "sales" : 3992.09,
    "salesGrowthYoY" : 45.24,
    "grossProfitMargin" : 25.40,
    "grossProfit" : 1013.99,
    "operatingProfitMargin" : 9.74,
    "operatingProfit" : 388.83,
    "netProfitMargin" : 6.87,
    "netProfit" : 274.26
  }, {
    "date" : "2017-09-30",
    "sales" : 3487.59,
    "salesGrowthYoY" : 34.19,
    "grossProfitMargin" : 28.58,
    "grossProfit" : 996.75,
    "operatingProfitMargin" : 12.74,
    "operatingProfit" : 444.32,
    "netProfitMargin" : 8.78,
    "netProfit" : 306.21
  }, {
    "date" : "2017-12-31",
    "sales" : 4224.81,
    "salesGrowthYoY" : 10.10,
    "grossProfitMargin" : 25.78,
    "grossProfit" : 1089.16,
    "operatingProfitMargin" : 10.53,
    "operatingProfit" : 444.87,
    "netProfitMargin" : 7.30,
    "netProfit" : 308.41
  }, {
    "date" : "2018-03-31",
    "sales" : 3916.81,
    "salesGrowthYoY" : 11.67,
    "grossProfitMargin" : 29.00,
    "grossProfit" : 1135.87,
    "operatingProfitMargin" : 11.63,
    "operatingProfit" : 455.53,
    "netProfitMargin" : 8.61,
    "netProfit" : 337.24
  }, {
    "date" : "2018-06-30",
    "sales" : 4318.85,
    "salesGrowthYoY" : 8.19,
    "grossProfitMargin" : 26.86,
    "grossProfit" : 1160.04,
    "operatingProfitMargin" : 11.47,
    "operatingProfit" : 495.37,
    "netProfitMargin" : 8.08,
    "netProfit" : 348.96
  }, {
    "date" : "2018-09-30",
    "sales" : 4406.84,
    "salesGrowthYoY" : 26.36,
    "grossProfitMargin" : 27.83,
    "grossProfit" : 1226.42,
    "operatingProfitMargin" : 10.60,
    "operatingProfit" : 467.13,
    "netProfitMargin" : 7.13,
    "netProfit" : 314.21
  }, {
    "date" : "2018-12-31",
    "sales" : 5672.22,
    "salesGrowthYoY" : 34.26,
    "grossProfitMargin" : 25.12,
    "grossProfit" : 1424.86,
    "operatingProfitMargin" : 10.30,
    "operatingProfit" : 584.24,
    "netProfitMargin" : 7.34,
    "netProfit" : 416.34
  }, {
    "date" : "2019-03-31",
    "sales" : 4672.06,
    "salesGrowthYoY" : 19.28,
    "grossProfitMargin" : 27.22,
    "grossProfit" : 1271.73,
    "operatingProfitMargin" : 9.75,
    "operatingProfit" : 455.53,
    "netProfitMargin" : 7.22,
    "netProfit" : 337.32
  }, {
    "date" : "2019-06-30",
    "sales" : 4939.00,
    "salesGrowthYoY" : 14.36,
    "grossProfitMargin" : 26.83,
    "grossProfit" : 1325.13,
    "operatingProfitMargin" : 11.44,
    "operatingProfit" : 565.02,
    "netProfitMargin" : 7.51,
    "netProfit" : 370.92
  }, {
    "date" : "2019-09-30",
    "sales" : 4435.00,
    "salesGrowthYoY" : 0.64,
    "grossProfitMargin" : 29.24,
    "grossProfit" : 1296.79,
    "operatingProfitMargin" : 11.57,
    "operatingProfit" : 513.13,
    "netProfitMargin" : 7.22,
    "netProfit" : 320.21
  }, {
    "date" : "2019-12-31",
    "sales" : 6206.00,
    "salesGrowthYoY" : 9.41,
    "grossProfitMargin" : 24.86,
    "grossProfit" : 1542.81,
    "operatingProfitMargin" : 11.84,
    "operatingProfit" : 734.79,
    "netProfitMargin" : 7.57,
    "netProfit" : 469.79
  }, {
    "date" : "2020-03-31",
    "sales" : 4429.00,
    "salesGrowthYoY" : -5.20,
    "grossProfitMargin" : 30.05,
    "grossProfit" : 1330.91,
    "operatingProfitMargin" : 13.64,
    "operatingProfit" : 604.12,
    "netProfitMargin" : 8.06,
    "netProfit" : 356.98
  }, {
    "date" : "2020-06-30",
    "sales" : 1862.00,
    "salesGrowthYoY" : -62.30,
    "grossProfitMargin" : 20.62,
    "grossProfit" : 383.94,
    "operatingProfitMargin" : -13.21,
    "operatingProfit" : -245.97,
    "netProfitMargin" : -14.50,
    "netProfit" : -269.99
  }, {
    "date" : "2020-09-30",
    "sales" : 4318.00,
    "salesGrowthYoY" : -2.64,
    "grossProfitMargin" : 30.82,
    "grossProfit" : 1330.81,
    "operatingProfitMargin" : 6.81,
    "operatingProfit" : 294.06,
    "netProfitMargin" : 4.61,
    "netProfit" : 199.06
  }, {
    "date" : "2020-12-31",
    "sales" : 7287.00,
    "salesGrowthYoY" : 17.42,
    "grossProfitMargin" : 21.87,
    "grossProfit" : 1593.67,
    "operatingProfitMargin" : 11.77,
    "operatingProfit" : 857.68,
    "netProfitMargin" : 7.00,
    "netProfit" : 510.09
  }, {
    "date" : "2021-03-31",
    "sales" : 7135.00,
    "salesGrowthYoY" : 61.10,
    "grossProfitMargin" : 21.36,
    "grossProfit" : 1524.04,
    "operatingProfitMargin" : 11.14,
    "operatingProfit" : 794.84,
    "netProfitMargin" : 7.41,
    "netProfit" : 528.70
  }, {
    "date" : "2021-06-30",
    "sales" : 3249.00,
    "salesGrowthYoY" : 74.49,
    "grossProfitMargin" : 21.24,
    "grossProfit" : 690.09,
    "operatingProfitMargin" : 4.43,
    "operatingProfit" : 143.93,
    "netProfitMargin" : 1.88,
    "netProfit" : 61.08
  }, {
    "date" : "2021-09-30",
    "sales" : 7170.00,
    "salesGrowthYoY" : 66.05,
    "grossProfitMargin" : 24.34,
    "grossProfit" : 1745.18,
    "operatingProfitMargin" : 13.31,
    "operatingProfit" : 954.33,
    "netProfitMargin" : 8.94,
    "netProfit" : 641.00
  }, {
    "date" : "2021-12-31",
    "sales" : 9515.00,
    "salesGrowthYoY" : 30.57,
    "grossProfitMargin" : 24.63,
    "grossProfit" : 2343.54,
    "operatingProfitMargin" : 14.70,
    "operatingProfit" : 1398.70,
    "netProfitMargin" : 10.37,
    "netProfit" : 986.71
  }, {
    "date" : "2022-03-31",
    "sales" : 7276.00,
    "salesGrowthYoY" : 1.98,
    "grossProfitMargin" : 24.37,
    "grossProfit" : 1773.16,
    "operatingProfitMargin" : 10.75,
    "operatingProfit" : 782.17,
    "netProfitMargin" : 7.24,
    "netProfit" : 526.78
  }, {
    "date" : "2022-06-30",
    "sales" : 8961.00,
    "salesGrowthYoY" : 175.81,
    "grossProfitMargin" : 24.37,
    "grossProfit" : 2183.80,
    "operatingProfitMargin" : 12.99,
    "operatingProfit" : 1164.03,
    "netProfitMargin" : 8.85,
    "netProfit" : 793.05
  }, {
    "date" : "2022-09-30",
    "sales" : 8730.00,
    "salesGrowthYoY" : 21.76,
    "grossProfitMargin" : 26.54,
    "grossProfit" : 2316.94,
    "operatingProfitMargin" : 14.14,
    "operatingProfit" : 1234.42,
    "netProfitMargin" : 9.82,
    "netProfit" : 857.29
  }, {
    "date" : "2022-12-31",
    "sales" : 10875.00,
    "salesGrowthYoY" : 14.29,
    "grossProfitMargin" : 23.02,
    "grossProfit" : 2503.43,
    "operatingProfitMargin" : 12.23,
    "operatingProfit" : 1330.01,
    "netProfitMargin" : 8.74,
    "netProfit" : 950.48
  }, {
    "date" : "2023-03-31",
    "sales" : 9704.00,
    "salesGrowthYoY" : 33.37,
    "grossProfitMargin" : 22.90,
    "grossProfit" : 2222.22,
    "operatingProfitMargin" : 10.76,
    "operatingProfit" : 1044.15,
    "netProfitMargin" : 7.56,
    "netProfit" : 733.62
  }, {
    "date" : "2023-06-30",
    "sales" : 11145.00,
    "salesGrowthYoY" : 24.37,
    "grossProfitMargin" : 21.00,
    "grossProfit" : 2340.45,
    "operatingProfitMargin" : 9.90,
    "operatingProfit" : 1103.36,
    "netProfitMargin" : 6.97,
    "netProfit" : 776.81
  }, {
    "date" : "2023-09-30",
    "sales" : 11660.00,
    "salesGrowthYoY" : 33.56,
    "grossProfitMargin" : 22.38,
    "grossProfit" : 2609.51,
    "operatingProfitMargin" : 11.62,
    "operatingProfit" : 1354.89,
    "netProfitMargin" : 8.06,
    "netProfit" : 939.80
  }, {
    "date" : "2023-12-31",
    "sales" : 13052.00,
    "salesGrowthYoY" : 20.02,
    "grossProfitMargin" : 21.73,
    "grossProfit" : 2836.20,
    "operatingProfitMargin" : 11.16,
    "operatingProfit" : 1456.60,
    "netProfitMargin" : 7.97,
    "netProfit" : 1040.24
  }, {
    "date" : "2024-03-31",
    "sales" : 11257.00,
    "salesGrowthYoY" : 16.00,
    "grossProfitMargin" : 21.20,
    "grossProfit" : 2386.48,
    "operatingProfitMargin" : 9.85,
    "operatingProfit" : 1108.81,
    "netProfitMargin" : 6.98,
    "netProfit" : 785.74
  }, {
    "date" : "2024-06-30",
    "sales" : 12053.00,
    "salesGrowthYoY" : 8.15,
    "grossProfitMargin" : 20.95,
    "grossProfit" : 2525.10,
    "operatingProfitMargin" : 10.05,
    "operatingProfit" : 1211.33,
    "netProfitMargin" : 6.39,
    "netProfit" : 770.19
  }, {
    "date" : "2024-09-30",
    "sales" : 13215.00,
    "salesGrowthYoY" : 13.34,
    "grossProfitMargin" : 19.41,
    "grossProfit" : 2565.03,
    "operatingProfitMargin" : 8.57,
    "operatingProfit" : 1132.53,
    "netProfitMargin" : 5.33,
    "netProfit" : 704.36
  }, {
    "date" : "2024-12-31",
    "sales" : 16097.00,
    "salesGrowthYoY" : 23.33,
    "grossProfitMargin" : 19.20,
    "grossProfit" : 3090.62,
    "operatingProfitMargin" : 9.38,
    "operatingProfit" : 1509.90,
    "netProfitMargin" : 6.15,
    "netProfit" : 989.97
  }, {
    "date" : "2025-03-31",
    "sales" : 13477.00,
    "salesGrowthYoY" : 19.72,
    "grossProfitMargin" : 21.68,
    "grossProfit" : 2921.81,
    "operatingProfitMargin" : 10.67,
    "operatingProfit" : 1438.00,
    "netProfitMargin" : 6.46,
    "netProfit" : 870.61
  }, {
    "date" : "2025-06-30",
    "sales" : 14564.00,
    "salesGrowthYoY" : 20.83,
    "grossProfitMargin" : 21.35,
    "grossProfit" : 3109.41,
    "operatingProfitMargin" : 11.21,
    "operatingProfit" : 1632.62,
    "netProfitMargin" : 7.07,
    "netProfit" : 1029.67
  }, {
    "date" : "2025-09-30",
    "sales" : 16534.00,
    "salesGrowthYoY" : 25.12,
    "grossProfitMargin" : 19.99,
    "grossProfit" : 3305.15,
    "operatingProfitMargin" : 9.80,
    "operatingProfit" : 1620.33,
    "netProfitMargin" : 6.08,
    "netProfit" : 1005.27
  } ],
  "latestQuarterlyResult" : {
    "date" : "2025-09-30",
    "sales" : 16534.00,
    "salesGrowthYoY" : 25.12,
    "grossProfitMargin" : 19.99,
    "grossProfit" : 3305.15,
    "operatingProfitMargin" : 9.80,
    "operatingProfit" : 1620.33,
    "netProfitMargin" : 6.08,
    "netProfit" : 1005.27
  },
  "companyScore" : {
    "priceHigherThanDma50" : 5.00,
    "priceHigherThanDma100" : 5.00,
    "priceHigherThanDma200" : 5.00,
    "dma50HigherThanDma100" : 5.00,
    "dma50HigherThanDma200" : 5.00,
    "dma100HigherThanDma200" : 5.00,
    "pricePercentageAboveDma50" : 4.82,
    "pricePercentageAboveDma100" : 4.59,
    "pricePercentageAboveDma200" : 4.44,
    "weeklyVolumeHigherThanYearlyVolume" : 5.00,
    "salesGrowthPercentile" : 11.39,
    "operatingProfitMarginPercentile" : 16.00,
    "netProfitMarginPercentile" : 8.28,
    "totalTechnicalScore" : 48.85,
    "totalFundamentalScore" : 35.66,
    "totalScore" : 84.51
  }
}