{
  "metadata" : {
    "screenerCompanyId" : "1272591",
    "companyCode" : "TRIVENI",
    "companyName" : "Triven.Engg.Ind.",
    "screenerCompanyLink" : "https://www.screener.in/company/TRIVENI/consolidated/",
    "screenerTechnicalHistoryLink" : "https://www.screener.in/api/company/1272591/chart/?q=Price-DMA50-DMA200-Volume&days=365",
    "screenerQuarterlyResultsLink" : "https://www.screener.in/api/company/1272591/chart/?q=GPM-OPM-NPM-Quarter+Sales&days=10000",
    "attributes" : {
      "companyCode" : "TRIVENI",
      "companyName" : "Triven.Engg.Ind.",
      "marketCap" : 8191.00,
      "peRatio" : 26.10,
      "description" : "Triveni Engineering and Industries Ltd is an Integrated and diversified conglomerate in areas of sugar, ethanol and engineering. it is located strategically in sugarcane-rich western and central belt of UP. The company is among the Top 3 manufacturers in India for sugar & second highest supplier for ethanol."
    },
    "companyScore" : {
      "priceHigherThanDma50" : 5.00,
      "priceHigherThanDma100" : 5.00,
      "priceHigherThanDma200" : 5.00,
      "dma50HigherThanDma100" : 5.00,
      "dma50HigherThanDma200" : 0.00,
      "dma100HigherThanDma200" : 0.00,
      "pricePercentageAboveDma50" : 4.81,
      "pricePercentageAboveDma100" : 4.79,
      "pricePercentageAboveDma200" : 4.93,
      "weeklyVolumeHigherThanYearlyVolume" : 0.00,
      "salesGrowthPercentile" : 11.75,
      "operatingProfitMarginPercentile" : 13.20,
      "netProfitMarginPercentile" : 7.97,
      "totalTechnicalScore" : 34.53,
      "totalFundamentalScore" : 32.91,
      "totalScore" : 67.44
    }
  },
  "attributes" : {
    "companyCode" : "TRIVENI",
    "companyName" : "Triven.Engg.Ind.",
    "marketCap" : 8191.00,
    "peRatio" : 26.10,
    "description" : "Triveni Engineering and Industries Ltd is an Integrated and diversified conglomerate in areas of sugar, ethanol and engineering. it is located strategically in sugarcane-rich western and central belt of UP. The company is among the Top 3 manufacturers in India for sugar & second highest supplier for ethanol."
  },
  "technicalHistory" : [ {
    "date" : "2025-02-06",
    "price" : 389.40,
    "dma50" : 410.03,
    "dma100" : null,
    "dma200" : 405.31,
    "volume" : 1207458.00
  }, {
    "date" : "2025-02-07",
    "price" : 384.75,
    "dma50" : 409.04,
    "dma100" : null,
    "dma200" : 405.11,
    "volume" : 346383.00
  }, {
    "date" : "2025-02-10",
    "price" : 380.80,
    "dma50" : 407.93,
    "dma100" : null,
    "dma200" : 404.87,
    "volume" : 235612.00
  }, {
    "date" : "2025-02-11",
    "price" : 378.85,
    "dma50" : 406.79,
    "dma100" : null,
    "dma200" : 404.61,
    "volume" : 276083.00
  }, {
    "date" : "2025-02-12",
    "price" : 364.05,
    "dma50" : 405.11,
    "dma100" : null,
    "dma200" : 404.20,
    "volume" : 584685.00
  }, {
    "date" : "2025-02-13",
    "price" : 364.35,
    "dma50" : 403.51,
    "dma100" : null,
    "dma200" : 403.81,
    "volume" : 308584.00
  }, {
    "date" : "2025-02-14",
    "price" : 370.85,
    "dma50" : 402.23,
    "dma100" : null,
    "dma200" : 403.48,
    "volume" : 517202.00
  }, {
    "date" : "2025-02-17",
    "price" : 370.90,
    "dma50" : 401.00,
    "dma100" : null,
    "dma200" : 403.16,
    "volume" : 400174.00
  }, {
    "date" : "2025-02-18",
    "price" : 369.60,
    "dma50" : 399.77,
    "dma100" : null,
    "dma200" : 402.82,
    "volume" : 336465.00
  }, {
    "date" : "2025-02-19",
    "price" : 375.65,
    "dma50" : 398.83,
    "dma100" : null,
    "dma200" : 402.55,
    "volume" : 283362.00
  }, {
    "date" : "2025-02-20",
    "price" : 375.70,
    "dma50" : 397.92,
    "dma100" : null,
    "dma200" : 402.28,
    "volume" : 194233.00
  }, {
    "date" : "2025-02-21",
    "price" : 377.85,
    "dma50" : 397.13,
    "dma100" : null,
    "dma200" : 402.04,
    "volume" : 470094.00
  }, {
    "date" : "2025-02-24",
    "price" : 387.80,
    "dma50" : 396.77,
    "dma100" : null,
    "dma200" : 401.90,
    "volume" : 2835735.00
  }, {
    "date" : "2025-02-25",
    "price" : 363.95,
    "dma50" : 395.48,
    "dma100" : null,
    "dma200" : 401.52,
    "volume" : 1464365.00
  }, {
    "date" : "2025-02-27",
    "price" : 350.80,
    "dma50" : 393.73,
    "dma100" : null,
    "dma200" : 401.02,
    "volume" : 970038.00
  }, {
    "date" : "2025-02-28",
    "price" : 348.85,
    "dma50" : 391.97,
    "dma100" : null,
    "dma200" : 400.50,
    "volume" : 578502.00
  }, {
    "date" : "2025-03-03",
    "price" : 359.40,
    "dma50" : 390.69,
    "dma100" : null,
    "dma200" : 400.09,
    "volume" : 512286.00
  }, {
    "date" : "2025-03-04",
    "price" : 358.40,
    "dma50" : 389.42,
    "dma100" : null,
    "dma200" : 399.67,
    "volume" : 389194.00
  }, {
    "date" : "2025-03-05",
    "price" : 359.30,
    "dma50" : 388.24,
    "dma100" : null,
    "dma200" : 399.27,
    "volume" : 560934.00
  }, {
    "date" : "2025-03-06",
    "price" : 366.15,
    "dma50" : 387.38,
    "dma100" : null,
    "dma200" : 398.94,
    "volume" : 392230.00
  }, {
    "date" : "2025-03-07",
    "price" : 374.15,
    "dma50" : 386.86,
    "dma100" : null,
    "dma200" : 398.70,
    "volume" : 406677.00
  }, {
    "date" : "2025-03-10",
    "price" : 367.15,
    "dma50" : 386.08,
    "dma100" : null,
    "dma200" : 398.38,
    "volume" : 317822.00
  }, {
    "date" : "2025-03-11",
    "price" : 367.70,
    "dma50" : 385.36,
    "dma100" : null,
    "dma200" : 398.08,
    "volume" : 287066.00
  }, {
    "date" : "2025-03-12",
    "price" : 372.65,
    "dma50" : 384.87,
    "dma100" : null,
    "dma200" : 397.82,
    "volume" : 251050.00
  }, {
    "date" : "2025-03-13",
    "price" : 365.25,
    "dma50" : 384.10,
    "dma100" : null,
    "dma200" : 397.50,
    "volume" : 370128.00
  }, {
    "date" : "2025-03-17",
    "price" : 366.85,
    "dma50" : 383.42,
    "dma100" : null,
    "dma200" : 397.20,
    "volume" : 317979.00
  }, {
    "date" : "2025-03-18",
    "price" : 384.25,
    "dma50" : 383.45,
    "dma100" : null,
    "dma200" : 397.07,
    "volume" : 657970.00
  }, {
    "date" : "2025-03-19",
    "price" : 388.95,
    "dma50" : 383.67,
    "dma100" : null,
    "dma200" : 396.99,
    "volume" : 761425.00
  }, {
    "date" : "2025-03-20",
    "price" : 380.25,
    "dma50" : 383.53,
    "dma100" : null,
    "dma200" : 396.82,
    "volume" : 275761.00
  }, {
    "date" : "2025-03-21",
    "price" : 402.90,
    "dma50" : 384.29,
    "dma100" : null,
    "dma200" : 396.88,
    "volume" : 3647826.00
  }, {
    "date" : "2025-03-24",
    "price" : 399.70,
    "dma50" : 384.90,
    "dma100" : null,
    "dma200" : 396.91,
    "volume" : 257042.00
  }, {
    "date" : "2025-03-25",
    "price" : 396.35,
    "dma50" : 385.35,
    "dma100" : null,
    "dma200" : 396.90,
    "volume" : 465151.00
  }, {
    "date" : "2025-03-26",
    "price" : 385.00,
    "dma50" : 385.33,
    "dma100" : null,
    "dma200" : 396.78,
    "volume" : 182134.00
  }, {
    "date" : "2025-03-27",
    "price" : 392.15,
    "dma50" : 385.60,
    "dma100" : null,
    "dma200" : 396.74,
    "volume" : 317015.00
  }, {
    "date" : "2025-03-28",
    "price" : 384.45,
    "dma50" : 385.56,
    "dma100" : null,
    "dma200" : 396.62,
    "volume" : 384459.00
  }, {
    "date" : "2025-04-01",
    "price" : 379.00,
    "dma50" : 385.30,
    "dma100" : null,
    "dma200" : 396.44,
    "volume" : 279430.00
  }, {
    "date" : "2025-04-02",
    "price" : 378.90,
    "dma50" : 385.05,
    "dma100" : null,
    "dma200" : 396.27,
    "volume" : 393640.00
  }, {
    "date" : "2025-04-03",
    "price" : 380.95,
    "dma50" : 384.89,
    "dma100" : null,
    "dma200" : 396.11,
    "volume" : 365469.00
  }, {
    "date" : "2025-04-04",
    "price" : 378.70,
    "dma50" : 384.64,
    "dma100" : null,
    "dma200" : 395.94,
    "volume" : 1443367.00
  }, {
    "date" : "2025-04-07",
    "price" : 364.50,
    "dma50" : 383.85,
    "dma100" : null,
    "dma200" : 395.63,
    "volume" : 484402.00
  }, {
    "date" : "2025-04-08",
    "price" : 372.95,
    "dma50" : 383.43,
    "dma100" : null,
    "dma200" : 395.40,
    "volume" : 297697.00
  }, {
    "date" : "2025-04-09",
    "price" : 363.85,
    "dma50" : 382.66,
    "dma100" : null,
    "dma200" : 395.09,
    "volume" : 257117.00
  }, {
    "date" : "2025-04-11",
    "price" : 379.90,
    "dma50" : 382.55,
    "dma100" : null,
    "dma200" : 394.94,
    "volume" : 293526.00
  }, {
    "date" : "2025-04-15",
    "price" : 395.75,
    "dma50" : 383.07,
    "dma100" : null,
    "dma200" : 394.94,
    "volume" : 307876.00
  }, {
    "date" : "2025-04-16",
    "price" : 402.50,
    "dma50" : 383.83,
    "dma100" : null,
    "dma200" : 395.02,
    "volume" : 290125.00
  }, {
    "date" : "2025-04-17",
    "price" : 397.70,
    "dma50" : 384.37,
    "dma100" : null,
    "dma200" : 395.05,
    "volume" : 202669.00
  }, {
    "date" : "2025-04-21",
    "price" : 399.60,
    "dma50" : 384.97,
    "dma100" : null,
    "dma200" : 395.09,
    "volume" : 309143.00
  }, {
    "date" : "2025-04-22",
    "price" : 407.05,
    "dma50" : 385.84,
    "dma100" : null,
    "dma200" : 395.21,
    "volume" : 387194.00
  }, {
    "date" : "2025-04-23",
    "price" : 414.15,
    "dma50" : 386.95,
    "dma100" : null,
    "dma200" : 395.40,
    "volume" : 835174.00
  }, {
    "date" : "2025-04-24",
    "price" : 437.65,
    "dma50" : 388.94,
    "dma100" : null,
    "dma200" : 395.82,
    "volume" : 3142581.00
  }, {
    "date" : "2025-04-25",
    "price" : 420.90,
    "dma50" : 390.19,
    "dma100" : null,
    "dma200" : 396.07,
    "volume" : 588970.00
  }, {
    "date" : "2025-04-28",
    "price" : 416.15,
    "dma50" : 391.21,
    "dma100" : null,
    "dma200" : 396.27,
    "volume" : 296104.00
  }, {
    "date" : "2025-04-29",
    "price" : 416.65,
    "dma50" : 392.21,
    "dma100" : null,
    "dma200" : 396.47,
    "volume" : 292755.00
  }, {
    "date" : "2025-04-30",
    "price" : 409.20,
    "dma50" : 392.87,
    "dma100" : null,
    "dma200" : 396.60,
    "volume" : 394520.00
  }, {
    "date" : "2025-05-02",
    "price" : 417.15,
    "dma50" : 393.82,
    "dma100" : null,
    "dma200" : 396.80,
    "volume" : 341443.00
  }, {
    "date" : "2025-05-05",
    "price" : 424.60,
    "dma50" : 395.03,
    "dma100" : null,
    "dma200" : 397.08,
    "volume" : 287573.00
  }, {
    "date" : "2025-05-06",
    "price" : 406.20,
    "dma50" : 395.47,
    "dma100" : null,
    "dma200" : 397.17,
    "volume" : 197048.00
  }, {
    "date" : "2025-05-07",
    "price" : 418.40,
    "dma50" : 396.37,
    "dma100" : null,
    "dma200" : 397.38,
    "volume" : 289064.00
  }, {
    "date" : "2025-05-08",
    "price" : 409.40,
    "dma50" : 396.88,
    "dma100" : null,
    "dma200" : 397.50,
    "volume" : 175166.00
  }, {
    "date" : "2025-05-09",
    "price" : 407.05,
    "dma50" : 397.28,
    "dma100" : null,
    "dma200" : 397.60,
    "volume" : 261570.00
  }, {
    "date" : "2025-05-12",
    "price" : 419.30,
    "dma50" : 398.14,
    "dma100" : null,
    "dma200" : 397.81,
    "volume" : 249787.00
  }, {
    "date" : "2025-05-13",
    "price" : 421.50,
    "dma50" : 399.06,
    "dma100" : null,
    "dma200" : 398.05,
    "volume" : 178215.00
  }, {
    "date" : "2025-05-14",
    "price" : 426.90,
    "dma50" : 400.15,
    "dma100" : null,
    "dma200" : 398.33,
    "volume" : 273872.00
  }, {
    "date" : "2025-05-15",
    "price" : 432.00,
    "dma50" : 401.40,
    "dma100" : null,
    "dma200" : 398.67,
    "volume" : 474615.00
  }, {
    "date" : "2025-05-16",
    "price" : 430.10,
    "dma50" : 402.52,
    "dma100" : null,
    "dma200" : 398.98,
    "volume" : 178155.00
  }, {
    "date" : "2025-05-19",
    "price" : 433.65,
    "dma50" : 403.74,
    "dma100" : null,
    "dma200" : 399.33,
    "volume" : 382764.00
  }, {
    "date" : "2025-05-20",
    "price" : 428.55,
    "dma50" : 404.72,
    "dma100" : null,
    "dma200" : 399.62,
    "volume" : 193330.00
  }, {
    "date" : "2025-05-21",
    "price" : 421.35,
    "dma50" : 405.37,
    "dma100" : null,
    "dma200" : 399.83,
    "volume" : 219802.00
  }, {
    "date" : "2025-05-22",
    "price" : 423.40,
    "dma50" : 406.08,
    "dma100" : null,
    "dma200" : 400.07,
    "volume" : 144414.00
  }, {
    "date" : "2025-05-23",
    "price" : 423.50,
    "dma50" : 406.76,
    "dma100" : null,
    "dma200" : 400.30,
    "volume" : 140252.00
  }, {
    "date" : "2025-05-26",
    "price" : 423.50,
    "dma50" : 407.42,
    "dma100" : null,
    "dma200" : 400.53,
    "volume" : 102964.00
  }, {
    "date" : "2025-05-27",
    "price" : 424.50,
    "dma50" : 408.09,
    "dma100" : null,
    "dma200" : 400.77,
    "volume" : 244402.00
  }, {
    "date" : "2025-05-28",
    "price" : 451.40,
    "dma50" : 409.78,
    "dma100" : null,
    "dma200" : 401.28,
    "volume" : 8186506.00
  }, {
    "date" : "2025-05-29",
    "price" : 445.95,
    "dma50" : 411.20,
    "dma100" : null,
    "dma200" : 401.72,
    "volume" : 388734.00
  }, {
    "date" : "2025-05-30",
    "price" : 438.15,
    "dma50" : 412.26,
    "dma100" : null,
    "dma200" : 402.08,
    "volume" : 269618.00
  }, {
    "date" : "2025-06-02",
    "price" : 430.80,
    "dma50" : 412.99,
    "dma100" : null,
    "dma200" : 402.37,
    "volume" : 453260.00
  }, {
    "date" : "2025-06-03",
    "price" : 433.15,
    "dma50" : 413.78,
    "dma100" : null,
    "dma200" : 402.67,
    "volume" : 190510.00
  }, {
    "date" : "2025-06-04",
    "price" : 423.75,
    "dma50" : 414.17,
    "dma100" : null,
    "dma200" : 402.88,
    "volume" : 290845.00
  }, {
    "date" : "2025-06-05",
    "price" : 441.35,
    "dma50" : 415.23,
    "dma100" : null,
    "dma200" : 403.27,
    "volume" : 829101.00
  }, {
    "date" : "2025-06-06",
    "price" : 429.45,
    "dma50" : 415.79,
    "dma100" : null,
    "dma200" : 403.53,
    "volume" : 502462.00
  }, {
    "date" : "2025-06-09",
    "price" : 433.50,
    "dma50" : 416.49,
    "dma100" : null,
    "dma200" : 403.83,
    "volume" : 288346.00
  }, {
    "date" : "2025-06-10",
    "price" : 436.15,
    "dma50" : 417.26,
    "dma100" : null,
    "dma200" : 404.15,
    "volume" : 304711.00
  }, {
    "date" : "2025-06-11",
    "price" : 433.10,
    "dma50" : 417.88,
    "dma100" : null,
    "dma200" : 404.44,
    "volume" : 215574.00
  }, {
    "date" : "2025-06-12",
    "price" : 424.65,
    "dma50" : 418.14,
    "dma100" : null,
    "dma200" : 404.64,
    "volume" : 370089.00
  }, {
    "date" : "2025-06-13",
    "price" : 421.65,
    "dma50" : 418.28,
    "dma100" : null,
    "dma200" : 404.81,
    "volume" : 200509.00
  }, {
    "date" : "2025-06-16",
    "price" : 413.10,
    "dma50" : 418.08,
    "dma100" : null,
    "dma200" : 404.89,
    "volume" : 471451.00
  }, {
    "date" : "2025-06-17",
    "price" : 401.50,
    "dma50" : 417.43,
    "dma100" : null,
    "dma200" : 404.85,
    "volume" : 402702.00
  }, {
    "date" : "2025-06-18",
    "price" : 401.35,
    "dma50" : 416.80,
    "dma100" : null,
    "dma200" : 404.82,
    "volume" : 227385.00
  }, {
    "date" : "2025-06-19",
    "price" : 392.20,
    "dma50" : 415.83,
    "dma100" : null,
    "dma200" : 404.69,
    "volume" : 315726.00
  }, {
    "date" : "2025-06-20",
    "price" : 392.50,
    "dma50" : 414.92,
    "dma100" : null,
    "dma200" : 404.57,
    "volume" : 560275.00
  }, {
    "date" : "2025-06-23",
    "price" : 391.20,
    "dma50" : 413.99,
    "dma100" : null,
    "dma200" : 404.44,
    "volume" : 180270.00
  }, {
    "date" : "2025-06-24",
    "price" : 387.10,
    "dma50" : 412.93,
    "dma100" : null,
    "dma200" : 404.27,
    "volume" : 334379.00
  }, {
    "date" : "2025-06-25",
    "price" : 392.85,
    "dma50" : 412.15,
    "dma100" : null,
    "dma200" : 404.15,
    "volume" : 631838.00
  }, {
    "date" : "2025-06-26",
    "price" : 385.00,
    "dma50" : 411.08,
    "dma100" : null,
    "dma200" : 403.96,
    "volume" : 540946.00
  }, {
    "date" : "2025-06-27",
    "price" : 382.70,
    "dma50" : 409.97,
    "dma100" : null,
    "dma200" : 403.75,
    "volume" : 752512.00
  }, {
    "date" : "2025-06-30",
    "price" : 379.45,
    "dma50" : 408.77,
    "dma100" : null,
    "dma200" : 403.51,
    "volume" : 278500.00
  }, {
    "date" : "2025-07-01",
    "price" : 376.90,
    "dma50" : 407.52,
    "dma100" : null,
    "dma200" : 403.24,
    "volume" : 352668.00
  }, {
    "date" : "2025-07-02",
    "price" : 375.75,
    "dma50" : 406.28,
    "dma100" : null,
    "dma200" : 402.97,
    "volume" : 452383.00
  }, {
    "date" : "2025-07-03",
    "price" : 375.85,
    "dma50" : 405.08,
    "dma100" : null,
    "dma200" : 402.70,
    "volume" : 380638.00
  }, {
    "date" : "2025-07-04",
    "price" : 375.10,
    "dma50" : 403.91,
    "dma100" : null,
    "dma200" : 402.43,
    "volume" : 295085.00
  }, {
    "date" : "2025-07-07",
    "price" : 371.40,
    "dma50" : 402.63,
    "dma100" : 396.80,
    "dma200" : 402.12,
    "volume" : 563889.00
  }, {
    "date" : "2025-07-08",
    "price" : 369.70,
    "dma50" : 401.34,
    "dma100" : 396.65,
    "dma200" : 401.80,
    "volume" : 402194.00
  }, {
    "date" : "2025-07-09",
    "price" : 368.30,
    "dma50" : 400.05,
    "dma100" : 396.52,
    "dma200" : 401.46,
    "volume" : 382212.00
  }, {
    "date" : "2025-07-10",
    "price" : 369.35,
    "dma50" : 398.84,
    "dma100" : 396.43,
    "dma200" : 401.14,
    "volume" : 627879.00
  }, {
    "date" : "2025-07-11",
    "price" : 366.35,
    "dma50" : 397.57,
    "dma100" : 396.45,
    "dma200" : 400.80,
    "volume" : 383159.00
  }, {
    "date" : "2025-07-14",
    "price" : 364.80,
    "dma50" : 396.28,
    "dma100" : 396.46,
    "dma200" : 400.44,
    "volume" : 272178.00
  }, {
    "date" : "2025-07-15",
    "price" : 363.95,
    "dma50" : 395.01,
    "dma100" : 396.39,
    "dma200" : 400.08,
    "volume" : 377468.00
  }, {
    "date" : "2025-07-16",
    "price" : 363.15,
    "dma50" : 393.76,
    "dma100" : 396.31,
    "dma200" : 399.71,
    "volume" : 365296.00
  }, {
    "date" : "2025-07-17",
    "price" : 361.75,
    "dma50" : 392.51,
    "dma100" : 396.23,
    "dma200" : 399.33,
    "volume" : 237165.00
  }, {
    "date" : "2025-07-18",
    "price" : 362.90,
    "dma50" : 391.35,
    "dma100" : 396.10,
    "dma200" : 398.97,
    "volume" : 329229.00
  }, {
    "date" : "2025-07-21",
    "price" : 368.45,
    "dma50" : 390.45,
    "dma100" : 396.03,
    "dma200" : 398.66,
    "volume" : 960748.00
  }, {
    "date" : "2025-07-22",
    "price" : 371.85,
    "dma50" : 389.72,
    "dma100" : 395.97,
    "dma200" : 398.40,
    "volume" : 1381106.00
  }, {
    "date" : "2025-07-23",
    "price" : 370.60,
    "dma50" : 388.97,
    "dma100" : 395.80,
    "dma200" : 398.12,
    "volume" : 307596.00
  }, {
    "date" : "2025-07-24",
    "price" : 372.65,
    "dma50" : 388.33,
    "dma100" : 395.89,
    "dma200" : 397.87,
    "volume" : 337152.00
  }, {
    "date" : "2025-07-25",
    "price" : 366.60,
    "dma50" : 387.48,
    "dma100" : 396.04,
    "dma200" : 397.56,
    "volume" : 301469.00
  }, {
    "date" : "2025-07-28",
    "price" : 361.20,
    "dma50" : 386.45,
    "dma100" : 396.17,
    "dma200" : 397.19,
    "volume" : 286430.00
  }, {
    "date" : "2025-07-29",
    "price" : 367.50,
    "dma50" : 385.71,
    "dma100" : 396.25,
    "dma200" : 396.90,
    "volume" : 193748.00
  }, {
    "date" : "2025-07-30",
    "price" : 343.55,
    "dma50" : 384.05,
    "dma100" : 396.10,
    "dma200" : 396.37,
    "volume" : 2250142.00
  }, {
    "date" : "2025-07-31",
    "price" : 343.85,
    "dma50" : 382.48,
    "dma100" : 395.94,
    "dma200" : 395.85,
    "volume" : 405914.00
  }, {
    "date" : "2025-08-01",
    "price" : 340.80,
    "dma50" : 380.84,
    "dma100" : 395.69,
    "dma200" : 395.30,
    "volume" : 201912.00
  }, {
    "date" : "2025-08-04",
    "price" : 345.15,
    "dma50" : 379.44,
    "dma100" : 395.40,
    "dma200" : 394.80,
    "volume" : 241551.00
  }, {
    "date" : "2025-08-05",
    "price" : 340.40,
    "dma50" : 377.91,
    "dma100" : 395.13,
    "dma200" : 394.26,
    "volume" : 407194.00
  }, {
    "date" : "2025-08-06",
    "price" : 336.55,
    "dma50" : 376.29,
    "dma100" : 394.82,
    "dma200" : 393.68,
    "volume" : 214537.00
  }, {
    "date" : "2025-08-07",
    "price" : 330.60,
    "dma50" : 374.50,
    "dma100" : 394.40,
    "dma200" : 393.06,
    "volume" : 427363.00
  }, {
    "date" : "2025-08-08",
    "price" : 337.00,
    "dma50" : 373.03,
    "dma100" : 394.12,
    "dma200" : 392.50,
    "volume" : 281443.00
  }, {
    "date" : "2025-08-11",
    "price" : 335.10,
    "dma50" : 371.54,
    "dma100" : 393.80,
    "dma200" : 391.93,
    "volume" : 150447.00
  }, {
    "date" : "2025-08-12",
    "price" : 340.15,
    "dma50" : 370.31,
    "dma100" : 393.36,
    "dma200" : 391.41,
    "volume" : 208857.00
  }, {
    "date" : "2025-08-13",
    "price" : 334.85,
    "dma50" : 368.92,
    "dma100" : 392.82,
    "dma200" : 390.85,
    "volume" : 287735.00
  }, {
    "date" : "2025-08-14",
    "price" : 331.80,
    "dma50" : 367.46,
    "dma100" : 392.34,
    "dma200" : 390.26,
    "volume" : 126911.00
  }, {
    "date" : "2025-08-18",
    "price" : 327.55,
    "dma50" : 365.90,
    "dma100" : 391.58,
    "dma200" : 389.64,
    "volume" : 452830.00
  }, {
    "date" : "2025-08-19",
    "price" : 339.20,
    "dma50" : 364.85,
    "dma100" : 390.98,
    "dma200" : 389.14,
    "volume" : 320248.00
  }, {
    "date" : "2025-08-20",
    "price" : 340.90,
    "dma50" : 363.91,
    "dma100" : 390.42,
    "dma200" : 388.66,
    "volume" : 187548.00
  }, {
    "date" : "2025-08-21",
    "price" : 341.55,
    "dma50" : 363.03,
    "dma100" : 389.99,
    "dma200" : 388.19,
    "volume" : 136843.00
  }, {
    "date" : "2025-08-22",
    "price" : 340.05,
    "dma50" : 362.13,
    "dma100" : 389.47,
    "dma200" : 387.71,
    "volume" : 97305.00
  }, {
    "date" : "2025-08-25",
    "price" : 345.80,
    "dma50" : 361.49,
    "dma100" : 389.08,
    "dma200" : 387.29,
    "volume" : 373770.00
  }, {
    "date" : "2025-08-26",
    "price" : 339.20,
    "dma50" : 360.62,
    "dma100" : 388.68,
    "dma200" : 386.81,
    "volume" : 210507.00
  }, {
    "date" : "2025-08-28",
    "price" : 351.75,
    "dma50" : 360.27,
    "dma100" : 388.41,
    "dma200" : 386.46,
    "volume" : 931717.00
  }, {
    "date" : "2025-08-29",
    "price" : 351.90,
    "dma50" : 359.94,
    "dma100" : 388.12,
    "dma200" : 386.12,
    "volume" : 520949.00
  }, {
    "date" : "2025-09-01",
    "price" : 349.70,
    "dma50" : 359.54,
    "dma100" : 387.83,
    "dma200" : 385.76,
    "volume" : 177824.00
  }, {
    "date" : "2025-09-02",
    "price" : 360.45,
    "dma50" : 359.58,
    "dma100" : 387.79,
    "dma200" : 385.51,
    "volume" : 2040533.00
  }, {
    "date" : "2025-09-03",
    "price" : 366.55,
    "dma50" : 359.85,
    "dma100" : 387.73,
    "dma200" : 385.32,
    "volume" : 370949.00
  }, {
    "date" : "2025-09-04",
    "price" : 363.80,
    "dma50" : 360.00,
    "dma100" : 387.73,
    "dma200" : 385.10,
    "volume" : 326976.00
  }, {
    "date" : "2025-09-05",
    "price" : 365.10,
    "dma50" : 360.20,
    "dma100" : 387.58,
    "dma200" : 384.90,
    "volume" : 281878.00
  }, {
    "date" : "2025-09-08",
    "price" : 354.95,
    "dma50" : 360.00,
    "dma100" : 387.17,
    "dma200" : 384.61,
    "volume" : 225094.00
  }, {
    "date" : "2025-09-09",
    "price" : 345.35,
    "dma50" : 359.42,
    "dma100" : 386.60,
    "dma200" : 384.21,
    "volume" : 303544.00
  }, {
    "date" : "2025-09-10",
    "price" : 348.80,
    "dma50" : 359.01,
    "dma100" : 386.11,
    "dma200" : 383.86,
    "volume" : 139473.00
  }, {
    "date" : "2025-09-11",
    "price" : 350.00,
    "dma50" : 358.65,
    "dma100" : 385.61,
    "dma200" : 383.53,
    "volume" : 110592.00
  }, {
    "date" : "2025-09-12",
    "price" : 355.60,
    "dma50" : 358.53,
    "dma100" : 385.10,
    "dma200" : 383.25,
    "volume" : 135326.00
  }, {
    "date" : "2025-09-15",
    "price" : 357.10,
    "dma50" : 358.48,
    "dma100" : 384.53,
    "dma200" : 382.99,
    "volume" : 182764.00
  }, {
    "date" : "2025-09-16",
    "price" : 355.50,
    "dma50" : 358.36,
    "dma100" : 383.71,
    "dma200" : 382.71,
    "volume" : 141612.00
  }, {
    "date" : "2025-09-17",
    "price" : 359.55,
    "dma50" : 358.41,
    "dma100" : 383.09,
    "dma200" : 382.48,
    "volume" : 618779.00
  }, {
    "date" : "2025-09-18",
    "price" : 359.00,
    "dma50" : 358.43,
    "dma100" : 382.52,
    "dma200" : 382.25,
    "volume" : 421232.00
  }, {
    "date" : "2025-09-19",
    "price" : 360.10,
    "dma50" : 358.50,
    "dma100" : 381.96,
    "dma200" : 382.03,
    "volume" : 876731.00
  }, {
    "date" : "2025-09-22",
    "price" : 347.40,
    "dma50" : 358.06,
    "dma100" : 381.34,
    "dma200" : 381.68,
    "volume" : 602792.00
  }, {
    "date" : "2025-09-23",
    "price" : 343.05,
    "dma50" : 357.47,
    "dma100" : 380.60,
    "dma200" : 381.30,
    "volume" : 235743.00
  }, {
    "date" : "2025-09-24",
    "price" : 350.10,
    "dma50" : 357.18,
    "dma100" : 379.85,
    "dma200" : 380.99,
    "volume" : 360913.00
  }, {
    "date" : "2025-09-25",
    "price" : 341.75,
    "dma50" : 356.58,
    "dma100" : 379.21,
    "dma200" : 380.60,
    "volume" : 227978.00
  }, {
    "date" : "2025-09-26",
    "price" : 337.90,
    "dma50" : 355.85,
    "dma100" : 378.40,
    "dma200" : 380.17,
    "volume" : 165123.00
  }, {
    "date" : "2025-09-29",
    "price" : 332.85,
    "dma50" : 354.94,
    "dma100" : 377.64,
    "dma200" : 379.70,
    "volume" : 154436.00
  }, {
    "date" : "2025-09-30",
    "price" : 333.50,
    "dma50" : 354.10,
    "dma100" : 376.90,
    "dma200" : 379.24,
    "volume" : 127837.00
  }, {
    "date" : "2025-10-01",
    "price" : 339.25,
    "dma50" : 353.52,
    "dma100" : 376.10,
    "dma200" : 378.85,
    "volume" : 107644.00
  }, {
    "date" : "2025-10-03",
    "price" : 349.70,
    "dma50" : 353.37,
    "dma100" : 375.38,
    "dma200" : 378.56,
    "volume" : 208592.00
  }, {
    "date" : "2025-10-06",
    "price" : 354.70,
    "dma50" : 353.42,
    "dma100" : 374.66,
    "dma200" : 378.32,
    "volume" : 196379.00
  }, {
    "date" : "2025-10-07",
    "price" : 354.60,
    "dma50" : 353.47,
    "dma100" : 373.89,
    "dma200" : 378.08,
    "volume" : 137603.00
  }, {
    "date" : "2025-10-08",
    "price" : 356.25,
    "dma50" : 353.58,
    "dma100" : 373.15,
    "dma200" : 377.87,
    "volume" : 211216.00
  }, {
    "date" : "2025-10-09",
    "price" : 352.35,
    "dma50" : 353.53,
    "dma100" : 372.34,
    "dma200" : 377.61,
    "volume" : 130953.00
  }, {
    "date" : "2025-10-10",
    "price" : 354.35,
    "dma50" : 353.56,
    "dma100" : 371.59,
    "dma200" : 377.38,
    "volume" : 106636.00
  }, {
    "date" : "2025-10-13",
    "price" : 348.95,
    "dma50" : 353.38,
    "dma100" : 370.87,
    "dma200" : 377.10,
    "volume" : 118076.00
  }, {
    "date" : "2025-10-14",
    "price" : 348.35,
    "dma50" : 353.18,
    "dma100" : 370.12,
    "dma200" : 376.81,
    "volume" : 138051.00
  }, {
    "date" : "2025-10-15",
    "price" : 347.80,
    "dma50" : 352.97,
    "dma100" : 369.36,
    "dma200" : 376.52,
    "volume" : 229577.00
  }, {
    "date" : "2025-10-16",
    "price" : 352.55,
    "dma50" : 352.96,
    "dma100" : 368.65,
    "dma200" : 376.28,
    "volume" : 151585.00
  }, {
    "date" : "2025-10-17",
    "price" : 355.15,
    "dma50" : 353.04,
    "dma100" : 367.96,
    "dma200" : 376.07,
    "volume" : 162910.00
  }, {
    "date" : "2025-10-20",
    "price" : 356.50,
    "dma50" : 353.18,
    "dma100" : 367.01,
    "dma200" : 375.88,
    "volume" : 167498.00
  }, {
    "date" : "2025-10-21",
    "price" : 355.85,
    "dma50" : 353.28,
    "dma100" : 366.11,
    "dma200" : 375.68,
    "volume" : 40822.00
  }, {
    "date" : "2025-10-23",
    "price" : 356.25,
    "dma50" : 353.40,
    "dma100" : 365.29,
    "dma200" : 375.49,
    "volume" : 173840.00
  }, {
    "date" : "2025-10-24",
    "price" : 356.25,
    "dma50" : 353.51,
    "dma100" : 364.54,
    "dma200" : 375.29,
    "volume" : 89623.00
  }, {
    "date" : "2025-10-27",
    "price" : 357.95,
    "dma50" : 353.68,
    "dma100" : 363.79,
    "dma200" : 375.12,
    "volume" : 112826.00
  }, {
    "date" : "2025-10-28",
    "price" : 351.85,
    "dma50" : 353.61,
    "dma100" : 363.07,
    "dma200" : 374.89,
    "volume" : 643980.00
  }, {
    "date" : "2025-10-29",
    "price" : 358.45,
    "dma50" : 353.80,
    "dma100" : 362.24,
    "dma200" : 374.73,
    "volume" : 304846.00
  }, {
    "date" : "2025-10-30",
    "price" : 357.05,
    "dma50" : 353.93,
    "dma100" : 361.52,
    "dma200" : 374.55,
    "volume" : 109421.00
  }, {
    "date" : "2025-10-31",
    "price" : 357.05,
    "dma50" : 354.05,
    "dma100" : 360.76,
    "dma200" : 374.38,
    "volume" : 73888.00
  }, {
    "date" : "2025-11-03",
    "price" : 358.20,
    "dma50" : 354.21,
    "dma100" : 359.98,
    "dma200" : 374.22,
    "volume" : 160671.00
  }, {
    "date" : "2025-11-04",
    "price" : 358.35,
    "dma50" : 354.38,
    "dma100" : 359.23,
    "dma200" : 374.06,
    "volume" : 298738.00
  }, {
    "date" : "2025-11-06",
    "price" : 357.25,
    "dma50" : 354.49,
    "dma100" : 358.55,
    "dma200" : 373.89,
    "volume" : 296584.00
  }, {
    "date" : "2025-11-07",
    "price" : 360.50,
    "dma50" : 354.73,
    "dma100" : 357.94,
    "dma200" : 373.76,
    "volume" : 2316862.00
  }, {
    "date" : "2025-11-10",
    "price" : 364.75,
    "dma50" : 355.12,
    "dma100" : 357.46,
    "dma200" : 373.67,
    "volume" : 361595.00
  }, {
    "date" : "2025-11-11",
    "price" : 362.65,
    "dma50" : 355.41,
    "dma100" : 357.07,
    "dma200" : 373.56,
    "volume" : 366321.00
  }, {
    "date" : "2025-11-12",
    "price" : 371.00,
    "dma50" : 356.03,
    "dma100" : 356.77,
    "dma200" : 373.53,
    "volume" : 446050.00
  }, {
    "date" : "2025-11-13",
    "price" : 364.35,
    "dma50" : 356.35,
    "dma100" : 356.49,
    "dma200" : 373.44,
    "volume" : 156903.00
  }, {
    "date" : "2025-11-14",
    "price" : 365.10,
    "dma50" : 356.69,
    "dma100" : 356.22,
    "dma200" : 373.36,
    "volume" : 154974.00
  }, {
    "date" : "2025-11-17",
    "price" : 364.80,
    "dma50" : 357.01,
    "dma100" : 355.95,
    "dma200" : 373.27,
    "volume" : 91582.00
  }, {
    "date" : "2025-11-18",
    "price" : 363.70,
    "dma50" : 357.27,
    "dma100" : 355.72,
    "dma200" : 373.18,
    "volume" : 153613.00
  }, {
    "date" : "2025-11-19",
    "price" : 364.45,
    "dma50" : 357.56,
    "dma100" : 355.43,
    "dma200" : 373.09,
    "volume" : 82947.00
  }, {
    "date" : "2025-11-20",
    "price" : 361.25,
    "dma50" : 357.70,
    "dma100" : 355.20,
    "dma200" : 372.97,
    "volume" : 116536.00
  }, {
    "date" : "2025-11-21",
    "price" : 361.65,
    "dma50" : 357.86,
    "dma100" : 354.99,
    "dma200" : 372.86,
    "volume" : 115493.00
  }, {
    "date" : "2025-11-24",
    "price" : 354.10,
    "dma50" : 357.71,
    "dma100" : 354.73,
    "dma200" : 372.67,
    "volume" : 112737.00
  }, {
    "date" : "2025-11-25",
    "price" : 355.20,
    "dma50" : 357.61,
    "dma100" : 354.51,
    "dma200" : 372.50,
    "volume" : 136712.00
  }, {
    "date" : "2025-11-26",
    "price" : 356.50,
    "dma50" : 357.57,
    "dma100" : 354.32,
    "dma200" : 372.34,
    "volume" : 151839.00
  }, {
    "date" : "2025-11-27",
    "price" : 363.15,
    "dma50" : 357.79,
    "dma100" : 354.20,
    "dma200" : 372.25,
    "volume" : 182029.00
  }, {
    "date" : "2025-11-28",
    "price" : 355.85,
    "dma50" : 357.71,
    "dma100" : 354.00,
    "dma200" : 372.09,
    "volume" : 72705.00
  }, {
    "date" : "2025-12-01",
    "price" : 350.60,
    "dma50" : 357.43,
    "dma100" : 353.79,
    "dma200" : 371.87,
    "volume" : 97082.00
  }, {
    "date" : "2025-12-02",
    "price" : 350.35,
    "dma50" : 357.15,
    "dma100" : 353.60,
    "dma200" : 371.66,
    "volume" : 95580.00
  }, {
    "date" : "2025-12-03",
    "price" : 356.85,
    "dma50" : 357.14,
    "dma100" : 353.49,
    "dma200" : 371.51,
    "volume" : 269677.00
  }, {
    "date" : "2025-12-04",
    "price" : 353.85,
    "dma50" : 357.01,
    "dma100" : 353.33,
    "dma200" : 371.34,
    "volume" : 300656.00
  }, {
    "date" : "2025-12-05",
    "price" : 350.50,
    "dma50" : 356.76,
    "dma100" : 353.17,
    "dma200" : 371.13,
    "volume" : 255105.00
  }, {
    "date" : "2025-12-08",
    "price" : 338.00,
    "dma50" : 356.02,
    "dma100" : 352.91,
    "dma200" : 370.80,
    "volume" : 219877.00
  }, {
    "date" : "2025-12-09",
    "price" : 365.05,
    "dma50" : 356.38,
    "dma100" : 352.92,
    "dma200" : 370.74,
    "volume" : 6317259.00
  }, {
    "date" : "2025-12-10",
    "price" : 347.65,
    "dma50" : 356.03,
    "dma100" : 352.76,
    "dma200" : 370.51,
    "volume" : 1062276.00
  }, {
    "date" : "2025-12-11",
    "price" : 351.20,
    "dma50" : 355.84,
    "dma100" : 352.66,
    "dma200" : 370.32,
    "volume" : 269696.00
  }, {
    "date" : "2025-12-12",
    "price" : 357.85,
    "dma50" : 355.92,
    "dma100" : 352.61,
    "dma200" : 370.20,
    "volume" : 359650.00
  }, {
    "date" : "2025-12-15",
    "price" : 356.00,
    "dma50" : 355.93,
    "dma100" : 352.48,
    "dma200" : 370.05,
    "volume" : 308642.00
  }, {
    "date" : "2025-12-16",
    "price" : 373.25,
    "dma50" : 356.60,
    "dma100" : 352.49,
    "dma200" : 370.09,
    "volume" : 2076512.00
  }, {
    "date" : "2025-12-17",
    "price" : 376.10,
    "dma50" : 357.37,
    "dma100" : 352.55,
    "dma200" : 370.15,
    "volume" : 566436.00
  }, {
    "date" : "2025-12-18",
    "price" : 371.50,
    "dma50" : 357.92,
    "dma100" : 352.54,
    "dma200" : 370.16,
    "volume" : 314635.00
  }, {
    "date" : "2025-12-19",
    "price" : 375.00,
    "dma50" : 358.59,
    "dma100" : 352.62,
    "dma200" : 370.21,
    "volume" : 558607.00
  }, {
    "date" : "2025-12-22",
    "price" : 389.55,
    "dma50" : 359.81,
    "dma100" : 352.91,
    "dma200" : 370.40,
    "volume" : 998069.00
  }, {
    "date" : "2025-12-23",
    "price" : 398.50,
    "dma50" : 361.32,
    "dma100" : 353.22,
    "dma200" : 370.68,
    "volume" : 795769.00
  }, {
    "date" : "2025-12-24",
    "price" : 400.20,
    "dma50" : 362.85,
    "dma100" : 353.78,
    "dma200" : 370.97,
    "volume" : 357938.00
  }, {
    "date" : "2025-12-26",
    "price" : 400.10,
    "dma50" : 364.31,
    "dma100" : 354.34,
    "dma200" : 371.26,
    "volume" : 223469.00
  }, {
    "date" : "2025-12-29",
    "price" : 387.05,
    "dma50" : 365.20,
    "dma100" : 354.81,
    "dma200" : 371.42,
    "volume" : 318984.00
  }, {
    "date" : "2025-12-30",
    "price" : 381.85,
    "dma50" : 365.85,
    "dma100" : 355.17,
    "dma200" : 371.52,
    "volume" : 359130.00
  }, {
    "date" : "2025-12-31",
    "price" : 390.30,
    "dma50" : 366.81,
    "dma100" : 355.67,
    "dma200" : 371.71,
    "volume" : 182400.00
  }, {
    "date" : "2026-01-01",
    "price" : 381.85,
    "dma50" : 367.40,
    "dma100" : 356.13,
    "dma200" : 371.81,
    "volume" : 327450.00
  }, {
    "date" : "2026-01-02",
    "price" : 381.20,
    "dma50" : 367.94,
    "dma100" : 356.63,
    "dma200" : 371.90,
    "volume" : 313118.00
  }, {
    "date" : "2026-01-05",
    "price" : 380.05,
    "dma50" : 368.42,
    "dma100" : 357.06,
    "dma200" : 371.99,
    "volume" : 238565.00
  }, {
    "date" : "2026-01-06",
    "price" : 374.10,
    "dma50" : 368.64,
    "dma100" : 357.45,
    "dma200" : 372.01,
    "volume" : 166961.00
  }, {
    "date" : "2026-01-07",
    "price" : 372.25,
    "dma50" : 368.78,
    "dma100" : 357.77,
    "dma200" : 372.01,
    "volume" : 136152.00
  }, {
    "date" : "2026-01-08",
    "price" : 365.40,
    "dma50" : 368.65,
    "dma100" : 358.08,
    "dma200" : 371.94,
    "volume" : 164809.00
  }, {
    "date" : "2026-01-09",
    "price" : 357.95,
    "dma50" : 368.23,
    "dma100" : 358.34,
    "dma200" : 371.80,
    "volume" : 268299.00
  }, {
    "date" : "2026-01-12",
    "price" : 347.15,
    "dma50" : 367.40,
    "dma100" : 358.54,
    "dma200" : 371.56,
    "volume" : 209688.00
  }, {
    "date" : "2026-01-13",
    "price" : 342.95,
    "dma50" : 366.44,
    "dma100" : 358.57,
    "dma200" : 371.27,
    "volume" : 164016.00
  }, {
    "date" : "2026-01-14",
    "price" : 339.90,
    "dma50" : 365.40,
    "dma100" : 358.56,
    "dma200" : 370.96,
    "volume" : 94625.00
  }, {
    "date" : "2026-01-16",
    "price" : 333.65,
    "dma50" : 364.16,
    "dma100" : 358.49,
    "dma200" : 370.59,
    "volume" : 162689.00
  }, {
    "date" : "2026-01-19",
    "price" : 333.05,
    "dma50" : 362.94,
    "dma100" : 358.42,
    "dma200" : 370.22,
    "volume" : 351935.00
  }, {
    "date" : "2026-01-20",
    "price" : 330.95,
    "dma50" : 361.68,
    "dma100" : 358.27,
    "dma200" : 369.83,
    "volume" : 264412.00
  }, {
    "date" : "2026-01-21",
    "price" : 328.05,
    "dma50" : 360.37,
    "dma100" : 358.16,
    "dma200" : 369.41,
    "volume" : 356588.00
  }, {
    "date" : "2026-01-22",
    "price" : 337.40,
    "dma50" : 359.46,
    "dma100" : 358.01,
    "dma200" : 369.09,
    "volume" : 245066.00
  }, {
    "date" : "2026-01-23",
    "price" : 330.90,
    "dma50" : 358.34,
    "dma100" : 357.80,
    "dma200" : 368.71,
    "volume" : 161321.00
  }, {
    "date" : "2026-01-27",
    "price" : 347.90,
    "dma50" : 357.93,
    "dma100" : 357.78,
    "dma200" : 368.51,
    "volume" : 478514.00
  }, {
    "date" : "2026-01-28",
    "price" : 358.55,
    "dma50" : 357.96,
    "dma100" : 357.76,
    "dma200" : 368.41,
    "volume" : 2175385.00
  }, {
    "date" : "2026-01-29",
    "price" : 351.10,
    "dma50" : 357.69,
    "dma100" : 357.61,
    "dma200" : 368.23,
    "volume" : 138656.00
  }, {
    "date" : "2026-01-30",
    "price" : 375.40,
    "dma50" : 358.38,
    "dma100" : 357.73,
    "dma200" : 368.31,
    "volume" : 735681.00
  }, {
    "date" : "2026-02-01",
    "price" : 358.60,
    "dma50" : 358.39,
    "dma100" : 357.66,
    "dma200" : 368.21,
    "volume" : 310539.00
  }, {
    "date" : "2026-02-02",
    "price" : 364.00,
    "dma50" : 358.61,
    "dma100" : 357.75,
    "dma200" : 368.17,
    "volume" : 180298.00
  }, {
    "date" : "2026-02-03",
    "price" : 376.25,
    "dma50" : 359.30,
    "dma100" : 358.06,
    "dma200" : 368.25,
    "volume" : 539492.00
  }, {
    "date" : "2026-02-04",
    "price" : 376.90,
    "dma50" : 359.99,
    "dma100" : 358.34,
    "dma200" : 368.33,
    "volume" : 168428.00
  }, {
    "date" : "2026-02-05",
    "price" : 373.90,
    "dma50" : 360.54,
    "dma100" : 358.58,
    "dma200" : 368.39,
    "volume" : 147490.00
  } ],
  "latestTechnicalAttributes" : {
    "date" : "2026-02-05",
    "price" : 373.90,
    "dma50" : 360.54,
    "dma100" : 358.58,
    "dma200" : 368.39,
    "volume" : 147490.00
  },
  "quarterlyResults" : [ {
    "date" : "2005-03-31",
    "sales" : 258.71,
    "salesGrowthYoY" : null,
    "grossProfitMargin" : 41.03,
    "grossProfit" : 106.15,
    "operatingProfitMargin" : 18.60,
    "operatingProfit" : 48.12,
    "netProfitMargin" : 11.62,
    "netProfit" : 30.06
  }, {
    "date" : "2005-06-30",
    "sales" : 251.43,
    "salesGrowthYoY" : null,
    "grossProfitMargin" : 25.81,
    "grossProfit" : 64.89,
    "operatingProfitMargin" : 16.35,
    "operatingProfit" : 41.11,
    "netProfitMargin" : 10.10,
    "netProfit" : 25.39
  }, {
    "date" : "2005-09-30",
    "sales" : 305.63,
    "salesGrowthYoY" : null,
    "grossProfitMargin" : 24.69,
    "grossProfit" : 75.46,
    "operatingProfitMargin" : 21.73,
    "operatingProfit" : 66.41,
    "netProfitMargin" : 14.62,
    "netProfit" : 44.68
  }, {
    "date" : "2005-12-31",
    "sales" : 293.06,
    "salesGrowthYoY" : null,
    "grossProfitMargin" : 35.30,
    "grossProfit" : 103.45,
    "operatingProfitMargin" : 13.70,
    "operatingProfit" : 40.15,
    "netProfitMargin" : 7.89,
    "netProfit" : 23.12
  }, {
    "date" : "2006-03-31",
    "sales" : 341.92,
    "salesGrowthYoY" : 32.16,
    "grossProfitMargin" : 39.82,
    "grossProfit" : 136.15,
    "operatingProfitMargin" : 16.02,
    "operatingProfit" : 54.78,
    "netProfitMargin" : 11.44,
    "netProfit" : 39.12
  }, {
    "date" : "2006-06-30",
    "sales" : 299.98,
    "salesGrowthYoY" : 19.31,
    "grossProfitMargin" : 28.54,
    "grossProfit" : 85.61,
    "operatingProfitMargin" : 18.39,
    "operatingProfit" : 55.17,
    "netProfitMargin" : 10.80,
    "netProfit" : 32.40
  }, {
    "date" : "2006-09-30",
    "sales" : 288.31,
    "salesGrowthYoY" : -5.67,
    "grossProfitMargin" : 19.25,
    "grossProfit" : 55.50,
    "operatingProfitMargin" : 18.08,
    "operatingProfit" : 52.13,
    "netProfitMargin" : 10.65,
    "netProfit" : 30.71
  }, {
    "date" : "2006-12-31",
    "sales" : 307.01,
    "salesGrowthYoY" : 4.76,
    "grossProfitMargin" : 33.50,
    "grossProfit" : 102.85,
    "operatingProfitMargin" : 13.96,
    "operatingProfit" : 42.86,
    "netProfitMargin" : 7.13,
    "netProfit" : 21.89
  }, {
    "date" : "2007-03-31",
    "sales" : 364.48,
    "salesGrowthYoY" : 6.60,
    "grossProfitMargin" : 40.08,
    "grossProfit" : 146.08,
    "operatingProfitMargin" : 7.16,
    "operatingProfit" : 26.10,
    "netProfitMargin" : 1.76,
    "netProfit" : 6.41
  }, {
    "date" : "2007-06-30",
    "sales" : 343.51,
    "salesGrowthYoY" : 14.51,
    "grossProfitMargin" : 16.75,
    "grossProfit" : 57.54,
    "operatingProfitMargin" : 1.62,
    "operatingProfit" : 5.56,
    "netProfitMargin" : -5.81,
    "netProfit" : -19.96
  }, {
    "date" : "2007-09-30",
    "sales" : 304.18,
    "salesGrowthYoY" : 5.50,
    "grossProfitMargin" : 22.24,
    "grossProfit" : 67.65,
    "operatingProfitMargin" : 15.19,
    "operatingProfit" : 46.20,
    "netProfitMargin" : 2.00,
    "netProfit" : 6.08
  }, {
    "date" : "2007-12-31",
    "sales" : 346.94,
    "salesGrowthYoY" : 13.01,
    "grossProfitMargin" : 39.01,
    "grossProfit" : 135.34,
    "operatingProfitMargin" : 19.43,
    "operatingProfit" : 67.41,
    "netProfitMargin" : 7.40,
    "netProfit" : 25.67
  }, {
    "date" : "2008-03-31",
    "sales" : 378.27,
    "salesGrowthYoY" : 3.78,
    "grossProfitMargin" : 70.45,
    "grossProfit" : 266.49,
    "operatingProfitMargin" : 22.62,
    "operatingProfit" : 85.56,
    "netProfitMargin" : 9.06,
    "netProfit" : 34.27
  }, {
    "date" : "2008-06-30",
    "sales" : 441.84,
    "salesGrowthYoY" : 28.63,
    "grossProfitMargin" : 26.69,
    "grossProfit" : 117.93,
    "operatingProfitMargin" : 16.85,
    "operatingProfit" : 74.45,
    "netProfitMargin" : 5.57,
    "netProfit" : 24.61
  }, {
    "date" : "2008-09-30",
    "sales" : 427.42,
    "salesGrowthYoY" : 40.52,
    "grossProfitMargin" : 25.94,
    "grossProfit" : 110.87,
    "operatingProfitMargin" : 18.63,
    "operatingProfit" : 79.63,
    "netProfitMargin" : 6.31,
    "netProfit" : 26.97
  }, {
    "date" : "2008-12-31",
    "sales" : 365.71,
    "salesGrowthYoY" : 5.41,
    "grossProfitMargin" : 49.35,
    "grossProfit" : 180.48,
    "operatingProfitMargin" : 22.59,
    "operatingProfit" : 82.61,
    "netProfitMargin" : 6.56,
    "netProfit" : 23.99
  }, {
    "date" : "2009-03-31",
    "sales" : 457.85,
    "salesGrowthYoY" : 21.04,
    "grossProfitMargin" : 58.04,
    "grossProfit" : 265.74,
    "operatingProfitMargin" : 23.30,
    "operatingProfit" : 106.68,
    "netProfitMargin" : 8.25,
    "netProfit" : 37.77
  }, {
    "date" : "2009-06-30",
    "sales" : 518.61,
    "salesGrowthYoY" : 17.38,
    "grossProfitMargin" : 25.08,
    "grossProfit" : 130.07,
    "operatingProfitMargin" : 20.70,
    "operatingProfit" : 107.35,
    "netProfitMargin" : 8.75,
    "netProfit" : 45.38
  }, {
    "date" : "2009-09-30",
    "sales" : 553.85,
    "salesGrowthYoY" : 29.58,
    "grossProfitMargin" : 31.57,
    "grossProfit" : 174.85,
    "operatingProfitMargin" : 25.46,
    "operatingProfit" : 141.01,
    "netProfitMargin" : 12.86,
    "netProfit" : 71.23
  }, {
    "date" : "2009-12-31",
    "sales" : 487.63,
    "salesGrowthYoY" : 33.34,
    "grossProfitMargin" : 47.40,
    "grossProfit" : 231.14,
    "operatingProfitMargin" : 25.90,
    "operatingProfit" : 126.30,
    "netProfitMargin" : 12.67,
    "netProfit" : 61.78
  }, {
    "date" : "2010-03-31",
    "sales" : 594.92,
    "salesGrowthYoY" : 29.94,
    "grossProfitMargin" : 40.95,
    "grossProfit" : 243.62,
    "operatingProfitMargin" : 8.54,
    "operatingProfit" : 50.81,
    "netProfitMargin" : 2.42,
    "netProfit" : 14.40
  }, {
    "date" : "2010-06-30",
    "sales" : 591.56,
    "salesGrowthYoY" : 14.07,
    "grossProfitMargin" : 10.73,
    "grossProfit" : 63.47,
    "operatingProfitMargin" : 1.39,
    "operatingProfit" : 8.22,
    "netProfitMargin" : -4.99,
    "netProfit" : -29.52
  }, {
    "date" : "2010-09-30",
    "sales" : 588.11,
    "salesGrowthYoY" : 6.19,
    "grossProfitMargin" : 13.77,
    "grossProfit" : 80.98,
    "operatingProfitMargin" : 5.60,
    "operatingProfit" : 32.93,
    "netProfitMargin" : 0.81,
    "netProfit" : 4.76
  }, {
    "date" : "2010-12-31",
    "sales" : 458.87,
    "salesGrowthYoY" : -5.90,
    "grossProfitMargin" : 27.77,
    "grossProfit" : 127.43,
    "operatingProfitMargin" : 8.10,
    "operatingProfit" : 37.17,
    "netProfitMargin" : 0.35,
    "netProfit" : 1.61
  }, {
    "date" : "2011-03-31",
    "sales" : 457.99,
    "salesGrowthYoY" : -23.02,
    "grossProfitMargin" : 54.50,
    "grossProfit" : 249.60,
    "operatingProfitMargin" : 12.76,
    "operatingProfit" : 58.44,
    "netProfitMargin" : 4.23,
    "netProfit" : 19.37
  }, {
    "date" : "2011-06-30",
    "sales" : 418.28,
    "salesGrowthYoY" : -29.29,
    "grossProfitMargin" : 12.27,
    "grossProfit" : 51.32,
    "operatingProfitMargin" : 4.67,
    "operatingProfit" : 19.53,
    "netProfitMargin" : -5.08,
    "netProfit" : -21.25
  }, {
    "date" : "2011-09-30",
    "sales" : 380.96,
    "salesGrowthYoY" : -35.22,
    "grossProfitMargin" : 22.14,
    "grossProfit" : 84.34,
    "operatingProfitMargin" : 13.79,
    "operatingProfit" : 52.53,
    "netProfitMargin" : 2.40,
    "netProfit" : 9.14
  }, {
    "date" : "2011-12-31",
    "sales" : 424.64,
    "salesGrowthYoY" : -7.46,
    "grossProfitMargin" : 30.84,
    "grossProfit" : 130.96,
    "operatingProfitMargin" : 5.35,
    "operatingProfit" : 22.72,
    "netProfitMargin" : 1.89,
    "netProfit" : 8.03
  }, {
    "date" : "2012-03-31",
    "sales" : 505.11,
    "salesGrowthYoY" : 10.29,
    "grossProfitMargin" : 40.31,
    "grossProfit" : 203.61,
    "operatingProfitMargin" : 0.53,
    "operatingProfit" : 2.68,
    "netProfitMargin" : -6.16,
    "netProfit" : -31.11
  }, {
    "date" : "2012-06-30",
    "sales" : 452.53,
    "salesGrowthYoY" : 8.19,
    "grossProfitMargin" : 22.91,
    "grossProfit" : 103.67,
    "operatingProfitMargin" : 15.39,
    "operatingProfit" : 69.64,
    "netProfitMargin" : 1.85,
    "netProfit" : 8.37
  }, {
    "date" : "2012-09-30",
    "sales" : 477.17,
    "salesGrowthYoY" : 25.25,
    "grossProfitMargin" : 23.77,
    "grossProfit" : 113.42,
    "operatingProfitMargin" : 17.19,
    "operatingProfit" : 82.03,
    "netProfitMargin" : 5.65,
    "netProfit" : 26.96
  }, {
    "date" : "2012-12-31",
    "sales" : 533.44,
    "salesGrowthYoY" : 25.62,
    "grossProfitMargin" : 26.75,
    "grossProfit" : 142.70,
    "operatingProfitMargin" : 8.18,
    "operatingProfit" : 43.64,
    "netProfitMargin" : 0.23,
    "netProfit" : 1.23
  }, {
    "date" : "2013-03-31",
    "sales" : 584.47,
    "salesGrowthYoY" : 15.71,
    "grossProfitMargin" : 35.01,
    "grossProfit" : 204.62,
    "operatingProfitMargin" : 0.51,
    "operatingProfit" : 2.98,
    "netProfitMargin" : -5.28,
    "netProfit" : -30.86
  }, {
    "date" : "2013-06-30",
    "sales" : 423.14,
    "salesGrowthYoY" : -6.49,
    "grossProfitMargin" : 20.75,
    "grossProfit" : 87.80,
    "operatingProfitMargin" : 6.96,
    "operatingProfit" : 29.45,
    "netProfitMargin" : -5.01,
    "netProfit" : -21.20
  }, {
    "date" : "2013-09-30",
    "sales" : 564.82,
    "salesGrowthYoY" : 18.37,
    "grossProfitMargin" : 4.88,
    "grossProfit" : 27.56,
    "operatingProfitMargin" : -1.21,
    "operatingProfit" : -6.83,
    "netProfitMargin" : -9.07,
    "netProfit" : -51.23
  }, {
    "date" : "2013-12-31",
    "sales" : 590.54,
    "salesGrowthYoY" : 10.70,
    "grossProfitMargin" : 13.46,
    "grossProfit" : 79.49,
    "operatingProfitMargin" : -0.17,
    "operatingProfit" : -1.00,
    "netProfitMargin" : -5.47,
    "netProfit" : -32.30
  }, {
    "date" : "2014-03-31",
    "sales" : 456.93,
    "salesGrowthYoY" : -21.82,
    "grossProfitMargin" : 52.48,
    "grossProfit" : 239.80,
    "operatingProfitMargin" : -0.75,
    "operatingProfit" : -3.43,
    "netProfitMargin" : -13.63,
    "netProfit" : -62.28
  }, {
    "date" : "2014-06-30",
    "sales" : 575.89,
    "salesGrowthYoY" : 36.10,
    "grossProfitMargin" : 15.41,
    "grossProfit" : 88.74,
    "operatingProfitMargin" : 5.77,
    "operatingProfit" : 33.23,
    "netProfitMargin" : -1.48,
    "netProfit" : -8.52
  }, {
    "date" : "2014-09-30",
    "sales" : 455.53,
    "salesGrowthYoY" : -19.35,
    "grossProfitMargin" : 9.09,
    "grossProfit" : 41.41,
    "operatingProfitMargin" : -1.60,
    "operatingProfit" : -7.29,
    "netProfitMargin" : -6.79,
    "netProfit" : -30.93
  }, {
    "date" : "2014-12-31",
    "sales" : 581.75,
    "salesGrowthYoY" : -1.49,
    "grossProfitMargin" : 16.33,
    "grossProfit" : 95.00,
    "operatingProfitMargin" : -3.29,
    "operatingProfit" : -19.14,
    "netProfitMargin" : -6.58,
    "netProfit" : -38.28
  }, {
    "date" : "2015-03-31",
    "sales" : 447.65,
    "salesGrowthYoY" : -2.03,
    "grossProfitMargin" : 43.22,
    "grossProfit" : 193.47,
    "operatingProfitMargin" : -5.49,
    "operatingProfit" : -24.58,
    "netProfitMargin" : -19.29,
    "netProfit" : -86.35
  }, {
    "date" : "2015-06-30",
    "sales" : 504.68,
    "salesGrowthYoY" : -12.37,
    "grossProfitMargin" : 0.28,
    "grossProfit" : 1.41,
    "operatingProfitMargin" : -8.94,
    "operatingProfit" : -45.12,
    "netProfitMargin" : -18.40,
    "netProfit" : -92.86
  }, {
    "date" : "2015-09-30",
    "sales" : 430.67,
    "salesGrowthYoY" : -5.46,
    "grossProfitMargin" : 21.65,
    "grossProfit" : 93.24,
    "operatingProfitMargin" : 13.47,
    "operatingProfit" : 58.01,
    "netProfitMargin" : 4.95,
    "netProfit" : 21.32
  }, {
    "date" : "2015-12-31",
    "sales" : 511.62,
    "salesGrowthYoY" : -12.06,
    "grossProfitMargin" : 28.56,
    "grossProfit" : 146.12,
    "operatingProfitMargin" : 7.87,
    "operatingProfit" : 40.26,
    "netProfitMargin" : 2.22,
    "netProfit" : 11.36
  }, {
    "date" : "2016-03-31",
    "sales" : 467.99,
    "salesGrowthYoY" : 4.54,
    "grossProfitMargin" : 61.32,
    "grossProfit" : 286.97,
    "operatingProfitMargin" : 15.32,
    "operatingProfit" : 71.70,
    "netProfitMargin" : 8.82,
    "netProfit" : 41.28
  }, {
    "date" : "2016-06-30",
    "sales" : 600.86,
    "salesGrowthYoY" : 19.06,
    "grossProfitMargin" : 24.75,
    "grossProfit" : 148.71,
    "operatingProfitMargin" : 17.02,
    "operatingProfit" : 102.27,
    "netProfitMargin" : 7.12,
    "netProfit" : 42.78
  }, {
    "date" : "2016-09-30",
    "sales" : 641.27,
    "salesGrowthYoY" : 48.90,
    "grossProfitMargin" : 26.85,
    "grossProfit" : 172.18,
    "operatingProfitMargin" : 19.16,
    "operatingProfit" : 122.87,
    "netProfitMargin" : 10.08,
    "netProfit" : 64.64
  }, {
    "date" : "2016-12-31",
    "sales" : 687.96,
    "salesGrowthYoY" : 34.47,
    "grossProfitMargin" : 39.25,
    "grossProfit" : 270.02,
    "operatingProfitMargin" : 18.52,
    "operatingProfit" : 127.41,
    "netProfitMargin" : 10.00,
    "netProfit" : 68.80
  }, {
    "date" : "2017-03-31",
    "sales" : 894.46,
    "salesGrowthYoY" : 91.13,
    "grossProfitMargin" : 43.97,
    "grossProfit" : 393.29,
    "operatingProfitMargin" : 18.90,
    "operatingProfit" : 169.05,
    "netProfitMargin" : 13.35,
    "netProfit" : 119.41
  }, {
    "date" : "2017-06-30",
    "sales" : 802.61,
    "salesGrowthYoY" : 33.58,
    "grossProfitMargin" : 23.72,
    "grossProfit" : 190.38,
    "operatingProfitMargin" : 16.14,
    "operatingProfit" : 129.54,
    "netProfitMargin" : 7.25,
    "netProfit" : 58.19
  }, {
    "date" : "2017-09-30",
    "sales" : 1060.75,
    "salesGrowthYoY" : 65.41,
    "grossProfitMargin" : 19.99,
    "grossProfit" : 212.04,
    "operatingProfitMargin" : 15.82,
    "operatingProfit" : 167.81,
    "netProfitMargin" : 9.53,
    "netProfit" : 101.09
  }, {
    "date" : "2017-12-31",
    "sales" : 772.55,
    "salesGrowthYoY" : 12.30,
    "grossProfitMargin" : 33.63,
    "grossProfit" : 259.81,
    "operatingProfitMargin" : 12.08,
    "operatingProfit" : 93.32,
    "netProfitMargin" : 7.76,
    "netProfit" : 59.95
  }, {
    "date" : "2018-03-31",
    "sales" : 734.27,
    "salesGrowthYoY" : -17.91,
    "grossProfitMargin" : 16.14,
    "grossProfit" : 118.51,
    "operatingProfitMargin" : -15.61,
    "operatingProfit" : -114.62,
    "netProfitMargin" : -14.92,
    "netProfit" : -109.55
  }, {
    "date" : "2018-06-30",
    "sales" : 706.60,
    "salesGrowthYoY" : -11.96,
    "grossProfitMargin" : 25.36,
    "grossProfit" : 179.19,
    "operatingProfitMargin" : 10.36,
    "operatingProfit" : 73.20,
    "netProfitMargin" : 4.79,
    "netProfit" : 33.85
  }, {
    "date" : "2018-09-30",
    "sales" : 687.71,
    "salesGrowthYoY" : -35.17,
    "grossProfitMargin" : 29.23,
    "grossProfit" : 201.02,
    "operatingProfitMargin" : 8.69,
    "operatingProfit" : 59.76,
    "netProfitMargin" : 4.53,
    "netProfit" : 31.15
  }, {
    "date" : "2018-12-31",
    "sales" : 902.90,
    "salesGrowthYoY" : 16.87,
    "grossProfitMargin" : 26.01,
    "grossProfit" : 234.84,
    "operatingProfitMargin" : 6.51,
    "operatingProfit" : 58.78,
    "netProfitMargin" : 6.98,
    "netProfit" : 63.02
  }, {
    "date" : "2019-03-31",
    "sales" : 854.35,
    "salesGrowthYoY" : 16.35,
    "grossProfitMargin" : 35.72,
    "grossProfit" : 305.17,
    "operatingProfitMargin" : 13.73,
    "operatingProfit" : 117.30,
    "netProfitMargin" : 8.91,
    "netProfit" : 76.12
  }, {
    "date" : "2019-06-30",
    "sales" : 921.48,
    "salesGrowthYoY" : 30.41,
    "grossProfitMargin" : 26.06,
    "grossProfit" : 240.14,
    "operatingProfitMargin" : 9.88,
    "operatingProfit" : 91.04,
    "netProfitMargin" : 3.49,
    "netProfit" : 32.16
  }, {
    "date" : "2019-09-30",
    "sales" : 948.50,
    "salesGrowthYoY" : 37.92,
    "grossProfitMargin" : 31.61,
    "grossProfit" : 299.82,
    "operatingProfitMargin" : 18.46,
    "operatingProfit" : 175.09,
    "netProfitMargin" : 11.28,
    "netProfit" : 106.99
  }, {
    "date" : "2019-12-31",
    "sales" : 1065.02,
    "salesGrowthYoY" : 17.96,
    "grossProfitMargin" : 23.51,
    "grossProfit" : 250.39,
    "operatingProfitMargin" : 7.95,
    "operatingProfit" : 84.67,
    "netProfitMargin" : 3.87,
    "netProfit" : 41.22
  }, {
    "date" : "2020-03-31",
    "sales" : 1488.57,
    "salesGrowthYoY" : 74.23,
    "grossProfitMargin" : 25.63,
    "grossProfit" : 381.52,
    "operatingProfitMargin" : 12.22,
    "operatingProfit" : 181.90,
    "netProfitMargin" : 9.73,
    "netProfit" : 144.84
  }, {
    "date" : "2020-06-30",
    "sales" : 1222.44,
    "salesGrowthYoY" : 32.66,
    "grossProfitMargin" : 24.93,
    "grossProfit" : 304.75,
    "operatingProfitMargin" : 12.64,
    "operatingProfit" : 154.52,
    "netProfitMargin" : 6.58,
    "netProfit" : 80.44
  }, {
    "date" : "2020-09-30",
    "sales" : 1164.73,
    "salesGrowthYoY" : 22.80,
    "grossProfitMargin" : 19.55,
    "grossProfit" : 227.70,
    "operatingProfitMargin" : 6.42,
    "operatingProfit" : 74.78,
    "netProfitMargin" : 2.79,
    "netProfit" : 32.50
  }, {
    "date" : "2020-12-31",
    "sales" : 1120.61,
    "salesGrowthYoY" : 5.22,
    "grossProfitMargin" : 29.09,
    "grossProfit" : 325.99,
    "operatingProfitMargin" : 14.28,
    "operatingProfit" : 160.02,
    "netProfitMargin" : 8.14,
    "netProfit" : 91.22
  }, {
    "date" : "2021-03-31",
    "sales" : 1156.25,
    "salesGrowthYoY" : -22.32,
    "grossProfitMargin" : 31.95,
    "grossProfit" : 369.42,
    "operatingProfitMargin" : 13.89,
    "operatingProfit" : 160.60,
    "netProfitMargin" : 7.09,
    "netProfit" : 81.98
  }, {
    "date" : "2021-06-30",
    "sales" : 1033.13,
    "salesGrowthYoY" : -15.49,
    "grossProfitMargin" : 30.34,
    "grossProfit" : 313.45,
    "operatingProfitMargin" : 14.16,
    "operatingProfit" : 146.29,
    "netProfitMargin" : 8.36,
    "netProfit" : 86.37
  }, {
    "date" : "2021-09-30",
    "sales" : 1065.74,
    "salesGrowthYoY" : -8.50,
    "grossProfitMargin" : 25.94,
    "grossProfit" : 276.45,
    "operatingProfitMargin" : 9.91,
    "operatingProfit" : 105.61,
    "netProfitMargin" : 6.28,
    "netProfit" : 66.93
  }, {
    "date" : "2021-12-31",
    "sales" : 1110.18,
    "salesGrowthYoY" : -0.93,
    "grossProfitMargin" : 35.94,
    "grossProfit" : 399.00,
    "operatingProfitMargin" : 17.85,
    "operatingProfit" : 198.17,
    "netProfitMargin" : 11.45,
    "netProfit" : 127.12
  }, {
    "date" : "2022-03-31",
    "sales" : 1065.29,
    "salesGrowthYoY" : -7.87,
    "grossProfitMargin" : 40.01,
    "grossProfit" : 426.22,
    "operatingProfitMargin" : 16.02,
    "operatingProfit" : 170.66,
    "netProfitMargin" : 10.21,
    "netProfit" : 108.77
  }, {
    "date" : "2022-06-30",
    "sales" : 1224.62,
    "salesGrowthYoY" : 18.53,
    "grossProfitMargin" : 24.37,
    "grossProfit" : 298.44,
    "operatingProfitMargin" : 9.25,
    "operatingProfit" : 113.28,
    "netProfitMargin" : 4.86,
    "netProfit" : 59.52
  }, {
    "date" : "2022-09-30",
    "sales" : 1345.67,
    "salesGrowthYoY" : 26.27,
    "grossProfitMargin" : 19.33,
    "grossProfit" : 260.12,
    "operatingProfitMargin" : 3.39,
    "operatingProfit" : 45.62,
    "netProfitMargin" : 1.89,
    "netProfit" : 25.43
  }, {
    "date" : "2022-12-31",
    "sales" : 1461.38,
    "salesGrowthYoY" : 31.63,
    "grossProfitMargin" : 29.73,
    "grossProfit" : 434.47,
    "operatingProfitMargin" : 13.28,
    "operatingProfit" : 194.07,
    "netProfitMargin" : 10.00,
    "netProfit" : 146.14
  }, {
    "date" : "2023-03-31",
    "sales" : 1581.97,
    "salesGrowthYoY" : 48.50,
    "grossProfitMargin" : 33.77,
    "grossProfit" : 534.23,
    "operatingProfitMargin" : 16.71,
    "operatingProfit" : 264.35,
    "netProfitMargin" : 11.98,
    "netProfit" : 189.52
  }, {
    "date" : "2023-06-30",
    "sales" : 1197.26,
    "salesGrowthYoY" : -2.23,
    "grossProfitMargin" : 28.97,
    "grossProfit" : 346.85,
    "operatingProfitMargin" : 10.50,
    "operatingProfit" : 125.71,
    "netProfitMargin" : 5.56,
    "netProfit" : 66.57
  }, {
    "date" : "2023-09-30",
    "sales" : 1408.12,
    "salesGrowthYoY" : 4.64,
    "grossProfitMargin" : 20.71,
    "grossProfit" : 291.62,
    "operatingProfitMargin" : 4.52,
    "operatingProfit" : 63.65,
    "netProfitMargin" : 2.00,
    "netProfit" : 28.16
  }, {
    "date" : "2023-12-31",
    "sales" : 1310.92,
    "salesGrowthYoY" : -10.30,
    "grossProfitMargin" : 35.03,
    "grossProfit" : 459.22,
    "operatingProfitMargin" : 14.81,
    "operatingProfit" : 194.15,
    "netProfitMargin" : 10.45,
    "netProfit" : 136.99
  }, {
    "date" : "2024-03-31",
    "sales" : 1301.53,
    "salesGrowthYoY" : -17.73,
    "grossProfitMargin" : 40.02,
    "grossProfit" : 520.87,
    "operatingProfitMargin" : 18.93,
    "operatingProfit" : 246.38,
    "netProfitMargin" : 12.28,
    "netProfit" : 159.83
  }, {
    "date" : "2024-06-30",
    "sales" : 1300.28,
    "salesGrowthYoY" : 8.60,
    "grossProfitMargin" : 23.15,
    "grossProfit" : 301.01,
    "operatingProfitMargin" : 6.75,
    "operatingProfit" : 87.77,
    "netProfitMargin" : 2.37,
    "netProfit" : 30.82
  }, {
    "date" : "2024-09-30",
    "sales" : 1471.10,
    "salesGrowthYoY" : 4.47,
    "grossProfitMargin" : 18.48,
    "grossProfit" : 271.86,
    "operatingProfitMargin" : 1.07,
    "operatingProfit" : 15.74,
    "netProfitMargin" : -0.96,
    "netProfit" : -14.12
  }, {
    "date" : "2024-12-31",
    "sales" : 1216.02,
    "salesGrowthYoY" : -7.24,
    "grossProfitMargin" : 28.94,
    "grossProfit" : 351.92,
    "operatingProfitMargin" : 7.77,
    "operatingProfit" : 94.48,
    "netProfitMargin" : 4.66,
    "netProfit" : 56.67
  }, {
    "date" : "2025-03-31",
    "sales" : 1549.30,
    "salesGrowthYoY" : 19.04,
    "grossProfitMargin" : 37.80,
    "grossProfit" : 585.64,
    "operatingProfitMargin" : 18.23,
    "operatingProfit" : 282.44,
    "netProfitMargin" : 11.30,
    "netProfit" : 175.07
  }, {
    "date" : "2025-06-30",
    "sales" : 1525.46,
    "salesGrowthYoY" : 17.32,
    "grossProfitMargin" : 20.38,
    "grossProfit" : 310.89,
    "operatingProfitMargin" : 3.34,
    "operatingProfit" : 50.95,
    "netProfitMargin" : 0.03,
    "netProfit" : 0.46
  }, {
    "date" : "2025-09-30",
    "sales" : 1622.45,
    "salesGrowthYoY" : 10.29,
    "grossProfitMargin" : 20.61,
    "grossProfit" : 334.39,
    "operatingProfitMargin" : 4.46,
    "operatingProfit" : 72.36,
    "netProfitMargin" : 1.96,
    "netProfit" : 31.80
  }, {
    "date" : "2025-12-31",
    "sales" : 1409.53,
    "salesGrowthYoY" : 15.91,
    "grossProfitMargin" : 31.51,
    "grossProfit" : 444.14,
    "operatingProfitMargin" : 11.78,
    "operatingProfit" : 166.04,
    "netProfitMargin" : 7.72,
    "netProfit" : 108.82
  } ],
  "latestQuarterlyResult" : {
    "date" : "2025-12-31",
    "sales" : 1409.53,
    "salesGrowthYoY" : 15.91,
    "grossProfitMargin" : 31.51,
    "grossProfit" : 444.14,
    "operatingProfitMargin" : 11.78,
    "operatingProfit" : 166.04,
    "netProfitMargin" : 7.72,
    "netProfit" : 108.82
  },
  "companyScore" : {
    "priceHigherThanDma50" : 5.00,
    "priceHigherThanDma100" : 5.00,
    "priceHigherThanDma200" : 5.00,
    "dma50HigherThanDma100" : 5.00,
    "dma50HigherThanDma200" : 0.00,
    "dma100HigherThanDma200" : 0.00,
    "pricePercentageAboveDma50" : 4.81,
    "pricePercentageAboveDma100" : 4.79,
    "pricePercentageAboveDma200" : 4.93,
    "weeklyVolumeHigherThanYearlyVolume" : 0.00,
    "salesGrowthPercentile" : 11.75,
    "operatingProfitMarginPercentile" : 13.20,
    "netProfitMarginPercentile" : 7.97,
    "totalTechnicalScore" : 34.53,
    "totalFundamentalScore" : 32.91,
    "totalScore" : 67.44
  }
}