{
  "metadata" : {
    "screenerCompanyId" : "1272519",
    "companyCode" : "TVSELECT",
    "companyName" : "TVS Elec.",
    "screenerCompanyLink" : "https://www.screener.in/company/TVSELECT",
    "screenerTechnicalHistoryLink" : "https://www.screener.in/api/company/1272519/chart/?q=Price-DMA50-DMA200-Volume&days=365",
    "screenerQuarterlyResultsLink" : "https://www.screener.in/api/company/1272519/chart/?q=GPM-OPM-NPM-Quarter+Sales&days=10000",
    "attributes" : {
      "companyCode" : "TVSELECT",
      "companyName" : "TVS Elec.",
      "marketCap" : 1013.00,
      "peRatio" : 0.00,
      "description" : "Established in 1986, TVS Electronics Ltd manufactures and sells a wide range of products such as POS devices, printers, and keyboards. The company also provides comprehensive service solutions for various OEMs through exclusive service centers, multi-brand service centers, onsite support, repair centers, and integrated factory facilities.[1]"
    },
    "companyScore" : {
      "priceHigherThanDma50" : 0.00,
      "priceHigherThanDma100" : 5.00,
      "priceHigherThanDma200" : 5.00,
      "dma50HigherThanDma100" : 5.00,
      "dma50HigherThanDma200" : 5.00,
      "dma100HigherThanDma200" : 5.00,
      "pricePercentageAboveDma50" : 5.25,
      "pricePercentageAboveDma100" : 4.63,
      "pricePercentageAboveDma200" : 4.27,
      "weeklyVolumeHigherThanYearlyVolume" : 0.00,
      "salesGrowthPercentile" : 13.92,
      "operatingProfitMarginPercentile" : 15.44,
      "netProfitMarginPercentile" : 8.35,
      "totalTechnicalScore" : 39.15,
      "totalFundamentalScore" : 37.72,
      "totalScore" : 76.87
    }
  },
  "attributes" : {
    "companyCode" : "TVSELECT",
    "companyName" : "TVS Elec.",
    "marketCap" : 1013.00,
    "peRatio" : 0.00,
    "description" : "Established in 1986, TVS Electronics Ltd manufactures and sells a wide range of products such as POS devices, printers, and keyboards. The company also provides comprehensive service solutions for various OEMs through exclusive service centers, multi-brand service centers, onsite support, repair centers, and integrated factory facilities.[1]"
  },
  "technicalHistory" : [ {
    "date" : "2024-12-02",
    "price" : 346.50,
    "dma50" : 369.07,
    "dma100" : null,
    "dma200" : 362.53,
    "volume" : 8307.00
  }, {
    "date" : "2024-12-03",
    "price" : 344.90,
    "dma50" : 368.12,
    "dma100" : null,
    "dma200" : 362.36,
    "volume" : 4816.00
  }, {
    "date" : "2024-12-04",
    "price" : 342.10,
    "dma50" : 367.10,
    "dma100" : null,
    "dma200" : 362.16,
    "volume" : 4644.00
  }, {
    "date" : "2024-12-05",
    "price" : 348.90,
    "dma50" : 366.39,
    "dma100" : null,
    "dma200" : 362.03,
    "volume" : 8276.00
  }, {
    "date" : "2024-12-06",
    "price" : 355.85,
    "dma50" : 365.97,
    "dma100" : null,
    "dma200" : 361.96,
    "volume" : 4663.00
  }, {
    "date" : "2024-12-09",
    "price" : 362.95,
    "dma50" : 365.86,
    "dma100" : null,
    "dma200" : 361.97,
    "volume" : 4989.00
  }, {
    "date" : "2024-12-10",
    "price" : 368.00,
    "dma50" : 365.94,
    "dma100" : null,
    "dma200" : 362.03,
    "volume" : 9467.00
  }, {
    "date" : "2024-12-11",
    "price" : 368.45,
    "dma50" : 366.04,
    "dma100" : null,
    "dma200" : 362.10,
    "volume" : 1632.00
  }, {
    "date" : "2024-12-12",
    "price" : 366.00,
    "dma50" : 366.04,
    "dma100" : null,
    "dma200" : 362.14,
    "volume" : 2701.00
  }, {
    "date" : "2024-12-13",
    "price" : 371.00,
    "dma50" : 366.23,
    "dma100" : null,
    "dma200" : 362.22,
    "volume" : 6267.00
  }, {
    "date" : "2024-12-16",
    "price" : 370.90,
    "dma50" : 366.41,
    "dma100" : null,
    "dma200" : 362.31,
    "volume" : 16942.00
  }, {
    "date" : "2024-12-17",
    "price" : 366.00,
    "dma50" : 366.40,
    "dma100" : null,
    "dma200" : 362.35,
    "volume" : 9810.00
  }, {
    "date" : "2024-12-18",
    "price" : 377.05,
    "dma50" : 366.82,
    "dma100" : null,
    "dma200" : 362.49,
    "volume" : 23740.00
  }, {
    "date" : "2024-12-19",
    "price" : 389.00,
    "dma50" : 367.69,
    "dma100" : null,
    "dma200" : 362.76,
    "volume" : 18376.00
  }, {
    "date" : "2024-12-20",
    "price" : 404.95,
    "dma50" : 369.15,
    "dma100" : null,
    "dma200" : 363.18,
    "volume" : 60859.00
  }, {
    "date" : "2024-12-23",
    "price" : 395.30,
    "dma50" : 370.17,
    "dma100" : null,
    "dma200" : 363.50,
    "volume" : 49779.00
  }, {
    "date" : "2024-12-24",
    "price" : 388.45,
    "dma50" : 370.89,
    "dma100" : null,
    "dma200" : 363.75,
    "volume" : 10608.00
  }, {
    "date" : "2024-12-26",
    "price" : 380.25,
    "dma50" : 371.26,
    "dma100" : null,
    "dma200" : 363.91,
    "volume" : 17301.00
  }, {
    "date" : "2024-12-27",
    "price" : 396.80,
    "dma50" : 372.26,
    "dma100" : null,
    "dma200" : 364.24,
    "volume" : 17835.00
  }, {
    "date" : "2024-12-30",
    "price" : 411.70,
    "dma50" : 373.81,
    "dma100" : null,
    "dma200" : 364.71,
    "volume" : 151088.00
  }, {
    "date" : "2024-12-31",
    "price" : 440.65,
    "dma50" : 376.43,
    "dma100" : null,
    "dma200" : 365.46,
    "volume" : 434947.00
  }, {
    "date" : "2025-01-01",
    "price" : 439.80,
    "dma50" : 378.91,
    "dma100" : null,
    "dma200" : 366.20,
    "volume" : 172801.00
  }, {
    "date" : "2025-01-02",
    "price" : 424.90,
    "dma50" : 380.72,
    "dma100" : null,
    "dma200" : 366.79,
    "volume" : 75290.00
  }, {
    "date" : "2025-01-03",
    "price" : 422.85,
    "dma50" : 382.37,
    "dma100" : null,
    "dma200" : 367.35,
    "volume" : 23584.00
  }, {
    "date" : "2025-01-06",
    "price" : 396.20,
    "dma50" : 382.91,
    "dma100" : null,
    "dma200" : 367.63,
    "volume" : 43312.00
  }, {
    "date" : "2025-01-07",
    "price" : 397.50,
    "dma50" : 383.48,
    "dma100" : null,
    "dma200" : 367.93,
    "volume" : 32565.00
  }, {
    "date" : "2025-01-08",
    "price" : 382.65,
    "dma50" : 383.45,
    "dma100" : null,
    "dma200" : 368.08,
    "volume" : 39345.00
  }, {
    "date" : "2025-01-09",
    "price" : 387.95,
    "dma50" : 383.63,
    "dma100" : null,
    "dma200" : 368.27,
    "volume" : 224784.00
  }, {
    "date" : "2025-01-10",
    "price" : 379.75,
    "dma50" : 383.47,
    "dma100" : null,
    "dma200" : 368.39,
    "volume" : 46714.00
  }, {
    "date" : "2025-01-13",
    "price" : 358.35,
    "dma50" : 382.49,
    "dma100" : null,
    "dma200" : 368.29,
    "volume" : 39572.00
  }, {
    "date" : "2025-01-14",
    "price" : 365.60,
    "dma50" : 381.83,
    "dma100" : null,
    "dma200" : 368.26,
    "volume" : 36002.00
  }, {
    "date" : "2025-01-15",
    "price" : 366.75,
    "dma50" : 381.24,
    "dma100" : null,
    "dma200" : 368.25,
    "volume" : 14482.00
  }, {
    "date" : "2025-01-16",
    "price" : 370.30,
    "dma50" : 380.81,
    "dma100" : null,
    "dma200" : 368.27,
    "volume" : 21505.00
  }, {
    "date" : "2025-01-17",
    "price" : 372.65,
    "dma50" : 380.49,
    "dma100" : null,
    "dma200" : 368.31,
    "volume" : 20196.00
  }, {
    "date" : "2025-01-20",
    "price" : 408.80,
    "dma50" : 381.60,
    "dma100" : null,
    "dma200" : 368.71,
    "volume" : 139034.00
  }, {
    "date" : "2025-01-21",
    "price" : 411.70,
    "dma50" : 382.78,
    "dma100" : null,
    "dma200" : 369.14,
    "volume" : 76350.00
  }, {
    "date" : "2025-01-22",
    "price" : 406.75,
    "dma50" : 383.72,
    "dma100" : null,
    "dma200" : 369.52,
    "volume" : 25337.00
  }, {
    "date" : "2025-01-23",
    "price" : 400.00,
    "dma50" : 384.36,
    "dma100" : null,
    "dma200" : 369.82,
    "volume" : 23716.00
  }, {
    "date" : "2025-01-24",
    "price" : 388.35,
    "dma50" : 384.51,
    "dma100" : null,
    "dma200" : 370.00,
    "volume" : 12925.00
  }, {
    "date" : "2025-01-27",
    "price" : 368.30,
    "dma50" : 383.88,
    "dma100" : null,
    "dma200" : 369.99,
    "volume" : 22925.00
  }, {
    "date" : "2025-01-28",
    "price" : 340.85,
    "dma50" : 382.19,
    "dma100" : null,
    "dma200" : 369.70,
    "volume" : 75546.00
  }, {
    "date" : "2025-01-29",
    "price" : 350.15,
    "dma50" : 380.93,
    "dma100" : null,
    "dma200" : 369.50,
    "volume" : 25637.00
  }, {
    "date" : "2025-01-30",
    "price" : 357.70,
    "dma50" : 380.02,
    "dma100" : null,
    "dma200" : 369.38,
    "volume" : 43390.00
  }, {
    "date" : "2025-01-31",
    "price" : 380.15,
    "dma50" : 380.03,
    "dma100" : null,
    "dma200" : 369.49,
    "volume" : 41319.00
  }, {
    "date" : "2025-02-01",
    "price" : 369.65,
    "dma50" : 379.62,
    "dma100" : null,
    "dma200" : 369.49,
    "volume" : 31716.00
  }, {
    "date" : "2025-02-03",
    "price" : 361.90,
    "dma50" : 378.93,
    "dma100" : null,
    "dma200" : 369.42,
    "volume" : 9595.00
  }, {
    "date" : "2025-02-04",
    "price" : 364.55,
    "dma50" : 378.36,
    "dma100" : null,
    "dma200" : 369.37,
    "volume" : 9876.00
  }, {
    "date" : "2025-02-05",
    "price" : 366.20,
    "dma50" : 377.88,
    "dma100" : null,
    "dma200" : 369.34,
    "volume" : 13613.00
  }, {
    "date" : "2025-02-06",
    "price" : 368.95,
    "dma50" : 377.53,
    "dma100" : null,
    "dma200" : 369.33,
    "volume" : 13243.00
  }, {
    "date" : "2025-02-07",
    "price" : 368.80,
    "dma50" : 377.19,
    "dma100" : null,
    "dma200" : 369.33,
    "volume" : 6983.00
  }, {
    "date" : "2025-02-10",
    "price" : 368.75,
    "dma50" : 376.86,
    "dma100" : null,
    "dma200" : 369.32,
    "volume" : 17621.00
  }, {
    "date" : "2025-02-11",
    "price" : 344.10,
    "dma50" : 375.58,
    "dma100" : null,
    "dma200" : 369.07,
    "volume" : 21442.00
  }, {
    "date" : "2025-02-12",
    "price" : 350.20,
    "dma50" : 374.58,
    "dma100" : null,
    "dma200" : 368.88,
    "volume" : 23186.00
  }, {
    "date" : "2025-02-13",
    "price" : 347.60,
    "dma50" : 373.52,
    "dma100" : null,
    "dma200" : 368.67,
    "volume" : 15217.00
  }, {
    "date" : "2025-02-14",
    "price" : 340.50,
    "dma50" : 372.23,
    "dma100" : null,
    "dma200" : 368.39,
    "volume" : 58942.00
  }, {
    "date" : "2025-02-17",
    "price" : 337.55,
    "dma50" : 370.87,
    "dma100" : null,
    "dma200" : 368.09,
    "volume" : 28151.00
  }, {
    "date" : "2025-02-18",
    "price" : 322.95,
    "dma50" : 368.99,
    "dma100" : null,
    "dma200" : 367.64,
    "volume" : 34285.00
  }, {
    "date" : "2025-02-19",
    "price" : 333.20,
    "dma50" : 367.59,
    "dma100" : null,
    "dma200" : 367.29,
    "volume" : 9779.00
  }, {
    "date" : "2025-02-20",
    "price" : 331.15,
    "dma50" : 366.16,
    "dma100" : null,
    "dma200" : 366.93,
    "volume" : 16333.00
  }, {
    "date" : "2025-02-21",
    "price" : 326.55,
    "dma50" : 364.60,
    "dma100" : null,
    "dma200" : 366.53,
    "volume" : 13060.00
  }, {
    "date" : "2025-02-24",
    "price" : 321.20,
    "dma50" : 362.90,
    "dma100" : null,
    "dma200" : 366.08,
    "volume" : 25420.00
  }, {
    "date" : "2025-02-25",
    "price" : 316.10,
    "dma50" : 361.07,
    "dma100" : null,
    "dma200" : 365.58,
    "volume" : 9189.00
  }, {
    "date" : "2025-02-27",
    "price" : 304.85,
    "dma50" : 358.86,
    "dma100" : null,
    "dma200" : 364.98,
    "volume" : 21651.00
  }, {
    "date" : "2025-02-28",
    "price" : 294.35,
    "dma50" : 356.33,
    "dma100" : null,
    "dma200" : 364.28,
    "volume" : 26719.00
  }, {
    "date" : "2025-03-03",
    "price" : 274.00,
    "dma50" : 353.10,
    "dma100" : null,
    "dma200" : 363.38,
    "volume" : 59395.00
  }, {
    "date" : "2025-03-04",
    "price" : 280.85,
    "dma50" : 350.27,
    "dma100" : null,
    "dma200" : 362.56,
    "volume" : 55376.00
  }, {
    "date" : "2025-03-05",
    "price" : 290.30,
    "dma50" : 347.92,
    "dma100" : null,
    "dma200" : 361.84,
    "volume" : 20323.00
  }, {
    "date" : "2025-03-06",
    "price" : 308.45,
    "dma50" : 346.37,
    "dma100" : null,
    "dma200" : 361.31,
    "volume" : 101449.00
  }, {
    "date" : "2025-03-07",
    "price" : 312.75,
    "dma50" : 345.05,
    "dma100" : null,
    "dma200" : 360.82,
    "volume" : 90022.00
  }, {
    "date" : "2025-03-10",
    "price" : 300.75,
    "dma50" : 343.31,
    "dma100" : null,
    "dma200" : 360.23,
    "volume" : 201237.00
  }, {
    "date" : "2025-03-11",
    "price" : 301.10,
    "dma50" : 341.66,
    "dma100" : null,
    "dma200" : 359.64,
    "volume" : 67363.00
  }, {
    "date" : "2025-03-12",
    "price" : 295.40,
    "dma50" : 339.84,
    "dma100" : null,
    "dma200" : 359.00,
    "volume" : 16072.00
  }, {
    "date" : "2025-03-13",
    "price" : 289.50,
    "dma50" : 337.87,
    "dma100" : null,
    "dma200" : 358.31,
    "volume" : 9288.00
  }, {
    "date" : "2025-03-17",
    "price" : 278.95,
    "dma50" : 335.56,
    "dma100" : null,
    "dma200" : 357.52,
    "volume" : 83016.00
  }, {
    "date" : "2025-03-18",
    "price" : 317.75,
    "dma50" : 334.86,
    "dma100" : null,
    "dma200" : 357.12,
    "volume" : 903101.00
  }, {
    "date" : "2025-03-19",
    "price" : 328.15,
    "dma50" : 334.60,
    "dma100" : null,
    "dma200" : 356.83,
    "volume" : 192464.00
  }, {
    "date" : "2025-03-20",
    "price" : 348.35,
    "dma50" : 335.14,
    "dma100" : null,
    "dma200" : 356.75,
    "volume" : 183588.00
  }, {
    "date" : "2025-03-21",
    "price" : 339.30,
    "dma50" : 335.30,
    "dma100" : null,
    "dma200" : 356.58,
    "volume" : 92166.00
  }, {
    "date" : "2025-03-24",
    "price" : 337.40,
    "dma50" : 335.38,
    "dma100" : null,
    "dma200" : 356.38,
    "volume" : 45692.00
  }, {
    "date" : "2025-03-25",
    "price" : 332.25,
    "dma50" : 335.26,
    "dma100" : null,
    "dma200" : 356.14,
    "volume" : 22991.00
  }, {
    "date" : "2025-03-26",
    "price" : 320.95,
    "dma50" : 334.70,
    "dma100" : null,
    "dma200" : 355.79,
    "volume" : 38625.00
  }, {
    "date" : "2025-03-27",
    "price" : 321.05,
    "dma50" : 334.16,
    "dma100" : null,
    "dma200" : 355.45,
    "volume" : 36482.00
  }, {
    "date" : "2025-03-28",
    "price" : 320.85,
    "dma50" : 333.64,
    "dma100" : null,
    "dma200" : 355.10,
    "volume" : 20427.00
  }, {
    "date" : "2025-04-01",
    "price" : 334.00,
    "dma50" : 333.66,
    "dma100" : null,
    "dma200" : 354.89,
    "volume" : 40940.00
  }, {
    "date" : "2025-04-02",
    "price" : 332.40,
    "dma50" : 333.61,
    "dma100" : null,
    "dma200" : 354.67,
    "volume" : 44459.00
  }, {
    "date" : "2025-04-03",
    "price" : 333.05,
    "dma50" : 333.58,
    "dma100" : null,
    "dma200" : 354.46,
    "volume" : 34869.00
  }, {
    "date" : "2025-04-04",
    "price" : 318.95,
    "dma50" : 333.01,
    "dma100" : null,
    "dma200" : 354.10,
    "volume" : 47639.00
  }, {
    "date" : "2025-04-07",
    "price" : 312.95,
    "dma50" : 332.22,
    "dma100" : null,
    "dma200" : 353.69,
    "volume" : 48339.00
  }, {
    "date" : "2025-04-08",
    "price" : 318.40,
    "dma50" : 331.68,
    "dma100" : null,
    "dma200" : 353.34,
    "volume" : 29668.00
  }, {
    "date" : "2025-04-09",
    "price" : 316.60,
    "dma50" : 331.09,
    "dma100" : null,
    "dma200" : 352.98,
    "volume" : 13346.00
  }, {
    "date" : "2025-04-11",
    "price" : 325.55,
    "dma50" : 330.87,
    "dma100" : null,
    "dma200" : 352.70,
    "volume" : 28481.00
  }, {
    "date" : "2025-04-15",
    "price" : 336.95,
    "dma50" : 331.11,
    "dma100" : null,
    "dma200" : 352.55,
    "volume" : 37104.00
  }, {
    "date" : "2025-04-16",
    "price" : 337.50,
    "dma50" : 331.36,
    "dma100" : null,
    "dma200" : 352.40,
    "volume" : 60577.00
  }, {
    "date" : "2025-04-17",
    "price" : 338.65,
    "dma50" : 331.65,
    "dma100" : null,
    "dma200" : 352.26,
    "volume" : 32006.00
  }, {
    "date" : "2025-04-21",
    "price" : 348.05,
    "dma50" : 332.29,
    "dma100" : null,
    "dma200" : 352.22,
    "volume" : 71619.00
  }, {
    "date" : "2025-04-22",
    "price" : 348.90,
    "dma50" : 332.94,
    "dma100" : null,
    "dma200" : 352.18,
    "volume" : 23393.00
  }, {
    "date" : "2025-04-23",
    "price" : 416.80,
    "dma50" : 336.23,
    "dma100" : null,
    "dma200" : 352.83,
    "volume" : 1399487.00
  }, {
    "date" : "2025-04-24",
    "price" : 403.10,
    "dma50" : 338.85,
    "dma100" : null,
    "dma200" : 353.33,
    "volume" : 275862.00
  }, {
    "date" : "2025-04-25",
    "price" : 390.40,
    "dma50" : 340.87,
    "dma100" : null,
    "dma200" : 353.70,
    "volume" : 112427.00
  }, {
    "date" : "2025-04-28",
    "price" : 392.90,
    "dma50" : 342.91,
    "dma100" : null,
    "dma200" : 354.09,
    "volume" : 89813.00
  }, {
    "date" : "2025-04-29",
    "price" : 398.10,
    "dma50" : 345.08,
    "dma100" : 354.68,
    "dma200" : 354.52,
    "volume" : 57065.00
  }, {
    "date" : "2025-04-30",
    "price" : 389.10,
    "dma50" : 346.81,
    "dma100" : 355.12,
    "dma200" : 354.87,
    "volume" : 29915.00
  }, {
    "date" : "2025-05-02",
    "price" : 394.60,
    "dma50" : 348.68,
    "dma100" : 355.64,
    "dma200" : 355.26,
    "volume" : 43459.00
  }, {
    "date" : "2025-05-05",
    "price" : 400.55,
    "dma50" : 350.71,
    "dma100" : 356.16,
    "dma200" : 355.71,
    "volume" : 314349.00
  }, {
    "date" : "2025-05-06",
    "price" : 394.55,
    "dma50" : 352.43,
    "dma100" : 356.55,
    "dma200" : 356.10,
    "volume" : 49979.00
  }, {
    "date" : "2025-05-07",
    "price" : 395.45,
    "dma50" : 354.12,
    "dma100" : 356.87,
    "dma200" : 356.49,
    "volume" : 53589.00
  }, {
    "date" : "2025-05-08",
    "price" : 391.25,
    "dma50" : 355.58,
    "dma100" : 357.10,
    "dma200" : 356.84,
    "volume" : 65260.00
  }, {
    "date" : "2025-05-09",
    "price" : 393.85,
    "dma50" : 357.08,
    "dma100" : 357.36,
    "dma200" : 357.21,
    "volume" : 49323.00
  }, {
    "date" : "2025-05-12",
    "price" : 413.25,
    "dma50" : 359.28,
    "dma100" : 357.83,
    "dma200" : 357.76,
    "volume" : 84647.00
  }, {
    "date" : "2025-05-13",
    "price" : 411.45,
    "dma50" : 361.33,
    "dma100" : 358.24,
    "dma200" : 358.30,
    "volume" : 37317.00
  }, {
    "date" : "2025-05-14",
    "price" : 414.40,
    "dma50" : 363.41,
    "dma100" : 358.67,
    "dma200" : 358.86,
    "volume" : 101688.00
  }, {
    "date" : "2025-05-15",
    "price" : 417.05,
    "dma50" : 365.51,
    "dma100" : 359.18,
    "dma200" : 359.44,
    "volume" : 42049.00
  }, {
    "date" : "2025-05-16",
    "price" : 418.05,
    "dma50" : 367.57,
    "dma100" : 359.59,
    "dma200" : 360.02,
    "volume" : 63394.00
  }, {
    "date" : "2025-05-19",
    "price" : 403.85,
    "dma50" : 368.99,
    "dma100" : 359.74,
    "dma200" : 360.46,
    "volume" : 78975.00
  }, {
    "date" : "2025-05-20",
    "price" : 397.75,
    "dma50" : 370.12,
    "dma100" : 359.67,
    "dma200" : 360.83,
    "volume" : 60311.00
  }, {
    "date" : "2025-05-21",
    "price" : 396.05,
    "dma50" : 371.14,
    "dma100" : 359.68,
    "dma200" : 361.18,
    "volume" : 58281.00
  }, {
    "date" : "2025-05-22",
    "price" : 399.25,
    "dma50" : 372.24,
    "dma100" : 359.78,
    "dma200" : 361.56,
    "volume" : 47245.00
  }, {
    "date" : "2025-05-23",
    "price" : 395.95,
    "dma50" : 373.17,
    "dma100" : 359.94,
    "dma200" : 361.90,
    "volume" : 25976.00
  }, {
    "date" : "2025-05-26",
    "price" : 401.00,
    "dma50" : 374.26,
    "dma100" : 359.98,
    "dma200" : 362.29,
    "volume" : 33875.00
  }, {
    "date" : "2025-05-27",
    "price" : 402.80,
    "dma50" : 375.38,
    "dma100" : 359.89,
    "dma200" : 362.69,
    "volume" : 48831.00
  }, {
    "date" : "2025-05-28",
    "price" : 404.80,
    "dma50" : 376.53,
    "dma100" : 359.53,
    "dma200" : 363.11,
    "volume" : 40483.00
  }, {
    "date" : "2025-05-29",
    "price" : 401.40,
    "dma50" : 377.51,
    "dma100" : 359.15,
    "dma200" : 363.49,
    "volume" : 14921.00
  }, {
    "date" : "2025-05-30",
    "price" : 400.10,
    "dma50" : 378.40,
    "dma100" : 358.90,
    "dma200" : 363.85,
    "volume" : 47986.00
  }, {
    "date" : "2025-06-02",
    "price" : 400.85,
    "dma50" : 379.28,
    "dma100" : 358.68,
    "dma200" : 364.22,
    "volume" : 17795.00
  }, {
    "date" : "2025-06-03",
    "price" : 399.80,
    "dma50" : 380.08,
    "dma100" : 358.72,
    "dma200" : 364.58,
    "volume" : 15673.00
  }, {
    "date" : "2025-06-04",
    "price" : 399.40,
    "dma50" : 380.84,
    "dma100" : 358.74,
    "dma200" : 364.92,
    "volume" : 22586.00
  }, {
    "date" : "2025-06-05",
    "price" : 393.10,
    "dma50" : 381.32,
    "dma100" : 358.84,
    "dma200" : 365.20,
    "volume" : 34866.00
  }, {
    "date" : "2025-06-06",
    "price" : 470.60,
    "dma50" : 384.82,
    "dma100" : 359.67,
    "dma200" : 366.25,
    "volume" : 1398538.00
  }, {
    "date" : "2025-06-09",
    "price" : 527.40,
    "dma50" : 390.41,
    "dma100" : 361.15,
    "dma200" : 367.86,
    "volume" : 4548930.00
  }, {
    "date" : "2025-06-10",
    "price" : 498.50,
    "dma50" : 394.65,
    "dma100" : 362.55,
    "dma200" : 369.16,
    "volume" : 271983.00
  }, {
    "date" : "2025-06-11",
    "price" : 473.60,
    "dma50" : 397.75,
    "dma100" : 363.63,
    "dma200" : 370.19,
    "volume" : 46959.00
  }, {
    "date" : "2025-06-12",
    "price" : 453.20,
    "dma50" : 399.92,
    "dma100" : 364.49,
    "dma200" : 371.02,
    "volume" : 47759.00
  }, {
    "date" : "2025-06-13",
    "price" : 441.70,
    "dma50" : 401.56,
    "dma100" : 365.21,
    "dma200" : 371.72,
    "volume" : 40701.00
  }, {
    "date" : "2025-06-16",
    "price" : 446.00,
    "dma50" : 403.30,
    "dma100" : 365.94,
    "dma200" : 372.46,
    "volume" : 30831.00
  }, {
    "date" : "2025-06-17",
    "price" : 430.95,
    "dma50" : 404.39,
    "dma100" : 366.16,
    "dma200" : 373.05,
    "volume" : 43401.00
  }, {
    "date" : "2025-06-18",
    "price" : 418.70,
    "dma50" : 404.95,
    "dma100" : 366.23,
    "dma200" : 373.50,
    "volume" : 21316.00
  }, {
    "date" : "2025-06-19",
    "price" : 412.80,
    "dma50" : 405.26,
    "dma100" : 366.29,
    "dma200" : 373.89,
    "volume" : 17349.00
  }, {
    "date" : "2025-06-20",
    "price" : 415.60,
    "dma50" : 405.66,
    "dma100" : 366.45,
    "dma200" : 374.31,
    "volume" : 19794.00
  }, {
    "date" : "2025-06-23",
    "price" : 417.10,
    "dma50" : 406.11,
    "dma100" : 366.73,
    "dma200" : 374.73,
    "volume" : 8848.00
  }, {
    "date" : "2025-06-24",
    "price" : 422.30,
    "dma50" : 406.75,
    "dma100" : 367.27,
    "dma200" : 375.20,
    "volume" : 17095.00
  }, {
    "date" : "2025-06-25",
    "price" : 428.00,
    "dma50" : 407.58,
    "dma100" : 368.15,
    "dma200" : 375.73,
    "volume" : 13497.00
  }, {
    "date" : "2025-06-26",
    "price" : 421.20,
    "dma50" : 408.11,
    "dma100" : 368.86,
    "dma200" : 376.18,
    "volume" : 11546.00
  }, {
    "date" : "2025-06-27",
    "price" : 424.45,
    "dma50" : 408.75,
    "dma100" : 369.52,
    "dma200" : 376.66,
    "volume" : 8350.00
  }, {
    "date" : "2025-06-30",
    "price" : 424.20,
    "dma50" : 409.36,
    "dma100" : 369.96,
    "dma200" : 377.14,
    "volume" : 9764.00
  }, {
    "date" : "2025-07-01",
    "price" : 428.80,
    "dma50" : 410.12,
    "dma100" : 370.56,
    "dma200" : 377.65,
    "volume" : 13432.00
  }, {
    "date" : "2025-07-02",
    "price" : 438.25,
    "dma50" : 411.22,
    "dma100" : 371.32,
    "dma200" : 378.25,
    "volume" : 14234.00
  }, {
    "date" : "2025-07-03",
    "price" : 430.50,
    "dma50" : 411.98,
    "dma100" : 371.98,
    "dma200" : 378.77,
    "volume" : 11173.00
  }, {
    "date" : "2025-07-04",
    "price" : 442.85,
    "dma50" : 413.19,
    "dma100" : 372.75,
    "dma200" : 379.41,
    "volume" : 20775.00
  }, {
    "date" : "2025-07-07",
    "price" : 427.75,
    "dma50" : 413.76,
    "dma100" : 373.33,
    "dma200" : 379.89,
    "volume" : 4562.00
  }, {
    "date" : "2025-07-08",
    "price" : 421.00,
    "dma50" : 414.05,
    "dma100" : 373.86,
    "dma200" : 380.30,
    "volume" : 13848.00
  }, {
    "date" : "2025-07-09",
    "price" : 433.85,
    "dma50" : 414.82,
    "dma100" : 374.51,
    "dma200" : 380.83,
    "volume" : 6664.00
  }, {
    "date" : "2025-07-10",
    "price" : 433.50,
    "dma50" : 415.55,
    "dma100" : 375.40,
    "dma200" : 381.36,
    "volume" : 10619.00
  }, {
    "date" : "2025-07-11",
    "price" : 425.20,
    "dma50" : 415.93,
    "dma100" : 376.15,
    "dma200" : 381.79,
    "volume" : 7201.00
  }, {
    "date" : "2025-07-14",
    "price" : 427.05,
    "dma50" : 416.37,
    "dma100" : 376.94,
    "dma200" : 382.24,
    "volume" : 7975.00
  }, {
    "date" : "2025-07-15",
    "price" : 430.35,
    "dma50" : 416.92,
    "dma100" : 377.84,
    "dma200" : 382.72,
    "volume" : 5854.00
  }, {
    "date" : "2025-07-16",
    "price" : 423.35,
    "dma50" : 417.17,
    "dma100" : 378.70,
    "dma200" : 383.13,
    "volume" : 12029.00
  }, {
    "date" : "2025-07-17",
    "price" : 423.65,
    "dma50" : 417.42,
    "dma100" : 379.71,
    "dma200" : 383.53,
    "volume" : 4459.00
  }, {
    "date" : "2025-07-18",
    "price" : 423.20,
    "dma50" : 417.65,
    "dma100" : 380.61,
    "dma200" : 383.92,
    "volume" : 12123.00
  }, {
    "date" : "2025-07-21",
    "price" : 413.85,
    "dma50" : 417.50,
    "dma100" : 381.44,
    "dma200" : 384.22,
    "volume" : 15152.00
  }, {
    "date" : "2025-07-22",
    "price" : 410.10,
    "dma50" : 417.21,
    "dma100" : 382.27,
    "dma200" : 384.48,
    "volume" : 12038.00
  }, {
    "date" : "2025-07-23",
    "price" : 418.45,
    "dma50" : 417.26,
    "dma100" : 383.24,
    "dma200" : 384.82,
    "volume" : 10296.00
  }, {
    "date" : "2025-07-24",
    "price" : 419.70,
    "dma50" : 417.36,
    "dma100" : 384.28,
    "dma200" : 385.16,
    "volume" : 6677.00
  }, {
    "date" : "2025-07-25",
    "price" : 410.85,
    "dma50" : 417.10,
    "dma100" : 385.34,
    "dma200" : 385.42,
    "volume" : 10245.00
  }, {
    "date" : "2025-07-28",
    "price" : 415.00,
    "dma50" : 417.02,
    "dma100" : 386.55,
    "dma200" : 385.71,
    "volume" : 5042.00
  }, {
    "date" : "2025-07-29",
    "price" : 407.70,
    "dma50" : 416.65,
    "dma100" : 387.88,
    "dma200" : 385.93,
    "volume" : 6952.00
  }, {
    "date" : "2025-07-30",
    "price" : 409.45,
    "dma50" : 416.37,
    "dma100" : 389.17,
    "dma200" : 386.17,
    "volume" : 5334.00
  }, {
    "date" : "2025-07-31",
    "price" : 409.95,
    "dma50" : 416.12,
    "dma100" : 390.36,
    "dma200" : 386.40,
    "volume" : 4010.00
  }, {
    "date" : "2025-08-01",
    "price" : 413.25,
    "dma50" : 416.01,
    "dma100" : 391.41,
    "dma200" : 386.67,
    "volume" : 25391.00
  }, {
    "date" : "2025-08-04",
    "price" : 407.50,
    "dma50" : 415.67,
    "dma100" : 392.36,
    "dma200" : 386.88,
    "volume" : 3453.00
  }, {
    "date" : "2025-08-05",
    "price" : 406.00,
    "dma50" : 415.29,
    "dma100" : 393.41,
    "dma200" : 387.07,
    "volume" : 3788.00
  }, {
    "date" : "2025-08-06",
    "price" : 404.40,
    "dma50" : 414.87,
    "dma100" : 394.45,
    "dma200" : 387.24,
    "volume" : 8067.00
  }, {
    "date" : "2025-08-07",
    "price" : 415.75,
    "dma50" : 414.90,
    "dma100" : 395.65,
    "dma200" : 387.52,
    "volume" : 23677.00
  }, {
    "date" : "2025-08-08",
    "price" : 411.05,
    "dma50" : 414.75,
    "dma100" : 396.86,
    "dma200" : 387.76,
    "volume" : 7587.00
  }, {
    "date" : "2025-08-11",
    "price" : 399.15,
    "dma50" : 414.14,
    "dma100" : 398.07,
    "dma200" : 387.87,
    "volume" : 8437.00
  }, {
    "date" : "2025-08-12",
    "price" : 415.00,
    "dma50" : 414.17,
    "dma100" : 399.04,
    "dma200" : 388.14,
    "volume" : 14443.00
  }, {
    "date" : "2025-08-13",
    "price" : 413.15,
    "dma50" : 414.13,
    "dma100" : 399.89,
    "dma200" : 388.39,
    "volume" : 3943.00
  }, {
    "date" : "2025-08-14",
    "price" : 398.10,
    "dma50" : 413.50,
    "dma100" : 400.39,
    "dma200" : 388.49,
    "volume" : 27050.00
  }, {
    "date" : "2025-08-18",
    "price" : 395.10,
    "dma50" : 412.78,
    "dma100" : 400.94,
    "dma200" : 388.55,
    "volume" : 9891.00
  }, {
    "date" : "2025-08-19",
    "price" : 398.70,
    "dma50" : 412.23,
    "dma100" : 401.56,
    "dma200" : 388.65,
    "volume" : 7368.00
  }, {
    "date" : "2025-08-20",
    "price" : 398.05,
    "dma50" : 411.67,
    "dma100" : 402.22,
    "dma200" : 388.75,
    "volume" : 5732.00
  }, {
    "date" : "2025-08-21",
    "price" : 402.90,
    "dma50" : 411.33,
    "dma100" : 403.04,
    "dma200" : 388.89,
    "volume" : 11362.00
  }, {
    "date" : "2025-08-22",
    "price" : 416.30,
    "dma50" : 411.52,
    "dma100" : 403.99,
    "dma200" : 389.16,
    "volume" : 36783.00
  }, {
    "date" : "2025-08-25",
    "price" : 417.50,
    "dma50" : 411.76,
    "dma100" : 404.95,
    "dma200" : 389.44,
    "volume" : 12315.00
  }, {
    "date" : "2025-08-26",
    "price" : 406.85,
    "dma50" : 411.57,
    "dma100" : 405.68,
    "dma200" : 389.62,
    "volume" : 6400.00
  }, {
    "date" : "2025-08-28",
    "price" : 405.00,
    "dma50" : 411.31,
    "dma100" : 406.41,
    "dma200" : 389.77,
    "volume" : 4000.00
  }, {
    "date" : "2025-08-29",
    "price" : 398.25,
    "dma50" : 410.80,
    "dma100" : 407.06,
    "dma200" : 389.85,
    "volume" : 3421.00
  }, {
    "date" : "2025-09-01",
    "price" : 391.45,
    "dma50" : 410.04,
    "dma100" : 407.79,
    "dma200" : 389.87,
    "volume" : 9524.00
  }, {
    "date" : "2025-09-02",
    "price" : 406.05,
    "dma50" : 409.88,
    "dma100" : 408.72,
    "dma200" : 390.03,
    "volume" : 15787.00
  }, {
    "date" : "2025-09-03",
    "price" : 410.00,
    "dma50" : 409.89,
    "dma100" : 409.63,
    "dma200" : 390.23,
    "volume" : 10430.00
  }, {
    "date" : "2025-09-04",
    "price" : 408.90,
    "dma50" : 409.85,
    "dma100" : 410.56,
    "dma200" : 390.42,
    "volume" : 11993.00
  }, {
    "date" : "2025-09-05",
    "price" : 406.95,
    "dma50" : 409.73,
    "dma100" : 411.37,
    "dma200" : 390.58,
    "volume" : 7206.00
  }, {
    "date" : "2025-09-08",
    "price" : 402.65,
    "dma50" : 409.46,
    "dma100" : 412.03,
    "dma200" : 390.70,
    "volume" : 11064.00
  }, {
    "date" : "2025-09-09",
    "price" : 403.75,
    "dma50" : 409.23,
    "dma100" : 412.69,
    "dma200" : 390.83,
    "volume" : 8461.00
  }, {
    "date" : "2025-09-10",
    "price" : 409.40,
    "dma50" : 409.24,
    "dma100" : 413.40,
    "dma200" : 391.01,
    "volume" : 15611.00
  }, {
    "date" : "2025-09-11",
    "price" : 414.85,
    "dma50" : 409.46,
    "dma100" : 414.06,
    "dma200" : 391.25,
    "volume" : 16801.00
  }, {
    "date" : "2025-09-12",
    "price" : 423.80,
    "dma50" : 410.02,
    "dma100" : 414.81,
    "dma200" : 391.58,
    "volume" : 24194.00
  }, {
    "date" : "2025-09-15",
    "price" : 453.25,
    "dma50" : 411.72,
    "dma100" : 415.18,
    "dma200" : 392.19,
    "volume" : 307900.00
  }, {
    "date" : "2025-09-16",
    "price" : 439.75,
    "dma50" : 412.82,
    "dma100" : 415.54,
    "dma200" : 392.66,
    "volume" : 34700.00
  }, {
    "date" : "2025-09-17",
    "price" : 425.10,
    "dma50" : 413.30,
    "dma100" : 415.89,
    "dma200" : 392.99,
    "volume" : 54691.00
  }, {
    "date" : "2025-09-18",
    "price" : 510.10,
    "dma50" : 417.09,
    "dma100" : 417.06,
    "dma200" : 394.15,
    "volume" : 1085809.00
  }, {
    "date" : "2025-09-19",
    "price" : 489.70,
    "dma50" : 419.94,
    "dma100" : 417.98,
    "dma200" : 395.10,
    "volume" : 568144.00
  }, {
    "date" : "2025-09-22",
    "price" : 472.45,
    "dma50" : 422.00,
    "dma100" : 418.81,
    "dma200" : 395.87,
    "volume" : 74069.00
  }, {
    "date" : "2025-09-23",
    "price" : 519.90,
    "dma50" : 425.84,
    "dma100" : 420.07,
    "dma200" : 397.11,
    "volume" : 1799927.00
  }, {
    "date" : "2025-09-24",
    "price" : 520.20,
    "dma50" : 429.54,
    "dma100" : 421.26,
    "dma200" : 398.33,
    "volume" : 330873.00
  }, {
    "date" : "2025-09-25",
    "price" : 623.95,
    "dma50" : 437.16,
    "dma100" : 423.56,
    "dma200" : 400.58,
    "volume" : 3080972.00
  }, {
    "date" : "2025-09-26",
    "price" : 620.40,
    "dma50" : 444.35,
    "dma100" : 425.81,
    "dma200" : 402.76,
    "volume" : 1780951.00
  }, {
    "date" : "2025-09-29",
    "price" : 635.10,
    "dma50" : 451.83,
    "dma100" : 428.24,
    "dma200" : 405.07,
    "volume" : 1048287.00
  }, {
    "date" : "2025-09-30",
    "price" : 628.50,
    "dma50" : 458.76,
    "dma100" : 430.59,
    "dma200" : 407.30,
    "volume" : 230237.00
  }, {
    "date" : "2025-10-01",
    "price" : 625.05,
    "dma50" : 465.28,
    "dma100" : 432.71,
    "dma200" : 409.46,
    "volume" : 169415.00
  }, {
    "date" : "2025-10-03",
    "price" : 639.70,
    "dma50" : 472.12,
    "dma100" : 434.99,
    "dma200" : 411.75,
    "volume" : 546991.00
  }, {
    "date" : "2025-10-06",
    "price" : 652.65,
    "dma50" : 479.20,
    "dma100" : 437.37,
    "dma200" : 414.15,
    "volume" : 360007.00
  }, {
    "date" : "2025-10-07",
    "price" : 671.35,
    "dma50" : 486.73,
    "dma100" : 439.92,
    "dma200" : 416.71,
    "volume" : 748834.00
  }, {
    "date" : "2025-10-08",
    "price" : 643.10,
    "dma50" : 492.87,
    "dma100" : 442.17,
    "dma200" : 418.96,
    "volume" : 186041.00
  }, {
    "date" : "2025-10-09",
    "price" : 610.35,
    "dma50" : 497.47,
    "dma100" : 444.23,
    "dma200" : 420.87,
    "volume" : 164253.00
  }, {
    "date" : "2025-10-10",
    "price" : 620.60,
    "dma50" : 502.30,
    "dma100" : 446.46,
    "dma200" : 422.86,
    "volume" : 182309.00
  }, {
    "date" : "2025-10-13",
    "price" : 599.70,
    "dma50" : 506.12,
    "dma100" : 448.50,
    "dma200" : 424.62,
    "volume" : 185390.00
  }, {
    "date" : "2025-10-14",
    "price" : 578.90,
    "dma50" : 508.98,
    "dma100" : 450.29,
    "dma200" : 426.15,
    "volume" : 176636.00
  }, {
    "date" : "2025-10-15",
    "price" : 586.55,
    "dma50" : 512.02,
    "dma100" : 452.20,
    "dma200" : 427.75,
    "volume" : 316309.00
  }, {
    "date" : "2025-10-16",
    "price" : 591.25,
    "dma50" : 515.12,
    "dma100" : 454.10,
    "dma200" : 429.37,
    "volume" : 122949.00
  }, {
    "date" : "2025-10-17",
    "price" : 575.10,
    "dma50" : 517.48,
    "dma100" : 455.83,
    "dma200" : 430.82,
    "volume" : 69000.00
  }, {
    "date" : "2025-10-20",
    "price" : 580.90,
    "dma50" : 519.96,
    "dma100" : 457.59,
    "dma200" : 432.32,
    "volume" : 111084.00
  }, {
    "date" : "2025-10-21",
    "price" : 584.15,
    "dma50" : 522.48,
    "dma100" : 459.41,
    "dma200" : 433.83,
    "volume" : 21240.00
  }, {
    "date" : "2025-10-23",
    "price" : 618.55,
    "dma50" : 526.25,
    "dma100" : 461.60,
    "dma200" : 435.67,
    "volume" : 344641.00
  }, {
    "date" : "2025-10-24",
    "price" : 617.40,
    "dma50" : 529.82,
    "dma100" : 463.76,
    "dma200" : 437.47,
    "volume" : 133160.00
  }, {
    "date" : "2025-10-27",
    "price" : 668.10,
    "dma50" : 535.25,
    "dma100" : 466.45,
    "dma200" : 439.77,
    "volume" : 1119430.00
  }, {
    "date" : "2025-10-28",
    "price" : 648.00,
    "dma50" : 539.67,
    "dma100" : 468.93,
    "dma200" : 441.84,
    "volume" : 251648.00
  }, {
    "date" : "2025-10-29",
    "price" : 610.35,
    "dma50" : 542.44,
    "dma100" : 471.11,
    "dma200" : 443.52,
    "volume" : 241928.00
  }, {
    "date" : "2025-10-30",
    "price" : 593.90,
    "dma50" : 544.46,
    "dma100" : 472.34,
    "dma200" : 445.01,
    "volume" : 192245.00
  }, {
    "date" : "2025-10-31",
    "price" : 613.15,
    "dma50" : 547.15,
    "dma100" : 473.20,
    "dma200" : 446.69,
    "volume" : 236098.00
  }, {
    "date" : "2025-11-03",
    "price" : 605.45,
    "dma50" : 549.44,
    "dma100" : 474.27,
    "dma200" : 448.27,
    "volume" : 71885.00
  }, {
    "date" : "2025-11-04",
    "price" : 626.70,
    "dma50" : 552.47,
    "dma100" : 475.80,
    "dma200" : 450.04,
    "volume" : 418348.00
  }, {
    "date" : "2025-11-06",
    "price" : 606.80,
    "dma50" : 554.60,
    "dma100" : 477.33,
    "dma200" : 451.60,
    "volume" : 111729.00
  }, {
    "date" : "2025-11-07",
    "price" : 599.20,
    "dma50" : 556.35,
    "dma100" : 478.91,
    "dma200" : 453.07,
    "volume" : 150027.00
  }, {
    "date" : "2025-11-10",
    "price" : 579.65,
    "dma50" : 557.26,
    "dma100" : 480.24,
    "dma200" : 454.33,
    "volume" : 135595.00
  }, {
    "date" : "2025-11-11",
    "price" : 585.30,
    "dma50" : 558.36,
    "dma100" : 481.79,
    "dma200" : 455.63,
    "volume" : 125413.00
  }, {
    "date" : "2025-11-12",
    "price" : 590.95,
    "dma50" : 559.64,
    "dma100" : 483.51,
    "dma200" : 456.98,
    "volume" : 220928.00
  }, {
    "date" : "2025-11-13",
    "price" : 662.05,
    "dma50" : 563.65,
    "dma100" : 486.00,
    "dma200" : 459.02,
    "volume" : 4928697.00
  }, {
    "date" : "2025-11-14",
    "price" : 664.05,
    "dma50" : 567.59,
    "dma100" : 488.49,
    "dma200" : 461.06,
    "volume" : 1094095.00
  }, {
    "date" : "2025-11-17",
    "price" : 642.05,
    "dma50" : 570.51,
    "dma100" : 490.74,
    "dma200" : 462.86,
    "volume" : 496071.00
  }, {
    "date" : "2025-11-18",
    "price" : 635.50,
    "dma50" : 573.06,
    "dma100" : 492.87,
    "dma200" : 464.58,
    "volume" : 356825.00
  }, {
    "date" : "2025-11-19",
    "price" : 624.70,
    "dma50" : 575.09,
    "dma100" : 494.84,
    "dma200" : 466.17,
    "volume" : 399161.00
  }, {
    "date" : "2025-11-20",
    "price" : 601.55,
    "dma50" : 576.12,
    "dma100" : 496.64,
    "dma200" : 467.52,
    "volume" : 228669.00
  }, {
    "date" : "2025-11-21",
    "price" : 575.60,
    "dma50" : 576.10,
    "dma100" : 498.15,
    "dma200" : 468.59,
    "volume" : 223746.00
  }, {
    "date" : "2025-11-24",
    "price" : 555.70,
    "dma50" : 575.30,
    "dma100" : 499.47,
    "dma200" : 469.46,
    "volume" : 121801.00
  }, {
    "date" : "2025-11-25",
    "price" : 551.70,
    "dma50" : 574.38,
    "dma100" : 500.69,
    "dma200" : 470.28,
    "volume" : 221743.00
  }, {
    "date" : "2025-11-26",
    "price" : 564.50,
    "dma50" : 573.99,
    "dma100" : 501.96,
    "dma200" : 471.22,
    "volume" : 154333.00
  }, {
    "date" : "2025-11-27",
    "price" : 562.30,
    "dma50" : 573.53,
    "dma100" : 503.28,
    "dma200" : 472.12,
    "volume" : 132440.00
  }, {
    "date" : "2025-11-28",
    "price" : 547.70,
    "dma50" : 572.52,
    "dma100" : 504.32,
    "dma200" : 472.88,
    "volume" : 109432.00
  }, {
    "date" : "2025-12-01",
    "price" : 542.80,
    "dma50" : 571.35,
    "dma100" : 505.47,
    "dma200" : 473.57,
    "volume" : 113243.00
  } ],
  "latestTechnicalAttributes" : {
    "date" : "2025-12-01",
    "price" : 542.80,
    "dma50" : 571.35,
    "dma100" : 505.47,
    "dma200" : 473.57,
    "volume" : 113243.00
  },
  "quarterlyResults" : [ {
    "date" : "2005-03-31",
    "sales" : 60.67,
    "salesGrowthYoY" : null,
    "grossProfitMargin" : 43.76,
    "grossProfit" : 26.55,
    "operatingProfitMargin" : 5.14,
    "operatingProfit" : 3.12,
    "netProfitMargin" : 1.19,
    "netProfit" : 0.72
  }, {
    "date" : "2005-06-30",
    "sales" : 52.09,
    "salesGrowthYoY" : null,
    "grossProfitMargin" : 40.30,
    "grossProfit" : 20.99,
    "operatingProfitMargin" : 1.86,
    "operatingProfit" : 0.97,
    "netProfitMargin" : -1.52,
    "netProfit" : -0.79
  }, {
    "date" : "2005-09-30",
    "sales" : 70.26,
    "salesGrowthYoY" : null,
    "grossProfitMargin" : 37.90,
    "grossProfit" : 26.63,
    "operatingProfitMargin" : 2.50,
    "operatingProfit" : 1.76,
    "netProfitMargin" : 0.67,
    "netProfit" : 0.47
  }, {
    "date" : "2005-12-31",
    "sales" : 72.19,
    "salesGrowthYoY" : null,
    "grossProfitMargin" : 36.42,
    "grossProfit" : 26.29,
    "operatingProfitMargin" : 4.38,
    "operatingProfit" : 3.16,
    "netProfitMargin" : 0.60,
    "netProfit" : 0.43
  }, {
    "date" : "2006-03-31",
    "sales" : 64.96,
    "salesGrowthYoY" : 7.07,
    "grossProfitMargin" : 43.66,
    "grossProfit" : 28.36,
    "operatingProfitMargin" : 3.83,
    "operatingProfit" : 2.49,
    "netProfitMargin" : 2.06,
    "netProfit" : 1.34
  }, {
    "date" : "2006-06-30",
    "sales" : 51.34,
    "salesGrowthYoY" : -1.44,
    "grossProfitMargin" : 40.94,
    "grossProfit" : 21.02,
    "operatingProfitMargin" : -0.27,
    "operatingProfit" : -0.14,
    "netProfitMargin" : -4.23,
    "netProfit" : -2.17
  }, {
    "date" : "2006-09-30",
    "sales" : 68.27,
    "salesGrowthYoY" : -2.83,
    "grossProfitMargin" : 36.27,
    "grossProfit" : 24.76,
    "operatingProfitMargin" : 4.80,
    "operatingProfit" : 3.28,
    "netProfitMargin" : 0.04,
    "netProfit" : 0.03
  }, {
    "date" : "2006-12-31",
    "sales" : 75.33,
    "salesGrowthYoY" : 4.35,
    "grossProfitMargin" : 37.71,
    "grossProfit" : 28.41,
    "operatingProfitMargin" : 5.54,
    "operatingProfit" : 4.17,
    "netProfitMargin" : 2.31,
    "netProfit" : 1.74
  }, {
    "date" : "2007-03-31",
    "sales" : 77.47,
    "salesGrowthYoY" : 19.26,
    "grossProfitMargin" : 39.14,
    "grossProfit" : 30.32,
    "operatingProfitMargin" : 5.76,
    "operatingProfit" : 4.46,
    "netProfitMargin" : 2.90,
    "netProfit" : 2.25
  }, {
    "date" : "2007-06-30",
    "sales" : 53.84,
    "salesGrowthYoY" : 4.87,
    "grossProfitMargin" : 41.60,
    "grossProfit" : 22.40,
    "operatingProfitMargin" : -0.65,
    "operatingProfit" : -0.35,
    "netProfitMargin" : -3.08,
    "netProfit" : -1.66
  }, {
    "date" : "2007-09-30",
    "sales" : 51.14,
    "salesGrowthYoY" : -25.09,
    "grossProfitMargin" : 35.39,
    "grossProfit" : 18.10,
    "operatingProfitMargin" : 2.56,
    "operatingProfit" : 1.31,
    "netProfitMargin" : 0.53,
    "netProfit" : 0.27
  }, {
    "date" : "2007-12-31",
    "sales" : 50.48,
    "salesGrowthYoY" : -32.99,
    "grossProfitMargin" : 38.17,
    "grossProfit" : 19.27,
    "operatingProfitMargin" : 3.47,
    "operatingProfit" : 1.75,
    "netProfitMargin" : -1.35,
    "netProfit" : -0.68
  }, {
    "date" : "2008-03-31",
    "sales" : 54.23,
    "salesGrowthYoY" : -30.00,
    "grossProfitMargin" : 40.31,
    "grossProfit" : 21.86,
    "operatingProfitMargin" : 7.54,
    "operatingProfit" : 4.09,
    "netProfitMargin" : 2.66,
    "netProfit" : 1.44
  }, {
    "date" : "2008-06-30",
    "sales" : 45.66,
    "salesGrowthYoY" : -15.19,
    "grossProfitMargin" : 38.39,
    "grossProfit" : 17.53,
    "operatingProfitMargin" : 4.10,
    "operatingProfit" : 1.87,
    "netProfitMargin" : -0.26,
    "netProfit" : -0.12
  }, {
    "date" : "2008-09-30",
    "sales" : 54.83,
    "salesGrowthYoY" : 7.22,
    "grossProfitMargin" : 40.09,
    "grossProfit" : 21.98,
    "operatingProfitMargin" : 5.93,
    "operatingProfit" : 3.25,
    "netProfitMargin" : 0.98,
    "netProfit" : 0.54
  }, {
    "date" : "2008-12-31",
    "sales" : 38.21,
    "salesGrowthYoY" : -24.31,
    "grossProfitMargin" : 32.64,
    "grossProfit" : 12.47,
    "operatingProfitMargin" : -4.92,
    "operatingProfit" : -1.88,
    "netProfitMargin" : -12.30,
    "netProfit" : -4.70
  }, {
    "date" : "2009-03-31",
    "sales" : 56.10,
    "salesGrowthYoY" : 3.45,
    "grossProfitMargin" : 30.57,
    "grossProfit" : 17.15,
    "operatingProfitMargin" : 1.09,
    "operatingProfit" : 0.61,
    "netProfitMargin" : -3.69,
    "netProfit" : -2.07
  }, {
    "date" : "2009-06-30",
    "sales" : 42.26,
    "salesGrowthYoY" : -7.45,
    "grossProfitMargin" : 35.78,
    "grossProfit" : 15.12,
    "operatingProfitMargin" : -0.54,
    "operatingProfit" : -0.23,
    "netProfitMargin" : -5.96,
    "netProfit" : -2.52
  }, {
    "date" : "2009-09-30",
    "sales" : 51.40,
    "salesGrowthYoY" : -6.26,
    "grossProfitMargin" : 35.80,
    "grossProfit" : 18.40,
    "operatingProfitMargin" : 5.29,
    "operatingProfit" : 2.72,
    "netProfitMargin" : -0.93,
    "netProfit" : -0.48
  }, {
    "date" : "2009-12-31",
    "sales" : 49.92,
    "salesGrowthYoY" : 30.65,
    "grossProfitMargin" : 34.96,
    "grossProfit" : 17.45,
    "operatingProfitMargin" : 4.35,
    "operatingProfit" : 2.17,
    "netProfitMargin" : -1.46,
    "netProfit" : -0.73
  }, {
    "date" : "2010-03-31",
    "sales" : 51.32,
    "salesGrowthYoY" : -8.52,
    "grossProfitMargin" : 34.86,
    "grossProfit" : 17.89,
    "operatingProfitMargin" : 5.36,
    "operatingProfit" : 2.75,
    "netProfitMargin" : 0.47,
    "netProfit" : 0.24
  }, {
    "date" : "2010-06-30",
    "sales" : 45.77,
    "salesGrowthYoY" : 8.31,
    "grossProfitMargin" : 33.41,
    "grossProfit" : 15.29,
    "operatingProfitMargin" : 6.29,
    "operatingProfit" : 2.88,
    "netProfitMargin" : 0.11,
    "netProfit" : 0.05
  }, {
    "date" : "2010-09-30",
    "sales" : 42.64,
    "salesGrowthYoY" : -17.04,
    "grossProfitMargin" : 36.98,
    "grossProfit" : 15.77,
    "operatingProfitMargin" : 5.68,
    "operatingProfit" : 2.42,
    "netProfitMargin" : 0.05,
    "netProfit" : 0.02
  }, {
    "date" : "2010-12-31",
    "sales" : 46.48,
    "salesGrowthYoY" : -6.89,
    "grossProfitMargin" : 35.67,
    "grossProfit" : 16.58,
    "operatingProfitMargin" : 6.22,
    "operatingProfit" : 2.89,
    "netProfitMargin" : 1.31,
    "netProfit" : 0.61
  }, {
    "date" : "2011-03-31",
    "sales" : 47.75,
    "salesGrowthYoY" : -6.96,
    "grossProfitMargin" : 32.27,
    "grossProfit" : 15.41,
    "operatingProfitMargin" : 4.67,
    "operatingProfit" : 2.23,
    "netProfitMargin" : 3.35,
    "netProfit" : 1.60
  }, {
    "date" : "2011-06-30",
    "sales" : 41.37,
    "salesGrowthYoY" : -9.61,
    "grossProfitMargin" : 34.03,
    "grossProfit" : 14.08,
    "operatingProfitMargin" : 2.63,
    "operatingProfit" : 1.09,
    "netProfitMargin" : -1.91,
    "netProfit" : -0.79
  }, {
    "date" : "2011-09-30",
    "sales" : 45.98,
    "salesGrowthYoY" : 7.83,
    "grossProfitMargin" : 30.95,
    "grossProfit" : 14.23,
    "operatingProfitMargin" : 3.28,
    "operatingProfit" : 1.51,
    "netProfitMargin" : 0.28,
    "netProfit" : 0.13
  }, {
    "date" : "2011-12-31",
    "sales" : 62.85,
    "salesGrowthYoY" : 35.22,
    "grossProfitMargin" : 33.97,
    "grossProfit" : 21.35,
    "operatingProfitMargin" : 4.50,
    "operatingProfit" : 2.83,
    "netProfitMargin" : -1.13,
    "netProfit" : -0.71
  }, {
    "date" : "2012-03-31",
    "sales" : 66.43,
    "salesGrowthYoY" : 39.12,
    "grossProfitMargin" : 37.77,
    "grossProfit" : 25.09,
    "operatingProfitMargin" : 6.43,
    "operatingProfit" : 4.27,
    "netProfitMargin" : 4.44,
    "netProfit" : 2.95
  }, {
    "date" : "2012-06-30",
    "sales" : 57.53,
    "salesGrowthYoY" : 39.06,
    "grossProfitMargin" : 35.98,
    "grossProfit" : 20.70,
    "operatingProfitMargin" : 2.94,
    "operatingProfit" : 1.69,
    "netProfitMargin" : -3.41,
    "netProfit" : -1.96
  }, {
    "date" : "2012-09-30",
    "sales" : 57.25,
    "salesGrowthYoY" : 24.51,
    "grossProfitMargin" : 36.87,
    "grossProfit" : 21.11,
    "operatingProfitMargin" : 3.42,
    "operatingProfit" : 1.96,
    "netProfitMargin" : -2.83,
    "netProfit" : -1.62
  }, {
    "date" : "2012-12-31",
    "sales" : 58.26,
    "salesGrowthYoY" : -7.30,
    "grossProfitMargin" : 36.20,
    "grossProfit" : 21.09,
    "operatingProfitMargin" : 2.68,
    "operatingProfit" : 1.56,
    "netProfitMargin" : -7.84,
    "netProfit" : -4.57
  }, {
    "date" : "2013-03-31",
    "sales" : 62.21,
    "salesGrowthYoY" : -6.35,
    "grossProfitMargin" : 36.52,
    "grossProfit" : 22.72,
    "operatingProfitMargin" : 4.97,
    "operatingProfit" : 3.09,
    "netProfitMargin" : 0.23,
    "netProfit" : 0.14
  }, {
    "date" : "2013-06-30",
    "sales" : 54.48,
    "salesGrowthYoY" : -5.30,
    "grossProfitMargin" : 36.80,
    "grossProfit" : 20.05,
    "operatingProfitMargin" : 3.67,
    "operatingProfit" : 2.00,
    "netProfitMargin" : -5.47,
    "netProfit" : -2.98
  }, {
    "date" : "2013-09-30",
    "sales" : 61.35,
    "salesGrowthYoY" : 7.16,
    "grossProfitMargin" : 34.77,
    "grossProfit" : 21.33,
    "operatingProfitMargin" : 5.79,
    "operatingProfit" : 3.55,
    "netProfitMargin" : 1.08,
    "netProfit" : 0.66
  }, {
    "date" : "2013-12-31",
    "sales" : 64.06,
    "salesGrowthYoY" : 9.96,
    "grossProfitMargin" : 33.37,
    "grossProfit" : 21.38,
    "operatingProfitMargin" : 5.43,
    "operatingProfit" : 3.48,
    "netProfitMargin" : -0.81,
    "netProfit" : -0.52
  }, {
    "date" : "2014-03-31",
    "sales" : 67.53,
    "salesGrowthYoY" : 8.55,
    "grossProfitMargin" : 30.80,
    "grossProfit" : 20.80,
    "operatingProfitMargin" : 4.66,
    "operatingProfit" : 3.15,
    "netProfitMargin" : 4.92,
    "netProfit" : 3.32
  }, {
    "date" : "2014-06-30",
    "sales" : 59.67,
    "salesGrowthYoY" : 9.53,
    "grossProfitMargin" : 34.49,
    "grossProfit" : 20.58,
    "operatingProfitMargin" : 5.66,
    "operatingProfit" : 3.38,
    "netProfitMargin" : 0.37,
    "netProfit" : 0.22
  }, {
    "date" : "2014-09-30",
    "sales" : 69.75,
    "salesGrowthYoY" : 13.69,
    "grossProfitMargin" : 34.58,
    "grossProfit" : 24.12,
    "operatingProfitMargin" : 6.47,
    "operatingProfit" : 4.51,
    "netProfitMargin" : 1.23,
    "netProfit" : 0.86
  }, {
    "date" : "2014-12-31",
    "sales" : 68.82,
    "salesGrowthYoY" : 7.43,
    "grossProfitMargin" : 35.80,
    "grossProfit" : 24.64,
    "operatingProfitMargin" : 5.13,
    "operatingProfit" : 3.53,
    "netProfitMargin" : 0.23,
    "netProfit" : 0.16
  }, {
    "date" : "2015-03-31",
    "sales" : 71.82,
    "salesGrowthYoY" : 6.35,
    "grossProfitMargin" : 36.40,
    "grossProfit" : 26.14,
    "operatingProfitMargin" : 6.15,
    "operatingProfit" : 4.42,
    "netProfitMargin" : 1.20,
    "netProfit" : 0.86
  }, {
    "date" : "2015-06-30",
    "sales" : 119.74,
    "salesGrowthYoY" : 100.67,
    "grossProfitMargin" : 24.58,
    "grossProfit" : 29.43,
    "operatingProfitMargin" : 3.98,
    "operatingProfit" : 4.77,
    "netProfitMargin" : 0.73,
    "netProfit" : 0.87
  }, {
    "date" : "2015-09-30",
    "sales" : 192.47,
    "salesGrowthYoY" : 175.94,
    "grossProfitMargin" : 17.16,
    "grossProfit" : 33.03,
    "operatingProfitMargin" : 2.57,
    "operatingProfit" : 4.95,
    "netProfitMargin" : 0.70,
    "netProfit" : 1.35
  }, {
    "date" : "2015-12-31",
    "sales" : 183.05,
    "salesGrowthYoY" : 165.98,
    "grossProfitMargin" : 16.33,
    "grossProfit" : 29.89,
    "operatingProfitMargin" : 1.13,
    "operatingProfit" : 2.07,
    "netProfitMargin" : -0.38,
    "netProfit" : -0.70
  }, {
    "date" : "2016-03-31",
    "sales" : 98.23,
    "salesGrowthYoY" : 36.77,
    "grossProfitMargin" : 29.48,
    "grossProfit" : 28.96,
    "operatingProfitMargin" : 4.43,
    "operatingProfit" : 4.35,
    "netProfitMargin" : 0.81,
    "netProfit" : 0.80
  }, {
    "date" : "2016-06-30",
    "sales" : 107.04,
    "salesGrowthYoY" : -10.61,
    "grossProfitMargin" : 23.08,
    "grossProfit" : 24.70,
    "operatingProfitMargin" : 0.42,
    "operatingProfit" : 0.45,
    "netProfitMargin" : -1.93,
    "netProfit" : -2.07
  }, {
    "date" : "2016-09-30",
    "sales" : 692.19,
    "salesGrowthYoY" : 259.64,
    "grossProfitMargin" : 4.38,
    "grossProfit" : 30.32,
    "operatingProfitMargin" : 0.69,
    "operatingProfit" : 4.78,
    "netProfitMargin" : 0.30,
    "netProfit" : 2.08
  }, {
    "date" : "2016-12-31",
    "sales" : 814.97,
    "salesGrowthYoY" : 345.22,
    "grossProfitMargin" : 3.57,
    "grossProfit" : 29.09,
    "operatingProfitMargin" : 0.45,
    "operatingProfit" : 3.67,
    "netProfitMargin" : 0.14,
    "netProfit" : 1.14
  }, {
    "date" : "2017-03-31",
    "sales" : 904.97,
    "salesGrowthYoY" : 821.28,
    "grossProfitMargin" : 3.56,
    "grossProfit" : 32.22,
    "operatingProfitMargin" : 0.62,
    "operatingProfit" : 5.61,
    "netProfitMargin" : 0.57,
    "netProfit" : 5.16
  }, {
    "date" : "2017-06-30",
    "sales" : 883.48,
    "salesGrowthYoY" : 725.37,
    "grossProfitMargin" : 3.37,
    "grossProfit" : 29.77,
    "operatingProfitMargin" : 0.57,
    "operatingProfit" : 5.04,
    "netProfitMargin" : 0.27,
    "netProfit" : 2.39
  }, {
    "date" : "2017-09-30",
    "sales" : 958.10,
    "salesGrowthYoY" : 38.42,
    "grossProfitMargin" : 3.41,
    "grossProfit" : 32.67,
    "operatingProfitMargin" : 0.97,
    "operatingProfit" : 9.29,
    "netProfitMargin" : 0.62,
    "netProfit" : 5.94
  }, {
    "date" : "2017-12-31",
    "sales" : 1220.53,
    "salesGrowthYoY" : 49.76,
    "grossProfitMargin" : 2.60,
    "grossProfit" : 31.73,
    "operatingProfitMargin" : 0.58,
    "operatingProfit" : 7.08,
    "netProfitMargin" : 0.41,
    "netProfit" : 5.00
  }, {
    "date" : "2018-03-31",
    "sales" : 1080.18,
    "salesGrowthYoY" : 19.36,
    "grossProfitMargin" : 2.86,
    "grossProfit" : 30.89,
    "operatingProfitMargin" : 0.30,
    "operatingProfit" : 3.24,
    "netProfitMargin" : 0.01,
    "netProfit" : 0.11
  }, {
    "date" : "2018-06-30",
    "sales" : 1937.83,
    "salesGrowthYoY" : 119.34,
    "grossProfitMargin" : 1.78,
    "grossProfit" : 34.49,
    "operatingProfitMargin" : 0.33,
    "operatingProfit" : 6.39,
    "netProfitMargin" : 0.24,
    "netProfit" : 4.65
  }, {
    "date" : "2018-09-30",
    "sales" : 739.35,
    "salesGrowthYoY" : -22.83,
    "grossProfitMargin" : 4.54,
    "grossProfit" : 33.57,
    "operatingProfitMargin" : 0.76,
    "operatingProfit" : 5.62,
    "netProfitMargin" : 0.08,
    "netProfit" : 0.59
  }, {
    "date" : "2018-12-31",
    "sales" : 55.31,
    "salesGrowthYoY" : -95.47,
    "grossProfitMargin" : 56.52,
    "grossProfit" : 31.26,
    "operatingProfitMargin" : 2.35,
    "operatingProfit" : 1.30,
    "netProfitMargin" : 1.16,
    "netProfit" : 0.64
  }, {
    "date" : "2019-03-31",
    "sales" : 56.67,
    "salesGrowthYoY" : -94.75,
    "grossProfitMargin" : 60.84,
    "grossProfit" : 34.48,
    "operatingProfitMargin" : 7.34,
    "operatingProfit" : 4.16,
    "netProfitMargin" : 3.56,
    "netProfit" : 2.02
  }, {
    "date" : "2019-06-30",
    "sales" : 62.08,
    "salesGrowthYoY" : -96.80,
    "grossProfitMargin" : 54.35,
    "grossProfit" : 33.74,
    "operatingProfitMargin" : 6.68,
    "operatingProfit" : 4.15,
    "netProfitMargin" : 3.17,
    "netProfit" : 1.97
  }, {
    "date" : "2019-09-30",
    "sales" : 72.36,
    "salesGrowthYoY" : -90.21,
    "grossProfitMargin" : 50.58,
    "grossProfit" : 36.60,
    "operatingProfitMargin" : 6.51,
    "operatingProfit" : 4.71,
    "netProfitMargin" : 4.51,
    "netProfit" : 3.26
  }, {
    "date" : "2019-12-31",
    "sales" : 70.88,
    "salesGrowthYoY" : 28.15,
    "grossProfitMargin" : 53.12,
    "grossProfit" : 37.65,
    "operatingProfitMargin" : 5.15,
    "operatingProfit" : 3.65,
    "netProfitMargin" : 1.20,
    "netProfit" : 0.85
  }, {
    "date" : "2020-03-31",
    "sales" : 53.40,
    "salesGrowthYoY" : -5.77,
    "grossProfitMargin" : 49.81,
    "grossProfit" : 26.60,
    "operatingProfitMargin" : -3.00,
    "operatingProfit" : -1.60,
    "netProfitMargin" : -4.10,
    "netProfit" : -2.19
  }, {
    "date" : "2020-06-30",
    "sales" : 29.02,
    "salesGrowthYoY" : -53.25,
    "grossProfitMargin" : 45.76,
    "grossProfit" : 13.28,
    "operatingProfitMargin" : -23.64,
    "operatingProfit" : -6.86,
    "netProfitMargin" : -33.60,
    "netProfit" : -9.75
  }, {
    "date" : "2020-09-30",
    "sales" : 60.68,
    "salesGrowthYoY" : -16.14,
    "grossProfitMargin" : 48.42,
    "grossProfit" : 29.38,
    "operatingProfitMargin" : 3.36,
    "operatingProfit" : 2.04,
    "netProfitMargin" : 0.92,
    "netProfit" : 0.56
  }, {
    "date" : "2020-12-31",
    "sales" : 62.54,
    "salesGrowthYoY" : -11.77,
    "grossProfitMargin" : 55.13,
    "grossProfit" : 34.48,
    "operatingProfitMargin" : 9.15,
    "operatingProfit" : 5.72,
    "netProfitMargin" : 6.59,
    "netProfit" : 4.12
  }, {
    "date" : "2021-03-31",
    "sales" : 72.36,
    "salesGrowthYoY" : 35.51,
    "grossProfitMargin" : 50.43,
    "grossProfit" : 36.49,
    "operatingProfitMargin" : 10.59,
    "operatingProfit" : 7.66,
    "netProfitMargin" : 8.08,
    "netProfit" : 5.85
  }, {
    "date" : "2021-06-30",
    "sales" : 54.18,
    "salesGrowthYoY" : 86.70,
    "grossProfitMargin" : 49.93,
    "grossProfit" : 27.05,
    "operatingProfitMargin" : 1.73,
    "operatingProfit" : 0.94,
    "netProfitMargin" : -0.90,
    "netProfit" : -0.49
  }, {
    "date" : "2021-09-30",
    "sales" : 77.97,
    "salesGrowthYoY" : 28.49,
    "grossProfitMargin" : 53.20,
    "grossProfit" : 41.48,
    "operatingProfitMargin" : 11.83,
    "operatingProfit" : 9.22,
    "netProfitMargin" : 7.68,
    "netProfit" : 5.99
  }, {
    "date" : "2021-12-31",
    "sales" : 87.35,
    "salesGrowthYoY" : 39.67,
    "grossProfitMargin" : 48.90,
    "grossProfit" : 42.71,
    "operatingProfitMargin" : 9.64,
    "operatingProfit" : 8.42,
    "netProfitMargin" : 5.84,
    "netProfit" : 5.10
  }, {
    "date" : "2022-03-31",
    "sales" : 88.42,
    "salesGrowthYoY" : 22.19,
    "grossProfitMargin" : 49.76,
    "grossProfit" : 44.00,
    "operatingProfitMargin" : 8.82,
    "operatingProfit" : 7.80,
    "netProfitMargin" : 4.73,
    "netProfit" : 4.18
  }, {
    "date" : "2022-06-30",
    "sales" : 86.30,
    "salesGrowthYoY" : 59.28,
    "grossProfitMargin" : 49.62,
    "grossProfit" : 42.82,
    "operatingProfitMargin" : 7.47,
    "operatingProfit" : 6.45,
    "netProfitMargin" : 4.40,
    "netProfit" : 3.80
  }, {
    "date" : "2022-09-30",
    "sales" : 93.33,
    "salesGrowthYoY" : 19.70,
    "grossProfitMargin" : 48.13,
    "grossProfit" : 44.92,
    "operatingProfitMargin" : 6.35,
    "operatingProfit" : 5.93,
    "netProfitMargin" : 3.01,
    "netProfit" : 2.81
  }, {
    "date" : "2022-12-31",
    "sales" : 88.61,
    "salesGrowthYoY" : 1.44,
    "grossProfitMargin" : 49.33,
    "grossProfit" : 43.71,
    "operatingProfitMargin" : 4.76,
    "operatingProfit" : 4.22,
    "netProfitMargin" : 1.57,
    "netProfit" : 1.39
  }, {
    "date" : "2023-03-31",
    "sales" : 85.24,
    "salesGrowthYoY" : -3.60,
    "grossProfitMargin" : 42.36,
    "grossProfit" : 36.11,
    "operatingProfitMargin" : 3.71,
    "operatingProfit" : 3.16,
    "netProfitMargin" : 1.77,
    "netProfit" : 1.51
  }, {
    "date" : "2023-06-30",
    "sales" : 89.84,
    "salesGrowthYoY" : 4.10,
    "grossProfitMargin" : 46.39,
    "grossProfit" : 41.68,
    "operatingProfitMargin" : 2.84,
    "operatingProfit" : 2.55,
    "netProfitMargin" : 0.36,
    "netProfit" : 0.32
  }, {
    "date" : "2023-09-30",
    "sales" : 92.19,
    "salesGrowthYoY" : -1.22,
    "grossProfitMargin" : 50.96,
    "grossProfit" : 46.98,
    "operatingProfitMargin" : 4.18,
    "operatingProfit" : 3.85,
    "netProfitMargin" : 1.21,
    "netProfit" : 1.12
  }, {
    "date" : "2023-12-31",
    "sales" : 86.94,
    "salesGrowthYoY" : -1.88,
    "grossProfitMargin" : 48.10,
    "grossProfit" : 41.82,
    "operatingProfitMargin" : 0.59,
    "operatingProfit" : 0.51,
    "netProfitMargin" : -2.00,
    "netProfit" : -1.74
  }, {
    "date" : "2024-03-31",
    "sales" : 97.08,
    "salesGrowthYoY" : 13.89,
    "grossProfitMargin" : 47.87,
    "grossProfit" : 46.47,
    "operatingProfitMargin" : 2.68,
    "operatingProfit" : 2.60,
    "netProfitMargin" : 0.59,
    "netProfit" : 0.57
  }, {
    "date" : "2024-06-30",
    "sales" : 111.32,
    "salesGrowthYoY" : 23.91,
    "grossProfitMargin" : 45.78,
    "grossProfit" : 50.96,
    "operatingProfitMargin" : 2.84,
    "operatingProfit" : 3.16,
    "netProfitMargin" : -1.13,
    "netProfit" : -1.26
  }, {
    "date" : "2024-09-30",
    "sales" : 104.61,
    "salesGrowthYoY" : 13.47,
    "grossProfitMargin" : 52.40,
    "grossProfit" : 54.82,
    "operatingProfitMargin" : 2.51,
    "operatingProfit" : 2.63,
    "netProfitMargin" : -1.26,
    "netProfit" : -1.32
  }, {
    "date" : "2024-12-31",
    "sales" : 100.00,
    "salesGrowthYoY" : 15.02,
    "grossProfitMargin" : 52.50,
    "grossProfit" : 52.50,
    "operatingProfitMargin" : 3.04,
    "operatingProfit" : 3.04,
    "netProfitMargin" : -0.65,
    "netProfit" : -0.65
  }, {
    "date" : "2025-03-31",
    "sales" : 114.56,
    "salesGrowthYoY" : 18.01,
    "grossProfitMargin" : 47.99,
    "grossProfit" : 54.98,
    "operatingProfitMargin" : 2.30,
    "operatingProfit" : 2.63,
    "netProfitMargin" : -0.50,
    "netProfit" : -0.57
  }, {
    "date" : "2025-06-30",
    "sales" : 96.74,
    "salesGrowthYoY" : -13.10,
    "grossProfitMargin" : 54.72,
    "grossProfit" : 52.94,
    "operatingProfitMargin" : 1.30,
    "operatingProfit" : 1.26,
    "netProfitMargin" : -3.67,
    "netProfit" : -3.55
  }, {
    "date" : "2025-09-30",
    "sales" : 127.50,
    "salesGrowthYoY" : 21.88,
    "grossProfitMargin" : 46.98,
    "grossProfit" : 59.90,
    "operatingProfitMargin" : 3.74,
    "operatingProfit" : 4.77,
    "netProfitMargin" : 1.22,
    "netProfit" : 1.56
  } ],
  "latestQuarterlyResult" : {
    "date" : "2025-09-30",
    "sales" : 127.50,
    "salesGrowthYoY" : 21.88,
    "grossProfitMargin" : 46.98,
    "grossProfit" : 59.90,
    "operatingProfitMargin" : 3.74,
    "operatingProfit" : 4.77,
    "netProfitMargin" : 1.22,
    "netProfit" : 1.56
  },
  "companyScore" : {
    "priceHigherThanDma50" : 0.00,
    "priceHigherThanDma100" : 5.00,
    "priceHigherThanDma200" : 5.00,
    "dma50HigherThanDma100" : 5.00,
    "dma50HigherThanDma200" : 5.00,
    "dma100HigherThanDma200" : 5.00,
    "pricePercentageAboveDma50" : 5.25,
    "pricePercentageAboveDma100" : 4.63,
    "pricePercentageAboveDma200" : 4.27,
    "weeklyVolumeHigherThanYearlyVolume" : 0.00,
    "salesGrowthPercentile" : 13.92,
    "operatingProfitMarginPercentile" : 15.44,
    "netProfitMarginPercentile" : 8.35,
    "totalTechnicalScore" : 39.15,
    "totalFundamentalScore" : 37.72,
    "totalScore" : 76.87
  }
}