{
  "metadata" : {
    "screenerCompanyId" : "3522",
    "companyCode" : "UFLEX",
    "companyName" : "Uflex",
    "screenerCompanyLink" : "https://www.screener.in/company/UFLEX/consolidated/",
    "screenerTechnicalHistoryLink" : "https://www.screener.in/api/company/3522/chart/?q=Price-DMA50-DMA200-Volume&days=365",
    "screenerQuarterlyResultsLink" : "https://www.screener.in/api/company/3522/chart/?q=GPM-OPM-NPM-Quarter+Sales&days=10000",
    "attributes" : {
      "companyCode" : "UFLEX",
      "companyName" : "Uflex",
      "marketCap" : 3614.00,
      "peRatio" : 11.40,
      "description" : "Uflex Ltd is a leading Indian multinational company which is engaged in the manufacturing and sale of flexible packaging products & offers a complete flexible packaging solution to its customers across the globe.[1]"
    },
    "companyScore" : {
      "priceHigherThanDma50" : 0.00,
      "priceHigherThanDma100" : 0.00,
      "priceHigherThanDma200" : 0.00,
      "dma50HigherThanDma100" : 0.00,
      "dma50HigherThanDma200" : 0.00,
      "dma100HigherThanDma200" : 0.00,
      "pricePercentageAboveDma50" : 5.01,
      "pricePercentageAboveDma100" : 5.27,
      "pricePercentageAboveDma200" : 5.33,
      "weeklyVolumeHigherThanYearlyVolume" : 0.00,
      "salesGrowthPercentile" : 4.56,
      "operatingProfitMarginPercentile" : 0.48,
      "netProfitMarginPercentile" : 0.60,
      "totalTechnicalScore" : 15.60,
      "totalFundamentalScore" : 5.64,
      "totalScore" : 21.24
    }
  },
  "attributes" : {
    "companyCode" : "UFLEX",
    "companyName" : "Uflex",
    "marketCap" : 3614.00,
    "peRatio" : 11.40,
    "description" : "Uflex Ltd is a leading Indian multinational company which is engaged in the manufacturing and sale of flexible packaging products & offers a complete flexible packaging solution to its customers across the globe.[1]"
  },
  "technicalHistory" : [ {
    "date" : "2025-01-01",
    "price" : 529.25,
    "dma50" : 572.86,
    "dma100" : null,
    "dma200" : 568.49,
    "volume" : 49053.00
  }, {
    "date" : "2025-01-02",
    "price" : 532.85,
    "dma50" : 571.30,
    "dma100" : null,
    "dma200" : 568.13,
    "volume" : 52674.00
  }, {
    "date" : "2025-01-03",
    "price" : 532.20,
    "dma50" : 569.76,
    "dma100" : null,
    "dma200" : 567.77,
    "volume" : 31976.00
  }, {
    "date" : "2025-01-06",
    "price" : 513.60,
    "dma50" : 567.56,
    "dma100" : null,
    "dma200" : 567.23,
    "volume" : 93163.00
  }, {
    "date" : "2025-01-07",
    "price" : 525.65,
    "dma50" : 565.92,
    "dma100" : null,
    "dma200" : 566.82,
    "volume" : 56169.00
  }, {
    "date" : "2025-01-08",
    "price" : 521.20,
    "dma50" : 564.16,
    "dma100" : null,
    "dma200" : 566.37,
    "volume" : 37024.00
  }, {
    "date" : "2025-01-09",
    "price" : 516.65,
    "dma50" : 562.30,
    "dma100" : null,
    "dma200" : 565.87,
    "volume" : 25165.00
  }, {
    "date" : "2025-01-10",
    "price" : 498.90,
    "dma50" : 559.81,
    "dma100" : null,
    "dma200" : 565.21,
    "volume" : 64664.00
  }, {
    "date" : "2025-01-13",
    "price" : 476.25,
    "dma50" : 556.54,
    "dma100" : null,
    "dma200" : 564.32,
    "volume" : 101139.00
  }, {
    "date" : "2025-01-14",
    "price" : 487.25,
    "dma50" : 553.82,
    "dma100" : null,
    "dma200" : 563.55,
    "volume" : 107398.00
  }, {
    "date" : "2025-01-15",
    "price" : 486.10,
    "dma50" : 551.16,
    "dma100" : null,
    "dma200" : 562.78,
    "volume" : 41336.00
  }, {
    "date" : "2025-01-16",
    "price" : 491.80,
    "dma50" : 548.84,
    "dma100" : null,
    "dma200" : 562.08,
    "volume" : 29745.00
  }, {
    "date" : "2025-01-17",
    "price" : 490.40,
    "dma50" : 546.54,
    "dma100" : null,
    "dma200" : 561.36,
    "volume" : 28482.00
  }, {
    "date" : "2025-01-20",
    "price" : 495.35,
    "dma50" : 544.54,
    "dma100" : null,
    "dma200" : 560.71,
    "volume" : 32771.00
  }, {
    "date" : "2025-01-21",
    "price" : 482.25,
    "dma50" : 542.09,
    "dma100" : null,
    "dma200" : 559.93,
    "volume" : 53091.00
  }, {
    "date" : "2025-01-22",
    "price" : 475.75,
    "dma50" : 539.49,
    "dma100" : null,
    "dma200" : 559.09,
    "volume" : 46186.00
  }, {
    "date" : "2025-01-23",
    "price" : 478.75,
    "dma50" : 537.11,
    "dma100" : null,
    "dma200" : 558.29,
    "volume" : 20213.00
  }, {
    "date" : "2025-01-24",
    "price" : 477.00,
    "dma50" : 534.75,
    "dma100" : null,
    "dma200" : 557.48,
    "volume" : 18132.00
  }, {
    "date" : "2025-01-27",
    "price" : 460.40,
    "dma50" : 531.84,
    "dma100" : null,
    "dma200" : 556.51,
    "volume" : 35885.00
  }, {
    "date" : "2025-01-28",
    "price" : 449.45,
    "dma50" : 528.61,
    "dma100" : null,
    "dma200" : 555.45,
    "volume" : 76803.00
  }, {
    "date" : "2025-01-29",
    "price" : 467.20,
    "dma50" : 526.20,
    "dma100" : null,
    "dma200" : 554.57,
    "volume" : 30973.00
  }, {
    "date" : "2025-01-30",
    "price" : 467.10,
    "dma50" : 523.88,
    "dma100" : null,
    "dma200" : 553.70,
    "volume" : 33505.00
  }, {
    "date" : "2025-01-31",
    "price" : 475.80,
    "dma50" : 521.99,
    "dma100" : null,
    "dma200" : 552.92,
    "volume" : 36568.00
  }, {
    "date" : "2025-02-01",
    "price" : 467.15,
    "dma50" : 519.84,
    "dma100" : null,
    "dma200" : 552.07,
    "volume" : 34092.00
  }, {
    "date" : "2025-02-03",
    "price" : 458.30,
    "dma50" : 517.43,
    "dma100" : null,
    "dma200" : 551.14,
    "volume" : 33948.00
  }, {
    "date" : "2025-02-04",
    "price" : 470.00,
    "dma50" : 515.57,
    "dma100" : null,
    "dma200" : 550.33,
    "volume" : 23939.00
  }, {
    "date" : "2025-02-05",
    "price" : 473.75,
    "dma50" : 513.93,
    "dma100" : null,
    "dma200" : 549.57,
    "volume" : 33805.00
  }, {
    "date" : "2025-02-06",
    "price" : 474.15,
    "dma50" : 512.37,
    "dma100" : null,
    "dma200" : 548.82,
    "volume" : 28300.00
  }, {
    "date" : "2025-02-07",
    "price" : 480.95,
    "dma50" : 511.14,
    "dma100" : null,
    "dma200" : 548.14,
    "volume" : 36368.00
  }, {
    "date" : "2025-02-10",
    "price" : 475.20,
    "dma50" : 509.73,
    "dma100" : null,
    "dma200" : 547.42,
    "volume" : 46759.00
  }, {
    "date" : "2025-02-11",
    "price" : 464.15,
    "dma50" : 507.94,
    "dma100" : null,
    "dma200" : 546.59,
    "volume" : 43026.00
  }, {
    "date" : "2025-02-12",
    "price" : 466.10,
    "dma50" : 506.30,
    "dma100" : null,
    "dma200" : 545.79,
    "volume" : 81688.00
  }, {
    "date" : "2025-02-13",
    "price" : 467.05,
    "dma50" : 504.76,
    "dma100" : null,
    "dma200" : 545.00,
    "volume" : 54233.00
  }, {
    "date" : "2025-02-14",
    "price" : 456.85,
    "dma50" : 502.88,
    "dma100" : null,
    "dma200" : 544.13,
    "volume" : 30597.00
  }, {
    "date" : "2025-02-17",
    "price" : 479.45,
    "dma50" : 501.96,
    "dma100" : null,
    "dma200" : 543.48,
    "volume" : 566282.00
  }, {
    "date" : "2025-02-18",
    "price" : 470.90,
    "dma50" : 500.75,
    "dma100" : null,
    "dma200" : 542.76,
    "volume" : 180109.00
  }, {
    "date" : "2025-02-19",
    "price" : 484.40,
    "dma50" : 500.10,
    "dma100" : null,
    "dma200" : 542.18,
    "volume" : 152306.00
  }, {
    "date" : "2025-02-20",
    "price" : 484.15,
    "dma50" : 499.48,
    "dma100" : null,
    "dma200" : 541.60,
    "volume" : 107303.00
  }, {
    "date" : "2025-02-21",
    "price" : 482.15,
    "dma50" : 498.80,
    "dma100" : null,
    "dma200" : 541.01,
    "volume" : 71084.00
  }, {
    "date" : "2025-02-24",
    "price" : 469.40,
    "dma50" : 497.65,
    "dma100" : null,
    "dma200" : 540.30,
    "volume" : 46774.00
  }, {
    "date" : "2025-02-25",
    "price" : 466.30,
    "dma50" : 496.42,
    "dma100" : null,
    "dma200" : 539.56,
    "volume" : 50075.00
  }, {
    "date" : "2025-02-27",
    "price" : 460.85,
    "dma50" : 495.02,
    "dma100" : null,
    "dma200" : 538.78,
    "volume" : 48150.00
  }, {
    "date" : "2025-02-28",
    "price" : 450.85,
    "dma50" : 493.29,
    "dma100" : null,
    "dma200" : 537.90,
    "volume" : 88610.00
  }, {
    "date" : "2025-03-03",
    "price" : 457.00,
    "dma50" : 491.87,
    "dma100" : null,
    "dma200" : 537.10,
    "volume" : 101574.00
  }, {
    "date" : "2025-03-04",
    "price" : 446.90,
    "dma50" : 490.10,
    "dma100" : null,
    "dma200" : 536.20,
    "volume" : 99520.00
  }, {
    "date" : "2025-03-05",
    "price" : 460.30,
    "dma50" : 488.93,
    "dma100" : null,
    "dma200" : 535.45,
    "volume" : 76354.00
  }, {
    "date" : "2025-03-06",
    "price" : 464.90,
    "dma50" : 487.99,
    "dma100" : null,
    "dma200" : 534.75,
    "volume" : 101148.00
  }, {
    "date" : "2025-03-07",
    "price" : 467.05,
    "dma50" : 487.17,
    "dma100" : null,
    "dma200" : 534.07,
    "volume" : 59176.00
  }, {
    "date" : "2025-03-10",
    "price" : 465.00,
    "dma50" : 486.30,
    "dma100" : null,
    "dma200" : 533.38,
    "volume" : 65076.00
  }, {
    "date" : "2025-03-11",
    "price" : 463.60,
    "dma50" : 485.41,
    "dma100" : null,
    "dma200" : 532.69,
    "volume" : 114824.00
  }, {
    "date" : "2025-03-12",
    "price" : 464.55,
    "dma50" : 484.59,
    "dma100" : null,
    "dma200" : 532.01,
    "volume" : 82173.00
  }, {
    "date" : "2025-03-13",
    "price" : 461.85,
    "dma50" : 483.70,
    "dma100" : null,
    "dma200" : 531.31,
    "volume" : 85193.00
  }, {
    "date" : "2025-03-17",
    "price" : 464.35,
    "dma50" : 482.94,
    "dma100" : null,
    "dma200" : 530.65,
    "volume" : 105629.00
  }, {
    "date" : "2025-03-18",
    "price" : 468.20,
    "dma50" : 482.36,
    "dma100" : null,
    "dma200" : 530.03,
    "volume" : 129005.00
  }, {
    "date" : "2025-03-19",
    "price" : 479.50,
    "dma50" : 482.25,
    "dma100" : null,
    "dma200" : 529.52,
    "volume" : 115154.00
  }, {
    "date" : "2025-03-20",
    "price" : 484.85,
    "dma50" : 482.35,
    "dma100" : null,
    "dma200" : 529.08,
    "volume" : 75021.00
  }, {
    "date" : "2025-03-21",
    "price" : 488.10,
    "dma50" : 482.58,
    "dma100" : null,
    "dma200" : 528.67,
    "volume" : 86321.00
  }, {
    "date" : "2025-03-24",
    "price" : 501.45,
    "dma50" : 483.32,
    "dma100" : null,
    "dma200" : 528.40,
    "volume" : 156274.00
  }, {
    "date" : "2025-03-25",
    "price" : 515.75,
    "dma50" : 484.59,
    "dma100" : null,
    "dma200" : 528.27,
    "volume" : 354234.00
  }, {
    "date" : "2025-03-26",
    "price" : 506.10,
    "dma50" : 485.43,
    "dma100" : null,
    "dma200" : 528.05,
    "volume" : 115157.00
  }, {
    "date" : "2025-03-27",
    "price" : 499.10,
    "dma50" : 485.97,
    "dma100" : null,
    "dma200" : 527.77,
    "volume" : 106372.00
  }, {
    "date" : "2025-03-28",
    "price" : 497.35,
    "dma50" : 486.42,
    "dma100" : null,
    "dma200" : 527.46,
    "volume" : 117858.00
  }, {
    "date" : "2025-04-01",
    "price" : 505.05,
    "dma50" : 487.15,
    "dma100" : null,
    "dma200" : 527.24,
    "volume" : 58971.00
  }, {
    "date" : "2025-04-02",
    "price" : 510.55,
    "dma50" : 488.07,
    "dma100" : null,
    "dma200" : 527.07,
    "volume" : 56907.00
  }, {
    "date" : "2025-04-03",
    "price" : 518.15,
    "dma50" : 489.24,
    "dma100" : null,
    "dma200" : 526.99,
    "volume" : 54219.00
  }, {
    "date" : "2025-04-04",
    "price" : 500.80,
    "dma50" : 489.70,
    "dma100" : null,
    "dma200" : 526.72,
    "volume" : 68301.00
  }, {
    "date" : "2025-04-07",
    "price" : 471.45,
    "dma50" : 488.98,
    "dma100" : null,
    "dma200" : 526.17,
    "volume" : 107230.00
  }, {
    "date" : "2025-04-08",
    "price" : 488.30,
    "dma50" : 488.96,
    "dma100" : null,
    "dma200" : 525.80,
    "volume" : 40472.00
  }, {
    "date" : "2025-04-09",
    "price" : 480.65,
    "dma50" : 488.63,
    "dma100" : null,
    "dma200" : 525.35,
    "volume" : 76072.00
  }, {
    "date" : "2025-04-11",
    "price" : 505.05,
    "dma50" : 489.27,
    "dma100" : null,
    "dma200" : 525.15,
    "volume" : 77776.00
  }, {
    "date" : "2025-04-15",
    "price" : 524.50,
    "dma50" : 490.66,
    "dma100" : null,
    "dma200" : 525.14,
    "volume" : 100437.00
  }, {
    "date" : "2025-04-16",
    "price" : 533.95,
    "dma50" : 492.35,
    "dma100" : null,
    "dma200" : 525.23,
    "volume" : 85113.00
  }, {
    "date" : "2025-04-17",
    "price" : 550.05,
    "dma50" : 494.62,
    "dma100" : null,
    "dma200" : 525.47,
    "volume" : 151328.00
  }, {
    "date" : "2025-04-21",
    "price" : 554.30,
    "dma50" : 496.96,
    "dma100" : null,
    "dma200" : 525.76,
    "volume" : 86273.00
  }, {
    "date" : "2025-04-22",
    "price" : 556.35,
    "dma50" : 499.29,
    "dma100" : null,
    "dma200" : 526.07,
    "volume" : 45055.00
  }, {
    "date" : "2025-04-23",
    "price" : 559.20,
    "dma50" : 501.64,
    "dma100" : null,
    "dma200" : 526.40,
    "volume" : 64084.00
  }, {
    "date" : "2025-04-24",
    "price" : 568.75,
    "dma50" : 504.27,
    "dma100" : null,
    "dma200" : 526.82,
    "volume" : 106461.00
  }, {
    "date" : "2025-04-25",
    "price" : 553.25,
    "dma50" : 506.19,
    "dma100" : null,
    "dma200" : 527.08,
    "volume" : 77596.00
  }, {
    "date" : "2025-04-28",
    "price" : 562.60,
    "dma50" : 508.40,
    "dma100" : null,
    "dma200" : 527.43,
    "volume" : 105050.00
  }, {
    "date" : "2025-04-29",
    "price" : 563.05,
    "dma50" : 510.54,
    "dma100" : null,
    "dma200" : 527.79,
    "volume" : 54187.00
  }, {
    "date" : "2025-04-30",
    "price" : 552.45,
    "dma50" : 512.19,
    "dma100" : null,
    "dma200" : 528.03,
    "volume" : 59077.00
  }, {
    "date" : "2025-05-02",
    "price" : 551.60,
    "dma50" : 513.73,
    "dma100" : null,
    "dma200" : 528.27,
    "volume" : 26651.00
  }, {
    "date" : "2025-05-05",
    "price" : 557.20,
    "dma50" : 515.44,
    "dma100" : null,
    "dma200" : 528.56,
    "volume" : 30703.00
  }, {
    "date" : "2025-05-06",
    "price" : 548.05,
    "dma50" : 516.72,
    "dma100" : null,
    "dma200" : 528.75,
    "volume" : 49117.00
  }, {
    "date" : "2025-05-07",
    "price" : 548.10,
    "dma50" : 517.95,
    "dma100" : null,
    "dma200" : 528.94,
    "volume" : 41427.00
  }, {
    "date" : "2025-05-08",
    "price" : 537.15,
    "dma50" : 518.70,
    "dma100" : null,
    "dma200" : 529.02,
    "volume" : 51247.00
  }, {
    "date" : "2025-05-09",
    "price" : 528.55,
    "dma50" : 519.09,
    "dma100" : null,
    "dma200" : 529.02,
    "volume" : 66454.00
  }, {
    "date" : "2025-05-12",
    "price" : 552.60,
    "dma50" : 520.40,
    "dma100" : null,
    "dma200" : 529.25,
    "volume" : 50344.00
  }, {
    "date" : "2025-05-13",
    "price" : 567.50,
    "dma50" : 522.25,
    "dma100" : null,
    "dma200" : 529.63,
    "volume" : 102465.00
  }, {
    "date" : "2025-05-14",
    "price" : 584.85,
    "dma50" : 524.70,
    "dma100" : null,
    "dma200" : 530.18,
    "volume" : 137676.00
  }, {
    "date" : "2025-05-15",
    "price" : 587.50,
    "dma50" : 527.16,
    "dma100" : null,
    "dma200" : 530.75,
    "volume" : 91528.00
  }, {
    "date" : "2025-05-16",
    "price" : 619.95,
    "dma50" : 530.80,
    "dma100" : null,
    "dma200" : 531.64,
    "volume" : 585360.00
  }, {
    "date" : "2025-05-19",
    "price" : 610.25,
    "dma50" : 533.92,
    "dma100" : null,
    "dma200" : 532.42,
    "volume" : 313739.00
  }, {
    "date" : "2025-05-20",
    "price" : 603.95,
    "dma50" : 536.67,
    "dma100" : null,
    "dma200" : 533.14,
    "volume" : 97188.00
  }, {
    "date" : "2025-05-21",
    "price" : 596.05,
    "dma50" : 538.99,
    "dma100" : null,
    "dma200" : 533.76,
    "volume" : 95286.00
  }, {
    "date" : "2025-05-22",
    "price" : 616.55,
    "dma50" : 542.04,
    "dma100" : null,
    "dma200" : 534.59,
    "volume" : 270636.00
  }, {
    "date" : "2025-05-23",
    "price" : 617.70,
    "dma50" : 545.00,
    "dma100" : null,
    "dma200" : 535.41,
    "volume" : 368377.00
  }, {
    "date" : "2025-05-26",
    "price" : 630.75,
    "dma50" : 548.37,
    "dma100" : null,
    "dma200" : 536.36,
    "volume" : 249557.00
  }, {
    "date" : "2025-05-27",
    "price" : 633.10,
    "dma50" : 551.69,
    "dma100" : null,
    "dma200" : 537.32,
    "volume" : 118351.00
  }, {
    "date" : "2025-05-28",
    "price" : 625.55,
    "dma50" : 554.58,
    "dma100" : null,
    "dma200" : 538.20,
    "volume" : 61638.00
  }, {
    "date" : "2025-05-29",
    "price" : 619.10,
    "dma50" : 557.11,
    "dma100" : 510.54,
    "dma200" : 539.01,
    "volume" : 75303.00
  }, {
    "date" : "2025-05-30",
    "price" : 614.15,
    "dma50" : 559.35,
    "dma100" : 511.36,
    "dma200" : 539.75,
    "volume" : 57926.00
  }, {
    "date" : "2025-06-02",
    "price" : 624.60,
    "dma50" : 561.91,
    "dma100" : 512.28,
    "dma200" : 540.60,
    "volume" : 107263.00
  }, {
    "date" : "2025-06-03",
    "price" : 629.30,
    "dma50" : 564.55,
    "dma100" : 513.44,
    "dma200" : 541.48,
    "volume" : 75078.00
  }, {
    "date" : "2025-06-04",
    "price" : 627.65,
    "dma50" : 567.03,
    "dma100" : 514.46,
    "dma200" : 542.34,
    "volume" : 45899.00
  }, {
    "date" : "2025-06-05",
    "price" : 621.35,
    "dma50" : 569.16,
    "dma100" : 515.46,
    "dma200" : 543.12,
    "volume" : 48303.00
  }, {
    "date" : "2025-06-06",
    "price" : 618.90,
    "dma50" : 571.11,
    "dma100" : 516.48,
    "dma200" : 543.88,
    "volume" : 78542.00
  }, {
    "date" : "2025-06-09",
    "price" : 620.70,
    "dma50" : 573.05,
    "dma100" : 517.70,
    "dma200" : 544.64,
    "volume" : 52525.00
  }, {
    "date" : "2025-06-10",
    "price" : 621.20,
    "dma50" : 574.94,
    "dma100" : 519.15,
    "dma200" : 545.40,
    "volume" : 33446.00
  }, {
    "date" : "2025-06-11",
    "price" : 632.15,
    "dma50" : 577.18,
    "dma100" : 520.60,
    "dma200" : 546.27,
    "volume" : 324238.00
  }, {
    "date" : "2025-06-12",
    "price" : 621.50,
    "dma50" : 578.92,
    "dma100" : 521.95,
    "dma200" : 547.02,
    "volume" : 56664.00
  }, {
    "date" : "2025-06-13",
    "price" : 613.35,
    "dma50" : 580.27,
    "dma100" : 523.17,
    "dma200" : 547.68,
    "volume" : 71569.00
  }, {
    "date" : "2025-06-16",
    "price" : 612.35,
    "dma50" : 581.53,
    "dma100" : 524.39,
    "dma200" : 548.32,
    "volume" : 38369.00
  }, {
    "date" : "2025-06-17",
    "price" : 602.25,
    "dma50" : 582.34,
    "dma100" : 525.46,
    "dma200" : 548.86,
    "volume" : 37705.00
  }, {
    "date" : "2025-06-18",
    "price" : 595.15,
    "dma50" : 582.85,
    "dma100" : 526.59,
    "dma200" : 549.32,
    "volume" : 57660.00
  }, {
    "date" : "2025-06-19",
    "price" : 585.75,
    "dma50" : 582.96,
    "dma100" : 527.69,
    "dma200" : 549.68,
    "volume" : 38769.00
  }, {
    "date" : "2025-06-20",
    "price" : 588.65,
    "dma50" : 583.18,
    "dma100" : 528.78,
    "dma200" : 550.07,
    "volume" : 33402.00
  }, {
    "date" : "2025-06-23",
    "price" : 589.45,
    "dma50" : 583.43,
    "dma100" : 529.91,
    "dma200" : 550.46,
    "volume" : 26162.00
  }, {
    "date" : "2025-06-24",
    "price" : 600.85,
    "dma50" : 584.11,
    "dma100" : 531.31,
    "dma200" : 550.96,
    "volume" : 44941.00
  }, {
    "date" : "2025-06-25",
    "price" : 609.50,
    "dma50" : 585.11,
    "dma100" : 532.91,
    "dma200" : 551.54,
    "volume" : 29528.00
  }, {
    "date" : "2025-06-26",
    "price" : 611.15,
    "dma50" : 586.13,
    "dma100" : 534.35,
    "dma200" : 552.14,
    "volume" : 38085.00
  }, {
    "date" : "2025-06-27",
    "price" : 607.85,
    "dma50" : 586.98,
    "dma100" : 535.76,
    "dma200" : 552.69,
    "volume" : 28642.00
  }, {
    "date" : "2025-06-30",
    "price" : 608.95,
    "dma50" : 587.84,
    "dma100" : 537.09,
    "dma200" : 553.25,
    "volume" : 22248.00
  }, {
    "date" : "2025-07-01",
    "price" : 609.95,
    "dma50" : 588.71,
    "dma100" : 538.52,
    "dma200" : 553.81,
    "volume" : 22689.00
  }, {
    "date" : "2025-07-02",
    "price" : 611.80,
    "dma50" : 589.61,
    "dma100" : 540.06,
    "dma200" : 554.39,
    "volume" : 23992.00
  }, {
    "date" : "2025-07-03",
    "price" : 610.75,
    "dma50" : 590.44,
    "dma100" : 541.46,
    "dma200" : 554.95,
    "volume" : 17209.00
  }, {
    "date" : "2025-07-04",
    "price" : 611.80,
    "dma50" : 591.28,
    "dma100" : 542.84,
    "dma200" : 555.52,
    "volume" : 36806.00
  }, {
    "date" : "2025-07-07",
    "price" : 604.40,
    "dma50" : 591.80,
    "dma100" : 544.15,
    "dma200" : 556.00,
    "volume" : 20331.00
  }, {
    "date" : "2025-07-08",
    "price" : 602.90,
    "dma50" : 592.23,
    "dma100" : 545.37,
    "dma200" : 556.47,
    "volume" : 35017.00
  }, {
    "date" : "2025-07-09",
    "price" : 603.15,
    "dma50" : 592.66,
    "dma100" : 546.64,
    "dma200" : 556.94,
    "volume" : 20687.00
  }, {
    "date" : "2025-07-10",
    "price" : 599.95,
    "dma50" : 592.94,
    "dma100" : 548.00,
    "dma200" : 557.36,
    "volume" : 24153.00
  }, {
    "date" : "2025-07-11",
    "price" : 595.45,
    "dma50" : 593.04,
    "dma100" : 549.30,
    "dma200" : 557.74,
    "volume" : 27832.00
  }, {
    "date" : "2025-07-14",
    "price" : 591.25,
    "dma50" : 592.97,
    "dma100" : 550.54,
    "dma200" : 558.08,
    "volume" : 24995.00
  }, {
    "date" : "2025-07-15",
    "price" : 595.05,
    "dma50" : 593.05,
    "dma100" : 551.92,
    "dma200" : 558.44,
    "volume" : 13679.00
  }, {
    "date" : "2025-07-16",
    "price" : 604.80,
    "dma50" : 593.51,
    "dma100" : 553.17,
    "dma200" : 558.90,
    "volume" : 25330.00
  }, {
    "date" : "2025-07-17",
    "price" : 602.65,
    "dma50" : 593.87,
    "dma100" : 554.49,
    "dma200" : 559.34,
    "volume" : 18246.00
  }, {
    "date" : "2025-07-18",
    "price" : 603.95,
    "dma50" : 594.27,
    "dma100" : 555.69,
    "dma200" : 559.78,
    "volume" : 36308.00
  }, {
    "date" : "2025-07-21",
    "price" : 605.10,
    "dma50" : 594.69,
    "dma100" : 556.90,
    "dma200" : 560.24,
    "volume" : 12871.00
  }, {
    "date" : "2025-07-22",
    "price" : 599.55,
    "dma50" : 594.88,
    "dma100" : 558.07,
    "dma200" : 560.63,
    "volume" : 13646.00
  }, {
    "date" : "2025-07-23",
    "price" : 598.75,
    "dma50" : 595.04,
    "dma100" : 559.36,
    "dma200" : 561.01,
    "volume" : 15284.00
  }, {
    "date" : "2025-07-24",
    "price" : 597.25,
    "dma50" : 595.12,
    "dma100" : 560.67,
    "dma200" : 561.37,
    "volume" : 26171.00
  }, {
    "date" : "2025-07-25",
    "price" : 590.90,
    "dma50" : 594.96,
    "dma100" : 561.97,
    "dma200" : 561.66,
    "volume" : 23089.00
  }, {
    "date" : "2025-07-28",
    "price" : 584.45,
    "dma50" : 594.54,
    "dma100" : 563.31,
    "dma200" : 561.89,
    "volume" : 21274.00
  }, {
    "date" : "2025-07-29",
    "price" : 591.00,
    "dma50" : 594.41,
    "dma100" : 564.65,
    "dma200" : 562.18,
    "volume" : 10734.00
  }, {
    "date" : "2025-07-30",
    "price" : 596.20,
    "dma50" : 594.48,
    "dma100" : 566.14,
    "dma200" : 562.52,
    "volume" : 15982.00
  }, {
    "date" : "2025-07-31",
    "price" : 591.55,
    "dma50" : 594.36,
    "dma100" : 567.46,
    "dma200" : 562.80,
    "volume" : 19278.00
  }, {
    "date" : "2025-08-01",
    "price" : 582.70,
    "dma50" : 593.90,
    "dma100" : 568.63,
    "dma200" : 563.00,
    "volume" : 18071.00
  }, {
    "date" : "2025-08-04",
    "price" : 577.70,
    "dma50" : 593.27,
    "dma100" : 569.74,
    "dma200" : 563.15,
    "volume" : 43103.00
  }, {
    "date" : "2025-08-05",
    "price" : 579.90,
    "dma50" : 592.74,
    "dma100" : 570.89,
    "dma200" : 563.31,
    "volume" : 15030.00
  }, {
    "date" : "2025-08-06",
    "price" : 582.95,
    "dma50" : 592.36,
    "dma100" : 572.08,
    "dma200" : 563.51,
    "volume" : 16953.00
  }, {
    "date" : "2025-08-07",
    "price" : 582.15,
    "dma50" : 591.96,
    "dma100" : 573.26,
    "dma200" : 563.70,
    "volume" : 10752.00
  }, {
    "date" : "2025-08-08",
    "price" : 588.30,
    "dma50" : 591.82,
    "dma100" : 574.52,
    "dma200" : 563.94,
    "volume" : 34005.00
  }, {
    "date" : "2025-08-11",
    "price" : 588.50,
    "dma50" : 591.69,
    "dma100" : 575.76,
    "dma200" : 564.18,
    "volume" : 19683.00
  }, {
    "date" : "2025-08-12",
    "price" : 589.30,
    "dma50" : 591.59,
    "dma100" : 576.98,
    "dma200" : 564.43,
    "volume" : 11359.00
  }, {
    "date" : "2025-08-13",
    "price" : 586.00,
    "dma50" : 591.37,
    "dma100" : 578.04,
    "dma200" : 564.65,
    "volume" : 37722.00
  }, {
    "date" : "2025-08-14",
    "price" : 580.05,
    "dma50" : 590.93,
    "dma100" : 578.99,
    "dma200" : 564.80,
    "volume" : 51380.00
  }, {
    "date" : "2025-08-18",
    "price" : 584.35,
    "dma50" : 590.67,
    "dma100" : 579.95,
    "dma200" : 565.00,
    "volume" : 41002.00
  }, {
    "date" : "2025-08-19",
    "price" : 579.60,
    "dma50" : 590.24,
    "dma100" : 580.74,
    "dma200" : 565.14,
    "volume" : 28483.00
  }, {
    "date" : "2025-08-20",
    "price" : 544.00,
    "dma50" : 588.42,
    "dma100" : 581.02,
    "dma200" : 564.93,
    "volume" : 256940.00
  }, {
    "date" : "2025-08-21",
    "price" : 557.05,
    "dma50" : 587.19,
    "dma100" : 581.53,
    "dma200" : 564.85,
    "volume" : 101834.00
  }, {
    "date" : "2025-08-22",
    "price" : 545.20,
    "dma50" : 585.55,
    "dma100" : 581.99,
    "dma200" : 564.66,
    "volume" : 43858.00
  }, {
    "date" : "2025-08-25",
    "price" : 540.55,
    "dma50" : 583.78,
    "dma100" : 582.42,
    "dma200" : 564.42,
    "volume" : 37615.00
  }, {
    "date" : "2025-08-26",
    "price" : 526.25,
    "dma50" : 581.53,
    "dma100" : 582.63,
    "dma200" : 564.04,
    "volume" : 63740.00
  }, {
    "date" : "2025-08-28",
    "price" : 514.50,
    "dma50" : 578.90,
    "dma100" : 582.67,
    "dma200" : 563.55,
    "volume" : 55962.00
  }, {
    "date" : "2025-08-29",
    "price" : 516.65,
    "dma50" : 576.46,
    "dma100" : 582.66,
    "dma200" : 563.08,
    "volume" : 62944.00
  }, {
    "date" : "2025-09-01",
    "price" : 529.15,
    "dma50" : 574.60,
    "dma100" : 582.94,
    "dma200" : 562.74,
    "volume" : 29488.00
  }, {
    "date" : "2025-09-02",
    "price" : 541.55,
    "dma50" : 573.31,
    "dma100" : 583.64,
    "dma200" : 562.53,
    "volume" : 221749.00
  }, {
    "date" : "2025-09-03",
    "price" : 546.70,
    "dma50" : 572.26,
    "dma100" : 584.23,
    "dma200" : 562.37,
    "volume" : 35503.00
  }, {
    "date" : "2025-09-04",
    "price" : 551.60,
    "dma50" : 571.45,
    "dma100" : 584.94,
    "dma200" : 562.27,
    "volume" : 83620.00
  }, {
    "date" : "2025-09-05",
    "price" : 550.95,
    "dma50" : 570.65,
    "dma100" : 585.39,
    "dma200" : 562.15,
    "volume" : 17518.00
  }, {
    "date" : "2025-09-08",
    "price" : 558.00,
    "dma50" : 570.15,
    "dma100" : 585.73,
    "dma200" : 562.11,
    "volume" : 28443.00
  }, {
    "date" : "2025-09-09",
    "price" : 554.35,
    "dma50" : 569.53,
    "dma100" : 585.93,
    "dma200" : 562.03,
    "volume" : 17372.00
  }, {
    "date" : "2025-09-10",
    "price" : 555.25,
    "dma50" : 568.97,
    "dma100" : 585.99,
    "dma200" : 561.97,
    "volume" : 13427.00
  }, {
    "date" : "2025-09-11",
    "price" : 552.85,
    "dma50" : 568.34,
    "dma100" : 585.97,
    "dma200" : 561.88,
    "volume" : 17460.00
  }, {
    "date" : "2025-09-12",
    "price" : 555.40,
    "dma50" : 567.83,
    "dma100" : 585.96,
    "dma200" : 561.81,
    "volume" : 10968.00
  }, {
    "date" : "2025-09-15",
    "price" : 555.80,
    "dma50" : 567.36,
    "dma100" : 585.93,
    "dma200" : 561.75,
    "volume" : 15743.00
  }, {
    "date" : "2025-09-16",
    "price" : 552.90,
    "dma50" : 566.79,
    "dma100" : 585.77,
    "dma200" : 561.66,
    "volume" : 24988.00
  }, {
    "date" : "2025-09-17",
    "price" : 552.85,
    "dma50" : 566.25,
    "dma100" : 585.77,
    "dma200" : 561.58,
    "volume" : 21488.00
  }, {
    "date" : "2025-09-18",
    "price" : 552.75,
    "dma50" : 565.72,
    "dma100" : 585.67,
    "dma200" : 561.49,
    "volume" : 19500.00
  }, {
    "date" : "2025-09-19",
    "price" : 553.55,
    "dma50" : 565.24,
    "dma100" : 585.57,
    "dma200" : 561.41,
    "volume" : 15668.00
  }, {
    "date" : "2025-09-22",
    "price" : 550.00,
    "dma50" : 564.64,
    "dma100" : 585.55,
    "dma200" : 561.30,
    "volume" : 18590.00
  }, {
    "date" : "2025-09-23",
    "price" : 549.60,
    "dma50" : 564.05,
    "dma100" : 585.53,
    "dma200" : 561.18,
    "volume" : 6274.00
  }, {
    "date" : "2025-09-24",
    "price" : 546.70,
    "dma50" : 563.37,
    "dma100" : 585.42,
    "dma200" : 561.04,
    "volume" : 24516.00
  }, {
    "date" : "2025-09-25",
    "price" : 546.90,
    "dma50" : 562.73,
    "dma100" : 585.41,
    "dma200" : 560.89,
    "volume" : 9035.00
  }, {
    "date" : "2025-09-26",
    "price" : 541.45,
    "dma50" : 561.89,
    "dma100" : 585.34,
    "dma200" : 560.70,
    "volume" : 11828.00
  }, {
    "date" : "2025-09-29",
    "price" : 540.30,
    "dma50" : 561.04,
    "dma100" : 585.38,
    "dma200" : 560.50,
    "volume" : 6424.00
  }, {
    "date" : "2025-09-30",
    "price" : 542.20,
    "dma50" : 560.31,
    "dma100" : 585.51,
    "dma200" : 560.32,
    "volume" : 6151.00
  }, {
    "date" : "2025-10-01",
    "price" : 550.60,
    "dma50" : 559.93,
    "dma100" : 585.49,
    "dma200" : 560.22,
    "volume" : 17576.00
  }, {
    "date" : "2025-10-03",
    "price" : 553.55,
    "dma50" : 559.68,
    "dma100" : 585.35,
    "dma200" : 560.15,
    "volume" : 17907.00
  }, {
    "date" : "2025-10-06",
    "price" : 563.00,
    "dma50" : 559.81,
    "dma100" : 585.13,
    "dma200" : 560.18,
    "volume" : 231524.00
  }, {
    "date" : "2025-10-07",
    "price" : 565.90,
    "dma50" : 560.04,
    "dma100" : 584.92,
    "dma200" : 560.24,
    "volume" : 97845.00
  }, {
    "date" : "2025-10-08",
    "price" : 552.35,
    "dma50" : 559.74,
    "dma100" : 584.24,
    "dma200" : 560.16,
    "volume" : 47724.00
  }, {
    "date" : "2025-10-09",
    "price" : 550.65,
    "dma50" : 559.39,
    "dma100" : 583.65,
    "dma200" : 560.07,
    "volume" : 57455.00
  }, {
    "date" : "2025-10-10",
    "price" : 557.95,
    "dma50" : 559.33,
    "dma100" : 583.19,
    "dma200" : 560.04,
    "volume" : 61452.00
  }, {
    "date" : "2025-10-13",
    "price" : 551.30,
    "dma50" : 559.02,
    "dma100" : 582.74,
    "dma200" : 559.96,
    "volume" : 17615.00
  }, {
    "date" : "2025-10-14",
    "price" : 543.85,
    "dma50" : 558.42,
    "dma100" : 582.01,
    "dma200" : 559.80,
    "volume" : 14977.00
  }, {
    "date" : "2025-10-15",
    "price" : 544.35,
    "dma50" : 557.87,
    "dma100" : 581.28,
    "dma200" : 559.64,
    "volume" : 16301.00
  }, {
    "date" : "2025-10-16",
    "price" : 548.00,
    "dma50" : 557.48,
    "dma100" : 580.45,
    "dma200" : 559.53,
    "volume" : 11858.00
  }, {
    "date" : "2025-10-17",
    "price" : 546.75,
    "dma50" : 557.06,
    "dma100" : 579.59,
    "dma200" : 559.40,
    "volume" : 12019.00
  }, {
    "date" : "2025-10-20",
    "price" : 550.70,
    "dma50" : 556.81,
    "dma100" : 578.84,
    "dma200" : 559.31,
    "volume" : 16243.00
  }, {
    "date" : "2025-10-21",
    "price" : 553.05,
    "dma50" : 556.66,
    "dma100" : 578.18,
    "dma200" : 559.25,
    "volume" : 11842.00
  }, {
    "date" : "2025-10-23",
    "price" : 547.35,
    "dma50" : 556.30,
    "dma100" : 577.51,
    "dma200" : 559.13,
    "volume" : 29931.00
  }, {
    "date" : "2025-10-24",
    "price" : 549.30,
    "dma50" : 556.02,
    "dma100" : 576.76,
    "dma200" : 559.04,
    "volume" : 12689.00
  }, {
    "date" : "2025-10-27",
    "price" : 548.25,
    "dma50" : 555.72,
    "dma100" : 575.95,
    "dma200" : 558.93,
    "volume" : 19170.00
  }, {
    "date" : "2025-10-28",
    "price" : 549.35,
    "dma50" : 555.47,
    "dma100" : 575.16,
    "dma200" : 558.83,
    "volume" : 15284.00
  }, {
    "date" : "2025-10-29",
    "price" : 546.25,
    "dma50" : 555.11,
    "dma100" : 574.41,
    "dma200" : 558.71,
    "volume" : 21007.00
  }, {
    "date" : "2025-10-30",
    "price" : 543.80,
    "dma50" : 554.66,
    "dma100" : 573.66,
    "dma200" : 558.56,
    "volume" : 11141.00
  }, {
    "date" : "2025-10-31",
    "price" : 541.25,
    "dma50" : 554.14,
    "dma100" : 572.87,
    "dma200" : 558.39,
    "volume" : 14418.00
  }, {
    "date" : "2025-11-03",
    "price" : 540.15,
    "dma50" : 553.59,
    "dma100" : 572.06,
    "dma200" : 558.21,
    "volume" : 20387.00
  }, {
    "date" : "2025-11-04",
    "price" : 538.90,
    "dma50" : 553.01,
    "dma100" : 571.12,
    "dma200" : 558.01,
    "volume" : 18015.00
  }, {
    "date" : "2025-11-06",
    "price" : 531.70,
    "dma50" : 552.18,
    "dma100" : 570.23,
    "dma200" : 557.75,
    "volume" : 21638.00
  }, {
    "date" : "2025-11-07",
    "price" : 529.10,
    "dma50" : 551.27,
    "dma100" : 569.38,
    "dma200" : 557.47,
    "volume" : 13890.00
  }, {
    "date" : "2025-11-10",
    "price" : 527.55,
    "dma50" : 550.34,
    "dma100" : 568.54,
    "dma200" : 557.17,
    "volume" : 18493.00
  }, {
    "date" : "2025-11-11",
    "price" : 532.65,
    "dma50" : 549.65,
    "dma100" : 567.84,
    "dma200" : 556.92,
    "volume" : 28304.00
  }, {
    "date" : "2025-11-12",
    "price" : 530.60,
    "dma50" : 548.90,
    "dma100" : 567.19,
    "dma200" : 556.66,
    "volume" : 18515.00
  }, {
    "date" : "2025-11-13",
    "price" : 532.90,
    "dma50" : 548.27,
    "dma100" : 566.67,
    "dma200" : 556.43,
    "volume" : 41207.00
  }, {
    "date" : "2025-11-14",
    "price" : 519.70,
    "dma50" : 547.15,
    "dma100" : 565.98,
    "dma200" : 556.06,
    "volume" : 35998.00
  }, {
    "date" : "2025-11-17",
    "price" : 518.65,
    "dma50" : 546.04,
    "dma100" : 565.27,
    "dma200" : 555.69,
    "volume" : 16399.00
  }, {
    "date" : "2025-11-18",
    "price" : 516.60,
    "dma50" : 544.88,
    "dma100" : 564.43,
    "dma200" : 555.30,
    "volume" : 19263.00
  }, {
    "date" : "2025-11-19",
    "price" : 514.75,
    "dma50" : 543.70,
    "dma100" : 563.48,
    "dma200" : 554.90,
    "volume" : 11140.00
  }, {
    "date" : "2025-11-20",
    "price" : 510.40,
    "dma50" : 542.39,
    "dma100" : 562.47,
    "dma200" : 554.45,
    "volume" : 15348.00
  }, {
    "date" : "2025-11-21",
    "price" : 507.30,
    "dma50" : 541.02,
    "dma100" : 561.47,
    "dma200" : 553.98,
    "volume" : 10804.00
  }, {
    "date" : "2025-11-24",
    "price" : 501.25,
    "dma50" : 539.46,
    "dma100" : 560.39,
    "dma200" : 553.46,
    "volume" : 19848.00
  }, {
    "date" : "2025-11-25",
    "price" : 499.25,
    "dma50" : 537.88,
    "dma100" : 559.28,
    "dma200" : 552.92,
    "volume" : 8175.00
  }, {
    "date" : "2025-11-26",
    "price" : 498.10,
    "dma50" : 536.32,
    "dma100" : 558.14,
    "dma200" : 552.37,
    "volume" : 10782.00
  }, {
    "date" : "2025-11-27",
    "price" : 499.40,
    "dma50" : 534.87,
    "dma100" : 557.03,
    "dma200" : 551.85,
    "volume" : 5435.00
  }, {
    "date" : "2025-11-28",
    "price" : 489.65,
    "dma50" : 533.10,
    "dma100" : 555.81,
    "dma200" : 551.23,
    "volume" : 31104.00
  }, {
    "date" : "2025-12-01",
    "price" : 482.70,
    "dma50" : 531.12,
    "dma100" : 554.59,
    "dma200" : 550.55,
    "volume" : 16370.00
  }, {
    "date" : "2025-12-02",
    "price" : 481.45,
    "dma50" : 529.18,
    "dma100" : 553.38,
    "dma200" : 549.86,
    "volume" : 16291.00
  }, {
    "date" : "2025-12-03",
    "price" : 477.45,
    "dma50" : 527.15,
    "dma100" : 552.12,
    "dma200" : 549.14,
    "volume" : 15989.00
  }, {
    "date" : "2025-12-04",
    "price" : 478.05,
    "dma50" : 525.22,
    "dma100" : 550.90,
    "dma200" : 548.43,
    "volume" : 14838.00
  }, {
    "date" : "2025-12-05",
    "price" : 479.75,
    "dma50" : 523.44,
    "dma100" : 549.75,
    "dma200" : 547.75,
    "volume" : 12898.00
  }, {
    "date" : "2025-12-08",
    "price" : 473.35,
    "dma50" : 521.47,
    "dma100" : 548.57,
    "dma200" : 547.01,
    "volume" : 20469.00
  }, {
    "date" : "2025-12-09",
    "price" : 473.80,
    "dma50" : 519.60,
    "dma100" : 547.35,
    "dma200" : 546.28,
    "volume" : 29510.00
  }, {
    "date" : "2025-12-10",
    "price" : 467.25,
    "dma50" : 517.55,
    "dma100" : 545.98,
    "dma200" : 545.49,
    "volume" : 26007.00
  }, {
    "date" : "2025-12-11",
    "price" : 468.55,
    "dma50" : 515.63,
    "dma100" : 544.64,
    "dma200" : 544.73,
    "volume" : 11000.00
  }, {
    "date" : "2025-12-12",
    "price" : 471.45,
    "dma50" : 513.90,
    "dma100" : 543.31,
    "dma200" : 544.00,
    "volume" : 19099.00
  }, {
    "date" : "2025-12-15",
    "price" : 472.80,
    "dma50" : 512.29,
    "dma100" : 541.99,
    "dma200" : 543.29,
    "volume" : 15774.00
  }, {
    "date" : "2025-12-16",
    "price" : 468.80,
    "dma50" : 510.58,
    "dma100" : 540.68,
    "dma200" : 542.55,
    "volume" : 15937.00
  }, {
    "date" : "2025-12-17",
    "price" : 471.45,
    "dma50" : 509.05,
    "dma100" : 539.41,
    "dma200" : 541.84,
    "volume" : 9237.00
  }, {
    "date" : "2025-12-18",
    "price" : 470.00,
    "dma50" : 507.51,
    "dma100" : 538.14,
    "dma200" : 541.13,
    "volume" : 9966.00
  }, {
    "date" : "2025-12-19",
    "price" : 477.90,
    "dma50" : 506.35,
    "dma100" : 537.01,
    "dma200" : 540.50,
    "volume" : 5505.00
  }, {
    "date" : "2025-12-22",
    "price" : 485.80,
    "dma50" : 505.55,
    "dma100" : 536.02,
    "dma200" : 539.95,
    "volume" : 15304.00
  }, {
    "date" : "2025-12-23",
    "price" : 490.95,
    "dma50" : 504.97,
    "dma100" : 535.02,
    "dma200" : 539.47,
    "volume" : 14120.00
  }, {
    "date" : "2025-12-24",
    "price" : 487.50,
    "dma50" : 504.29,
    "dma100" : 533.93,
    "dma200" : 538.95,
    "volume" : 7805.00
  }, {
    "date" : "2025-12-26",
    "price" : 484.60,
    "dma50" : 503.52,
    "dma100" : 532.86,
    "dma200" : 538.41,
    "volume" : 8895.00
  }, {
    "date" : "2025-12-29",
    "price" : 487.90,
    "dma50" : 502.90,
    "dma100" : 531.91,
    "dma200" : 537.90,
    "volume" : 13953.00
  }, {
    "date" : "2025-12-30",
    "price" : 489.35,
    "dma50" : 502.37,
    "dma100" : 531.03,
    "dma200" : 537.42,
    "volume" : 6690.00
  }, {
    "date" : "2025-12-31",
    "price" : 501.80,
    "dma50" : 502.35,
    "dma100" : 530.25,
    "dma200" : 537.07,
    "volume" : 65882.00
  } ],
  "latestTechnicalAttributes" : {
    "date" : "2025-12-31",
    "price" : 501.80,
    "dma50" : 502.35,
    "dma100" : 530.25,
    "dma200" : 537.07,
    "volume" : 65882.00
  },
  "quarterlyResults" : [ {
    "date" : "2005-03-31",
    "sales" : 230.81,
    "salesGrowthYoY" : null,
    "grossProfitMargin" : 33.91,
    "grossProfit" : 78.27,
    "operatingProfitMargin" : 11.28,
    "operatingProfit" : 26.04,
    "netProfitMargin" : 1.13,
    "netProfit" : 2.61
  }, {
    "date" : "2005-06-30",
    "sales" : 233.76,
    "salesGrowthYoY" : null,
    "grossProfitMargin" : 36.95,
    "grossProfit" : 86.37,
    "operatingProfitMargin" : 13.84,
    "operatingProfit" : 32.35,
    "netProfitMargin" : 5.30,
    "netProfit" : 12.39
  }, {
    "date" : "2005-09-30",
    "sales" : 249.70,
    "salesGrowthYoY" : null,
    "grossProfitMargin" : 36.97,
    "grossProfit" : 92.31,
    "operatingProfitMargin" : 13.25,
    "operatingProfit" : 33.09,
    "netProfitMargin" : 3.61,
    "netProfit" : 9.01
  }, {
    "date" : "2005-12-31",
    "sales" : 269.00,
    "salesGrowthYoY" : null,
    "grossProfitMargin" : 35.54,
    "grossProfit" : 95.60,
    "operatingProfitMargin" : 11.93,
    "operatingProfit" : 32.09,
    "netProfitMargin" : 2.38,
    "netProfit" : 6.40
  }, {
    "date" : "2006-03-31",
    "sales" : 263.87,
    "salesGrowthYoY" : 14.32,
    "grossProfitMargin" : 34.13,
    "grossProfit" : 90.06,
    "operatingProfitMargin" : 11.16,
    "operatingProfit" : 29.45,
    "netProfitMargin" : 2.16,
    "netProfit" : 5.70
  }, {
    "date" : "2006-06-30",
    "sales" : 271.07,
    "salesGrowthYoY" : 15.96,
    "grossProfitMargin" : 35.65,
    "grossProfit" : 96.64,
    "operatingProfitMargin" : 13.14,
    "operatingProfit" : 35.62,
    "netProfitMargin" : 3.09,
    "netProfit" : 8.38
  }, {
    "date" : "2006-09-30",
    "sales" : 328.12,
    "salesGrowthYoY" : 31.41,
    "grossProfitMargin" : 38.46,
    "grossProfit" : 126.19,
    "operatingProfitMargin" : 12.64,
    "operatingProfit" : 41.47,
    "netProfitMargin" : 2.53,
    "netProfit" : 8.30
  }, {
    "date" : "2006-12-31",
    "sales" : 322.66,
    "salesGrowthYoY" : 19.95,
    "grossProfitMargin" : 37.04,
    "grossProfit" : 119.51,
    "operatingProfitMargin" : 11.95,
    "operatingProfit" : 38.56,
    "netProfitMargin" : 4.13,
    "netProfit" : 13.33
  }, {
    "date" : "2007-03-31",
    "sales" : 318.29,
    "salesGrowthYoY" : 20.62,
    "grossProfitMargin" : 40.78,
    "grossProfit" : 129.80,
    "operatingProfitMargin" : 13.82,
    "operatingProfit" : 43.99,
    "netProfitMargin" : 4.86,
    "netProfit" : 15.47
  }, {
    "date" : "2007-06-30",
    "sales" : 314.76,
    "salesGrowthYoY" : 16.12,
    "grossProfitMargin" : 40.00,
    "grossProfit" : 125.90,
    "operatingProfitMargin" : 15.44,
    "operatingProfit" : 48.60,
    "netProfitMargin" : 4.27,
    "netProfit" : 13.44
  }, {
    "date" : "2007-09-30",
    "sales" : 321.45,
    "salesGrowthYoY" : -2.03,
    "grossProfitMargin" : 40.77,
    "grossProfit" : 131.06,
    "operatingProfitMargin" : 14.14,
    "operatingProfit" : 45.45,
    "netProfitMargin" : 3.66,
    "netProfit" : 11.77
  }, {
    "date" : "2007-12-31",
    "sales" : 339.18,
    "salesGrowthYoY" : 5.12,
    "grossProfitMargin" : 33.28,
    "grossProfit" : 112.88,
    "operatingProfitMargin" : 12.40,
    "operatingProfit" : 42.06,
    "netProfitMargin" : 3.62,
    "netProfit" : 12.28
  }, {
    "date" : "2008-03-31",
    "sales" : 362.42,
    "salesGrowthYoY" : 13.86,
    "grossProfitMargin" : 43.51,
    "grossProfit" : 157.69,
    "operatingProfitMargin" : 10.92,
    "operatingProfit" : 39.58,
    "netProfitMargin" : 6.85,
    "netProfit" : 24.83
  }, {
    "date" : "2008-06-30",
    "sales" : 396.08,
    "salesGrowthYoY" : 25.84,
    "grossProfitMargin" : 34.63,
    "grossProfit" : 137.16,
    "operatingProfitMargin" : 13.35,
    "operatingProfit" : 52.88,
    "netProfitMargin" : 3.38,
    "netProfit" : 13.39
  }, {
    "date" : "2008-09-30",
    "sales" : 443.30,
    "salesGrowthYoY" : 37.91,
    "grossProfitMargin" : 33.19,
    "grossProfit" : 147.13,
    "operatingProfitMargin" : 11.43,
    "operatingProfit" : 50.67,
    "netProfitMargin" : 3.31,
    "netProfit" : 14.67
  }, {
    "date" : "2008-12-31",
    "sales" : 383.40,
    "salesGrowthYoY" : 13.04,
    "grossProfitMargin" : 40.02,
    "grossProfit" : 153.44,
    "operatingProfitMargin" : 16.91,
    "operatingProfit" : 64.83,
    "netProfitMargin" : 5.14,
    "netProfit" : 19.71
  }, {
    "date" : "2009-03-31",
    "sales" : 388.72,
    "salesGrowthYoY" : 7.26,
    "grossProfitMargin" : 43.50,
    "grossProfit" : 169.09,
    "operatingProfitMargin" : 16.64,
    "operatingProfit" : 64.68,
    "netProfitMargin" : 8.03,
    "netProfit" : 31.21
  }, {
    "date" : "2009-06-30",
    "sales" : 373.56,
    "salesGrowthYoY" : -5.69,
    "grossProfitMargin" : 42.44,
    "grossProfit" : 158.54,
    "operatingProfitMargin" : 16.84,
    "operatingProfit" : 62.91,
    "netProfitMargin" : 4.93,
    "netProfit" : 18.42
  }, {
    "date" : "2009-09-30",
    "sales" : 411.01,
    "salesGrowthYoY" : -7.28,
    "grossProfitMargin" : 36.68,
    "grossProfit" : 150.76,
    "operatingProfitMargin" : 16.10,
    "operatingProfit" : 66.17,
    "netProfitMargin" : 4.50,
    "netProfit" : 18.50
  }, {
    "date" : "2009-12-31",
    "sales" : 414.75,
    "salesGrowthYoY" : 8.18,
    "grossProfitMargin" : 38.51,
    "grossProfit" : 159.72,
    "operatingProfitMargin" : 18.15,
    "operatingProfit" : 75.28,
    "netProfitMargin" : 6.47,
    "netProfit" : 26.83
  }, {
    "date" : "2010-03-31",
    "sales" : 460.68,
    "salesGrowthYoY" : 18.51,
    "grossProfitMargin" : 35.93,
    "grossProfit" : 165.52,
    "operatingProfitMargin" : 16.50,
    "operatingProfit" : 76.01,
    "netProfitMargin" : 5.79,
    "netProfit" : 26.67
  }, {
    "date" : "2010-06-30",
    "sales" : 486.46,
    "salesGrowthYoY" : 30.22,
    "grossProfitMargin" : 37.95,
    "grossProfit" : 184.61,
    "operatingProfitMargin" : 17.77,
    "operatingProfit" : 86.44,
    "netProfitMargin" : 4.96,
    "netProfit" : 24.13
  }, {
    "date" : "2010-09-30",
    "sales" : 568.10,
    "salesGrowthYoY" : 38.22,
    "grossProfitMargin" : 46.69,
    "grossProfit" : 265.25,
    "operatingProfitMargin" : 28.71,
    "operatingProfit" : 163.10,
    "netProfitMargin" : 13.96,
    "netProfit" : 79.31
  }, {
    "date" : "2010-12-31",
    "sales" : 686.83,
    "salesGrowthYoY" : 65.60,
    "grossProfitMargin" : 51.58,
    "grossProfit" : 354.27,
    "operatingProfitMargin" : 31.57,
    "operatingProfit" : 216.83,
    "netProfitMargin" : 15.47,
    "netProfit" : 106.25
  }, {
    "date" : "2011-03-31",
    "sales" : 604.58,
    "salesGrowthYoY" : 31.24,
    "grossProfitMargin" : 42.64,
    "grossProfit" : 257.79,
    "operatingProfitMargin" : 23.02,
    "operatingProfit" : 139.17,
    "netProfitMargin" : 10.48,
    "netProfit" : 63.36
  }, {
    "date" : "2011-06-30",
    "sales" : 769.50,
    "salesGrowthYoY" : 58.18,
    "grossProfitMargin" : 27.56,
    "grossProfit" : 212.07,
    "operatingProfitMargin" : 13.43,
    "operatingProfit" : 103.34,
    "netProfitMargin" : 4.30,
    "netProfit" : 33.09
  }, {
    "date" : "2011-09-30",
    "sales" : 732.81,
    "salesGrowthYoY" : 28.99,
    "grossProfitMargin" : 29.38,
    "grossProfit" : 215.30,
    "operatingProfitMargin" : 13.07,
    "operatingProfit" : 95.78,
    "netProfitMargin" : 5.20,
    "netProfit" : 38.11
  }, {
    "date" : "2011-12-31",
    "sales" : 764.48,
    "salesGrowthYoY" : 11.31,
    "grossProfitMargin" : 28.11,
    "grossProfit" : 214.90,
    "operatingProfitMargin" : 11.91,
    "operatingProfit" : 91.05,
    "netProfitMargin" : 2.37,
    "netProfit" : 18.12
  }, {
    "date" : "2012-03-31",
    "sales" : 811.68,
    "salesGrowthYoY" : 34.26,
    "grossProfitMargin" : 32.42,
    "grossProfit" : 263.15,
    "operatingProfitMargin" : 18.25,
    "operatingProfit" : 148.13,
    "netProfitMargin" : 6.67,
    "netProfit" : 54.14
  }, {
    "date" : "2012-06-30",
    "sales" : 865.11,
    "salesGrowthYoY" : 12.42,
    "grossProfitMargin" : 31.99,
    "grossProfit" : 276.75,
    "operatingProfitMargin" : 15.61,
    "operatingProfit" : 135.04,
    "netProfitMargin" : 4.76,
    "netProfit" : 41.18
  }, {
    "date" : "2012-09-30",
    "sales" : 792.26,
    "salesGrowthYoY" : 8.11,
    "grossProfitMargin" : 33.11,
    "grossProfit" : 262.32,
    "operatingProfitMargin" : 17.45,
    "operatingProfit" : 138.25,
    "netProfitMargin" : 5.80,
    "netProfit" : 45.95
  }, {
    "date" : "2012-12-31",
    "sales" : 796.48,
    "salesGrowthYoY" : 4.19,
    "grossProfitMargin" : 31.82,
    "grossProfit" : 253.44,
    "operatingProfitMargin" : 13.61,
    "operatingProfit" : 108.40,
    "netProfitMargin" : 2.37,
    "netProfit" : 18.88
  }, {
    "date" : "2013-03-31",
    "sales" : 702.51,
    "salesGrowthYoY" : -13.45,
    "grossProfitMargin" : 30.19,
    "grossProfit" : 212.09,
    "operatingProfitMargin" : 12.97,
    "operatingProfit" : 91.12,
    "netProfitMargin" : 4.63,
    "netProfit" : 32.53
  }, {
    "date" : "2013-06-30",
    "sales" : 781.56,
    "salesGrowthYoY" : -9.66,
    "grossProfitMargin" : 29.35,
    "grossProfit" : 229.39,
    "operatingProfitMargin" : 13.57,
    "operatingProfit" : 106.06,
    "netProfitMargin" : 3.13,
    "netProfit" : 24.46
  }, {
    "date" : "2013-09-30",
    "sales" : 822.38,
    "salesGrowthYoY" : 3.80,
    "grossProfitMargin" : 28.25,
    "grossProfit" : 232.32,
    "operatingProfitMargin" : 11.60,
    "operatingProfit" : 95.40,
    "netProfitMargin" : 2.43,
    "netProfit" : 19.98
  }, {
    "date" : "2013-12-31",
    "sales" : 760.87,
    "salesGrowthYoY" : -4.47,
    "grossProfitMargin" : 30.05,
    "grossProfit" : 228.64,
    "operatingProfitMargin" : 11.08,
    "operatingProfit" : 84.30,
    "netProfitMargin" : 5.36,
    "netProfit" : 40.78
  }, {
    "date" : "2014-03-31",
    "sales" : 814.46,
    "salesGrowthYoY" : 15.94,
    "grossProfitMargin" : 32.70,
    "grossProfit" : 266.33,
    "operatingProfitMargin" : 12.98,
    "operatingProfit" : 105.72,
    "netProfitMargin" : 5.42,
    "netProfit" : 44.14
  }, {
    "date" : "2014-06-30",
    "sales" : 825.84,
    "salesGrowthYoY" : 5.67,
    "grossProfitMargin" : 29.27,
    "grossProfit" : 241.72,
    "operatingProfitMargin" : 11.88,
    "operatingProfit" : 98.11,
    "netProfitMargin" : 3.06,
    "netProfit" : 25.27
  }, {
    "date" : "2014-09-30",
    "sales" : 918.93,
    "salesGrowthYoY" : 11.74,
    "grossProfitMargin" : 30.15,
    "grossProfit" : 277.06,
    "operatingProfitMargin" : 11.97,
    "operatingProfit" : 110.00,
    "netProfitMargin" : 4.95,
    "netProfit" : 45.49
  }, {
    "date" : "2014-12-31",
    "sales" : 801.51,
    "salesGrowthYoY" : 5.34,
    "grossProfitMargin" : 30.21,
    "grossProfit" : 242.14,
    "operatingProfitMargin" : 9.73,
    "operatingProfit" : 77.99,
    "netProfitMargin" : 3.25,
    "netProfit" : 26.05
  }, {
    "date" : "2015-03-31",
    "sales" : 780.89,
    "salesGrowthYoY" : -4.12,
    "grossProfitMargin" : 33.09,
    "grossProfit" : 258.40,
    "operatingProfitMargin" : 11.34,
    "operatingProfit" : 88.55,
    "netProfitMargin" : 5.79,
    "netProfit" : 45.21
  }, {
    "date" : "2015-06-30",
    "sales" : 905.32,
    "salesGrowthYoY" : 9.62,
    "grossProfitMargin" : 32.90,
    "grossProfit" : 297.85,
    "operatingProfitMargin" : 13.60,
    "operatingProfit" : 123.12,
    "netProfitMargin" : 4.43,
    "netProfit" : 40.11
  }, {
    "date" : "2015-09-30",
    "sales" : 876.89,
    "salesGrowthYoY" : -4.57,
    "grossProfitMargin" : 32.25,
    "grossProfit" : 282.80,
    "operatingProfitMargin" : 12.79,
    "operatingProfit" : 112.15,
    "netProfitMargin" : 5.80,
    "netProfit" : 50.86
  }, {
    "date" : "2015-12-31",
    "sales" : 881.44,
    "salesGrowthYoY" : 9.97,
    "grossProfitMargin" : 33.65,
    "grossProfit" : 296.60,
    "operatingProfitMargin" : 12.28,
    "operatingProfit" : 108.24,
    "netProfitMargin" : 5.72,
    "netProfit" : 50.42
  }, {
    "date" : "2016-03-31",
    "sales" : 888.51,
    "salesGrowthYoY" : 13.78,
    "grossProfitMargin" : 43.98,
    "grossProfit" : 390.77,
    "operatingProfitMargin" : 14.31,
    "operatingProfit" : 127.15,
    "netProfitMargin" : 6.52,
    "netProfit" : 57.93
  }, {
    "date" : "2016-06-30",
    "sales" : 850.76,
    "salesGrowthYoY" : -6.03,
    "grossProfitMargin" : 36.49,
    "grossProfit" : 310.44,
    "operatingProfitMargin" : 14.65,
    "operatingProfit" : 124.64,
    "netProfitMargin" : 5.47,
    "netProfit" : 46.54
  }, {
    "date" : "2016-09-30",
    "sales" : 934.03,
    "salesGrowthYoY" : 6.52,
    "grossProfitMargin" : 35.50,
    "grossProfit" : 331.58,
    "operatingProfitMargin" : 14.91,
    "operatingProfit" : 139.26,
    "netProfitMargin" : 6.40,
    "netProfit" : 59.78
  }, {
    "date" : "2016-12-31",
    "sales" : 859.91,
    "salesGrowthYoY" : -2.44,
    "grossProfitMargin" : 36.37,
    "grossProfit" : 312.75,
    "operatingProfitMargin" : 14.34,
    "operatingProfit" : 123.31,
    "netProfitMargin" : 4.64,
    "netProfit" : 39.90
  }, {
    "date" : "2017-03-31",
    "sales" : 897.32,
    "salesGrowthYoY" : 0.99,
    "grossProfitMargin" : 37.10,
    "grossProfit" : 332.91,
    "operatingProfitMargin" : 11.83,
    "operatingProfit" : 106.15,
    "netProfitMargin" : 5.27,
    "netProfit" : 47.29
  }, {
    "date" : "2017-06-30",
    "sales" : 927.81,
    "salesGrowthYoY" : 9.06,
    "grossProfitMargin" : 34.59,
    "grossProfit" : 320.93,
    "operatingProfitMargin" : 13.22,
    "operatingProfit" : 122.66,
    "netProfitMargin" : 4.56,
    "netProfit" : 42.31
  }, {
    "date" : "2017-09-30",
    "sales" : 900.58,
    "salesGrowthYoY" : -3.58,
    "grossProfitMargin" : 33.81,
    "grossProfit" : 304.49,
    "operatingProfitMargin" : 13.14,
    "operatingProfit" : 118.34,
    "netProfitMargin" : 4.11,
    "netProfit" : 37.01
  }, {
    "date" : "2017-12-31",
    "sales" : 970.86,
    "salesGrowthYoY" : 12.90,
    "grossProfitMargin" : 32.86,
    "grossProfit" : 319.02,
    "operatingProfitMargin" : 11.31,
    "operatingProfit" : 109.80,
    "netProfitMargin" : 1.05,
    "netProfit" : 10.19
  }, {
    "date" : "2018-03-31",
    "sales" : 988.44,
    "salesGrowthYoY" : 10.15,
    "grossProfitMargin" : 33.01,
    "grossProfit" : 326.28,
    "operatingProfitMargin" : 11.03,
    "operatingProfit" : 109.02,
    "netProfitMargin" : 1.15,
    "netProfit" : 11.37
  }, {
    "date" : "2018-06-30",
    "sales" : 1022.15,
    "salesGrowthYoY" : 10.17,
    "grossProfitMargin" : 31.60,
    "grossProfit" : 323.00,
    "operatingProfitMargin" : 11.03,
    "operatingProfit" : 112.74,
    "netProfitMargin" : 1.45,
    "netProfit" : 14.82
  }, {
    "date" : "2018-09-30",
    "sales" : 1105.55,
    "salesGrowthYoY" : 22.76,
    "grossProfitMargin" : 30.89,
    "grossProfit" : 341.50,
    "operatingProfitMargin" : 11.21,
    "operatingProfit" : 123.93,
    "netProfitMargin" : 1.70,
    "netProfit" : 18.79
  }, {
    "date" : "2018-12-31",
    "sales" : 1045.12,
    "salesGrowthYoY" : 7.65,
    "grossProfitMargin" : 30.28,
    "grossProfit" : 316.46,
    "operatingProfitMargin" : 10.19,
    "operatingProfit" : 106.50,
    "netProfitMargin" : 0.36,
    "netProfit" : 3.76
  }, {
    "date" : "2019-03-31",
    "sales" : 1048.15,
    "salesGrowthYoY" : 6.04,
    "grossProfitMargin" : 33.46,
    "grossProfit" : 350.71,
    "operatingProfitMargin" : 11.06,
    "operatingProfit" : 115.93,
    "netProfitMargin" : 1.36,
    "netProfit" : 14.25
  }, {
    "date" : "2019-06-30",
    "sales" : 1050.94,
    "salesGrowthYoY" : 2.82,
    "grossProfitMargin" : 33.75,
    "grossProfit" : 354.69,
    "operatingProfitMargin" : 12.22,
    "operatingProfit" : 128.42,
    "netProfitMargin" : 1.33,
    "netProfit" : 13.98
  }, {
    "date" : "2019-09-30",
    "sales" : 1025.77,
    "salesGrowthYoY" : -7.22,
    "grossProfitMargin" : 33.96,
    "grossProfit" : 348.35,
    "operatingProfitMargin" : 12.07,
    "operatingProfit" : 123.81,
    "netProfitMargin" : 1.45,
    "netProfit" : 14.87
  }, {
    "date" : "2019-12-31",
    "sales" : 1032.94,
    "salesGrowthYoY" : -1.17,
    "grossProfitMargin" : 36.10,
    "grossProfit" : 372.89,
    "operatingProfitMargin" : 13.21,
    "operatingProfit" : 136.45,
    "netProfitMargin" : 8.44,
    "netProfit" : 87.18
  }, {
    "date" : "2020-03-31",
    "sales" : 960.06,
    "salesGrowthYoY" : -8.40,
    "grossProfitMargin" : 41.05,
    "grossProfit" : 394.10,
    "operatingProfitMargin" : 15.11,
    "operatingProfit" : 145.07,
    "netProfitMargin" : 2.84,
    "netProfit" : 27.27
  }, {
    "date" : "2020-06-30",
    "sales" : 988.54,
    "salesGrowthYoY" : -5.94,
    "grossProfitMargin" : 37.96,
    "grossProfit" : 375.25,
    "operatingProfitMargin" : 16.46,
    "operatingProfit" : 162.71,
    "netProfitMargin" : 4.16,
    "netProfit" : 41.12
  }, {
    "date" : "2020-09-30",
    "sales" : 1203.35,
    "salesGrowthYoY" : 17.31,
    "grossProfitMargin" : 40.58,
    "grossProfit" : 488.32,
    "operatingProfitMargin" : 16.27,
    "operatingProfit" : 195.79,
    "netProfitMargin" : 5.06,
    "netProfit" : 60.89
  }, {
    "date" : "2020-12-31",
    "sales" : 1199.92,
    "salesGrowthYoY" : 16.17,
    "grossProfitMargin" : 39.53,
    "grossProfit" : 474.33,
    "operatingProfitMargin" : 17.06,
    "operatingProfit" : 204.71,
    "netProfitMargin" : 5.93,
    "netProfit" : 71.16
  }, {
    "date" : "2021-03-31",
    "sales" : 1243.26,
    "salesGrowthYoY" : 29.50,
    "grossProfitMargin" : 33.87,
    "grossProfit" : 421.09,
    "operatingProfitMargin" : 14.67,
    "operatingProfit" : 182.39,
    "netProfitMargin" : 4.61,
    "netProfit" : 57.31
  }, {
    "date" : "2021-06-30",
    "sales" : 1265.05,
    "salesGrowthYoY" : 27.97,
    "grossProfitMargin" : 32.04,
    "grossProfit" : 405.32,
    "operatingProfitMargin" : 12.90,
    "operatingProfit" : 163.19,
    "netProfitMargin" : 4.51,
    "netProfit" : 57.05
  }, {
    "date" : "2021-09-30",
    "sales" : 1313.83,
    "salesGrowthYoY" : 9.18,
    "grossProfitMargin" : 29.00,
    "grossProfit" : 381.01,
    "operatingProfitMargin" : 9.66,
    "operatingProfit" : 126.92,
    "netProfitMargin" : 2.20,
    "netProfit" : 28.90
  }, {
    "date" : "2021-12-31",
    "sales" : 1430.49,
    "salesGrowthYoY" : 19.22,
    "grossProfitMargin" : 31.02,
    "grossProfit" : 443.74,
    "operatingProfitMargin" : 11.35,
    "operatingProfit" : 162.36,
    "netProfitMargin" : 3.71,
    "netProfit" : 53.07
  }, {
    "date" : "2022-03-31",
    "sales" : 1664.41,
    "salesGrowthYoY" : 33.87,
    "grossProfitMargin" : 30.87,
    "grossProfit" : 513.80,
    "operatingProfitMargin" : 10.84,
    "operatingProfit" : 180.42,
    "netProfitMargin" : 5.00,
    "netProfit" : 83.22
  }, {
    "date" : "2022-06-30",
    "sales" : 1689.05,
    "salesGrowthYoY" : 33.52,
    "grossProfitMargin" : 29.68,
    "grossProfit" : 501.31,
    "operatingProfitMargin" : 11.71,
    "operatingProfit" : 197.79,
    "netProfitMargin" : 4.45,
    "netProfit" : 75.16
  }, {
    "date" : "2022-09-30",
    "sales" : 1712.20,
    "salesGrowthYoY" : 30.32,
    "grossProfitMargin" : 27.14,
    "grossProfit" : 464.69,
    "operatingProfitMargin" : 8.46,
    "operatingProfit" : 144.85,
    "netProfitMargin" : 2.13,
    "netProfit" : 36.47
  }, {
    "date" : "2022-12-31",
    "sales" : 1704.88,
    "salesGrowthYoY" : 19.18,
    "grossProfitMargin" : 27.73,
    "grossProfit" : 472.76,
    "operatingProfitMargin" : 9.53,
    "operatingProfit" : 162.48,
    "netProfitMargin" : 2.90,
    "netProfit" : 49.44
  }, {
    "date" : "2023-03-31",
    "sales" : 1672.76,
    "salesGrowthYoY" : 0.50,
    "grossProfitMargin" : 31.80,
    "grossProfit" : 531.94,
    "operatingProfitMargin" : 13.05,
    "operatingProfit" : 218.30,
    "netProfitMargin" : 4.94,
    "netProfit" : 82.63
  }, {
    "date" : "2023-06-30",
    "sales" : 1663.26,
    "salesGrowthYoY" : -1.53,
    "grossProfitMargin" : 30.94,
    "grossProfit" : 514.61,
    "operatingProfitMargin" : 11.88,
    "operatingProfit" : 197.60,
    "netProfitMargin" : 3.31,
    "netProfit" : 55.05
  }, {
    "date" : "2023-09-30",
    "sales" : 1641.06,
    "salesGrowthYoY" : -4.15,
    "grossProfitMargin" : 29.63,
    "grossProfit" : 486.25,
    "operatingProfitMargin" : 9.67,
    "operatingProfit" : 158.69,
    "netProfitMargin" : 1.27,
    "netProfit" : 20.84
  }, {
    "date" : "2023-12-31",
    "sales" : 1648.67,
    "salesGrowthYoY" : -3.30,
    "grossProfitMargin" : 31.25,
    "grossProfit" : 515.21,
    "operatingProfitMargin" : 9.78,
    "operatingProfit" : 161.24,
    "netProfitMargin" : 1.44,
    "netProfit" : 23.74
  }, {
    "date" : "2024-03-31",
    "sales" : 1657.24,
    "salesGrowthYoY" : -0.93,
    "grossProfitMargin" : 33.74,
    "grossProfit" : 559.15,
    "operatingProfitMargin" : 12.75,
    "operatingProfit" : 211.30,
    "netProfitMargin" : 3.70,
    "netProfit" : 61.32
  }, {
    "date" : "2024-06-30",
    "sales" : 1860.14,
    "salesGrowthYoY" : 11.84,
    "grossProfitMargin" : 30.35,
    "grossProfit" : 564.55,
    "operatingProfitMargin" : 11.25,
    "operatingProfit" : 209.27,
    "netProfitMargin" : 2.57,
    "netProfit" : 47.81
  }, {
    "date" : "2024-09-30",
    "sales" : 1955.51,
    "salesGrowthYoY" : 19.16,
    "grossProfitMargin" : 30.61,
    "grossProfit" : 598.58,
    "operatingProfitMargin" : 10.32,
    "operatingProfit" : 201.81,
    "netProfitMargin" : 1.93,
    "netProfit" : 37.74
  }, {
    "date" : "2024-12-31",
    "sales" : 1938.99,
    "salesGrowthYoY" : 17.61,
    "grossProfitMargin" : 32.06,
    "grossProfit" : 621.64,
    "operatingProfitMargin" : 12.27,
    "operatingProfit" : 237.91,
    "netProfitMargin" : 2.98,
    "netProfit" : 57.78
  }, {
    "date" : "2025-03-31",
    "sales" : 1970.10,
    "salesGrowthYoY" : 18.88,
    "grossProfitMargin" : 31.09,
    "grossProfit" : 612.50,
    "operatingProfitMargin" : 9.89,
    "operatingProfit" : 194.84,
    "netProfitMargin" : 3.61,
    "netProfit" : 71.12
  }, {
    "date" : "2025-06-30",
    "sales" : 2058.01,
    "salesGrowthYoY" : 10.64,
    "grossProfitMargin" : 30.00,
    "grossProfit" : 617.40,
    "operatingProfitMargin" : 11.22,
    "operatingProfit" : 230.91,
    "netProfitMargin" : 2.78,
    "netProfit" : 57.21
  }, {
    "date" : "2025-09-30",
    "sales" : 1932.64,
    "salesGrowthYoY" : -1.17,
    "grossProfitMargin" : 29.62,
    "grossProfit" : 572.45,
    "operatingProfitMargin" : 8.80,
    "operatingProfit" : 170.07,
    "netProfitMargin" : 1.15,
    "netProfit" : 22.23
  } ],
  "latestQuarterlyResult" : {
    "date" : "2025-09-30",
    "sales" : 1932.64,
    "salesGrowthYoY" : -1.17,
    "grossProfitMargin" : 29.62,
    "grossProfit" : 572.45,
    "operatingProfitMargin" : 8.80,
    "operatingProfit" : 170.07,
    "netProfitMargin" : 1.15,
    "netProfit" : 22.23
  },
  "companyScore" : {
    "priceHigherThanDma50" : 0.00,
    "priceHigherThanDma100" : 0.00,
    "priceHigherThanDma200" : 0.00,
    "dma50HigherThanDma100" : 0.00,
    "dma50HigherThanDma200" : 0.00,
    "dma100HigherThanDma200" : 0.00,
    "pricePercentageAboveDma50" : 5.01,
    "pricePercentageAboveDma100" : 5.27,
    "pricePercentageAboveDma200" : 5.33,
    "weeklyVolumeHigherThanYearlyVolume" : 0.00,
    "salesGrowthPercentile" : 4.56,
    "operatingProfitMarginPercentile" : 0.48,
    "netProfitMarginPercentile" : 0.60,
    "totalTechnicalScore" : 15.60,
    "totalFundamentalScore" : 5.64,
    "totalScore" : 21.24
  }
}