{
  "metadata" : {
    "screenerCompanyId" : "3525",
    "companyCode" : "ULTRACEMCO",
    "companyName" : "UltraTech Cem.",
    "screenerCompanyLink" : "https://www.screener.in/company/ULTRACEMCO",
    "screenerTechnicalHistoryLink" : "https://www.screener.in/api/company/3525/chart/?q=Price-DMA50-DMA200-Volume&days=365",
    "screenerQuarterlyResultsLink" : "https://www.screener.in/api/company/3525/chart/?q=GPM-OPM-NPM-Quarter+Sales&days=10000",
    "attributes" : {
      "companyCode" : "ULTRACEMCO",
      "companyName" : "UltraTech Cem.",
      "marketCap" : 341345.00,
      "peRatio" : 46.80,
      "description" : "UltraTech Cement is engaged in the manufacturing and sale of Cement and Cement related product primarily across globe.[1]"
    },
    "companyScore" : {
      "priceHigherThanDma50" : 0.00,
      "priceHigherThanDma100" : 0.00,
      "priceHigherThanDma200" : 0.00,
      "dma50HigherThanDma100" : 0.00,
      "dma50HigherThanDma200" : 5.00,
      "dma100HigherThanDma200" : 5.00,
      "pricePercentageAboveDma50" : 5.20,
      "pricePercentageAboveDma100" : 5.30,
      "pricePercentageAboveDma200" : 5.13,
      "weeklyVolumeHigherThanYearlyVolume" : 0.00,
      "salesGrowthPercentile" : 9.87,
      "operatingProfitMarginPercentile" : 6.68,
      "netProfitMarginPercentile" : 2.12,
      "totalTechnicalScore" : 25.62,
      "totalFundamentalScore" : 18.67,
      "totalScore" : 44.29
    }
  },
  "attributes" : {
    "companyCode" : "ULTRACEMCO",
    "companyName" : "UltraTech Cem.",
    "marketCap" : 341345.00,
    "peRatio" : 46.80,
    "description" : "UltraTech Cement is engaged in the manufacturing and sale of Cement and Cement related product primarily across globe.[1]"
  },
  "technicalHistory" : [ {
    "date" : "2024-11-25",
    "price" : 11457.45,
    "dma50" : 11180.17,
    "dma100" : null,
    "dma200" : 10705.81,
    "volume" : 475980.00
  }, {
    "date" : "2024-11-26",
    "price" : 11121.05,
    "dma50" : 11177.85,
    "dma100" : null,
    "dma200" : 10709.94,
    "volume" : 249751.00
  }, {
    "date" : "2024-11-27",
    "price" : 11139.90,
    "dma50" : 11176.36,
    "dma100" : null,
    "dma200" : 10714.22,
    "volume" : 335040.00
  }, {
    "date" : "2024-11-28",
    "price" : 10997.80,
    "dma50" : 11169.36,
    "dma100" : null,
    "dma200" : 10717.04,
    "volume" : 330559.00
  }, {
    "date" : "2024-11-29",
    "price" : 11202.15,
    "dma50" : 11170.64,
    "dma100" : null,
    "dma200" : 10721.87,
    "volume" : 379567.00
  }, {
    "date" : "2024-12-02",
    "price" : 11648.55,
    "dma50" : 11189.38,
    "dma100" : null,
    "dma200" : 10731.09,
    "volume" : 644955.00
  }, {
    "date" : "2024-12-03",
    "price" : 11852.35,
    "dma50" : 11215.38,
    "dma100" : null,
    "dma200" : 10742.25,
    "volume" : 508934.00
  }, {
    "date" : "2024-12-04",
    "price" : 11766.80,
    "dma50" : 11237.01,
    "dma100" : null,
    "dma200" : 10752.44,
    "volume" : 310192.00
  }, {
    "date" : "2024-12-05",
    "price" : 11932.80,
    "dma50" : 11264.29,
    "dma100" : null,
    "dma200" : 10764.19,
    "volume" : 446040.00
  }, {
    "date" : "2024-12-06",
    "price" : 11848.50,
    "dma50" : 11287.20,
    "dma100" : null,
    "dma200" : 10774.98,
    "volume" : 197719.00
  }, {
    "date" : "2024-12-09",
    "price" : 11814.80,
    "dma50" : 11307.89,
    "dma100" : null,
    "dma200" : 10785.32,
    "volume" : 272827.00
  }, {
    "date" : "2024-12-10",
    "price" : 11745.80,
    "dma50" : 11325.07,
    "dma100" : null,
    "dma200" : 10794.88,
    "volume" : 234806.00
  }, {
    "date" : "2024-12-11",
    "price" : 11898.50,
    "dma50" : 11347.55,
    "dma100" : null,
    "dma200" : 10805.86,
    "volume" : 563515.00
  }, {
    "date" : "2024-12-12",
    "price" : 11856.95,
    "dma50" : 11367.53,
    "dma100" : null,
    "dma200" : 10816.32,
    "volume" : 254555.00
  }, {
    "date" : "2024-12-13",
    "price" : 12083.90,
    "dma50" : 11395.62,
    "dma100" : null,
    "dma200" : 10828.93,
    "volume" : 417430.00
  }, {
    "date" : "2024-12-16",
    "price" : 11942.50,
    "dma50" : 11417.07,
    "dma100" : null,
    "dma200" : 10840.01,
    "volume" : 220366.00
  }, {
    "date" : "2024-12-17",
    "price" : 11774.95,
    "dma50" : 11431.10,
    "dma100" : null,
    "dma200" : 10849.31,
    "volume" : 248275.00
  }, {
    "date" : "2024-12-18",
    "price" : 11763.95,
    "dma50" : 11444.16,
    "dma100" : null,
    "dma200" : 10858.42,
    "volume" : 231141.00
  }, {
    "date" : "2024-12-19",
    "price" : 11670.80,
    "dma50" : 11453.04,
    "dma100" : null,
    "dma200" : 10866.50,
    "volume" : 171037.00
  }, {
    "date" : "2024-12-20",
    "price" : 11422.80,
    "dma50" : 11451.86,
    "dma100" : null,
    "dma200" : 10872.03,
    "volume" : 304047.00
  }, {
    "date" : "2024-12-23",
    "price" : 11472.60,
    "dma50" : 11452.67,
    "dma100" : null,
    "dma200" : 10878.01,
    "volume" : 151843.00
  }, {
    "date" : "2024-12-24",
    "price" : 11390.35,
    "dma50" : 11450.23,
    "dma100" : null,
    "dma200" : 10883.11,
    "volume" : 111223.00
  }, {
    "date" : "2024-12-26",
    "price" : 11460.65,
    "dma50" : 11450.64,
    "dma100" : null,
    "dma200" : 10888.85,
    "volume" : 172723.00
  }, {
    "date" : "2024-12-27",
    "price" : 11406.55,
    "dma50" : 11448.91,
    "dma100" : null,
    "dma200" : 10894.01,
    "volume" : 122534.00
  }, {
    "date" : "2024-12-30",
    "price" : 11288.35,
    "dma50" : 11442.61,
    "dma100" : null,
    "dma200" : 10897.93,
    "volume" : 166135.00
  }, {
    "date" : "2024-12-31",
    "price" : 11426.35,
    "dma50" : 11441.97,
    "dma100" : null,
    "dma200" : 10903.19,
    "volume" : 243558.00
  }, {
    "date" : "2025-01-01",
    "price" : 11447.00,
    "dma50" : 11442.17,
    "dma100" : null,
    "dma200" : 10908.60,
    "volume" : 109039.00
  }, {
    "date" : "2025-01-02",
    "price" : 11797.70,
    "dma50" : 11456.11,
    "dma100" : null,
    "dma200" : 10917.45,
    "volume" : 271940.00
  }, {
    "date" : "2025-01-03",
    "price" : 11786.00,
    "dma50" : 11469.05,
    "dma100" : null,
    "dma200" : 10926.09,
    "volume" : 243528.00
  }, {
    "date" : "2025-01-06",
    "price" : 11503.60,
    "dma50" : 11470.40,
    "dma100" : null,
    "dma200" : 10931.83,
    "volume" : 142914.00
  }, {
    "date" : "2025-01-07",
    "price" : 11618.55,
    "dma50" : 11476.21,
    "dma100" : null,
    "dma200" : 10938.67,
    "volume" : 199938.00
  }, {
    "date" : "2025-01-08",
    "price" : 11403.55,
    "dma50" : 11473.36,
    "dma100" : null,
    "dma200" : 10943.29,
    "volume" : 161921.00
  }, {
    "date" : "2025-01-09",
    "price" : 11259.80,
    "dma50" : 11464.99,
    "dma100" : null,
    "dma200" : 10946.44,
    "volume" : 197944.00
  }, {
    "date" : "2025-01-10",
    "price" : 10865.20,
    "dma50" : 11441.47,
    "dma100" : null,
    "dma200" : 10945.63,
    "volume" : 231967.00
  }, {
    "date" : "2025-01-13",
    "price" : 10615.15,
    "dma50" : 11409.06,
    "dma100" : null,
    "dma200" : 10942.35,
    "volume" : 228846.00
  }, {
    "date" : "2025-01-14",
    "price" : 10483.75,
    "dma50" : 11372.78,
    "dma100" : null,
    "dma200" : 10937.78,
    "volume" : 356049.00
  }, {
    "date" : "2025-01-15",
    "price" : 10521.65,
    "dma50" : 11339.40,
    "dma100" : null,
    "dma200" : 10933.64,
    "volume" : 378190.00
  }, {
    "date" : "2025-01-16",
    "price" : 10636.20,
    "dma50" : 11311.82,
    "dma100" : null,
    "dma200" : 10930.68,
    "volume" : 439174.00
  }, {
    "date" : "2025-01-17",
    "price" : 10580.00,
    "dma50" : 11283.12,
    "dma100" : null,
    "dma200" : 10927.19,
    "volume" : 301131.00
  }, {
    "date" : "2025-01-20",
    "price" : 10624.45,
    "dma50" : 11257.29,
    "dma100" : null,
    "dma200" : 10924.18,
    "volume" : 334188.00
  }, {
    "date" : "2025-01-21",
    "price" : 10667.80,
    "dma50" : 11234.18,
    "dma100" : null,
    "dma200" : 10921.63,
    "volume" : 623783.00
  }, {
    "date" : "2025-01-22",
    "price" : 10693.75,
    "dma50" : 11212.98,
    "dma100" : null,
    "dma200" : 10919.36,
    "volume" : 250852.00
  }, {
    "date" : "2025-01-23",
    "price" : 11420.90,
    "dma50" : 11221.14,
    "dma100" : null,
    "dma200" : 10924.35,
    "volume" : 1541688.00
  }, {
    "date" : "2025-01-24",
    "price" : 11285.85,
    "dma50" : 11223.67,
    "dma100" : null,
    "dma200" : 10927.95,
    "volume" : 566619.00
  }, {
    "date" : "2025-01-27",
    "price" : 11239.50,
    "dma50" : 11224.30,
    "dma100" : null,
    "dma200" : 10931.05,
    "volume" : 419875.00
  }, {
    "date" : "2025-01-28",
    "price" : 11296.35,
    "dma50" : 11227.12,
    "dma100" : null,
    "dma200" : 10934.68,
    "volume" : 444054.00
  }, {
    "date" : "2025-01-29",
    "price" : 11544.85,
    "dma50" : 11239.58,
    "dma100" : null,
    "dma200" : 10940.76,
    "volume" : 381207.00
  }, {
    "date" : "2025-01-30",
    "price" : 11479.40,
    "dma50" : 11248.99,
    "dma100" : null,
    "dma200" : 10946.12,
    "volume" : 280341.00
  }, {
    "date" : "2025-01-31",
    "price" : 11487.45,
    "dma50" : 11258.34,
    "dma100" : null,
    "dma200" : 10951.50,
    "volume" : 365947.00
  }, {
    "date" : "2025-02-01",
    "price" : 11259.15,
    "dma50" : 11258.37,
    "dma100" : null,
    "dma200" : 10954.56,
    "volume" : 531615.00
  }, {
    "date" : "2025-02-03",
    "price" : 11174.65,
    "dma50" : 11255.09,
    "dma100" : null,
    "dma200" : 10956.75,
    "volume" : 456893.00
  }, {
    "date" : "2025-02-04",
    "price" : 11519.15,
    "dma50" : 11265.44,
    "dma100" : null,
    "dma200" : 10962.35,
    "volume" : 319745.00
  }, {
    "date" : "2025-02-05",
    "price" : 11585.70,
    "dma50" : 11278.00,
    "dma100" : null,
    "dma200" : 10968.55,
    "volume" : 240868.00
  }, {
    "date" : "2025-02-06",
    "price" : 11477.35,
    "dma50" : 11285.82,
    "dma100" : null,
    "dma200" : 10973.61,
    "volume" : 312298.00
  }, {
    "date" : "2025-02-07",
    "price" : 11640.60,
    "dma50" : 11299.73,
    "dma100" : null,
    "dma200" : 10980.25,
    "volume" : 317006.00
  }, {
    "date" : "2025-02-10",
    "price" : 11532.30,
    "dma50" : 11308.85,
    "dma100" : null,
    "dma200" : 10985.74,
    "volume" : 265561.00
  }, {
    "date" : "2025-02-11",
    "price" : 11300.20,
    "dma50" : 11308.51,
    "dma100" : null,
    "dma200" : 10988.87,
    "volume" : 307198.00
  }, {
    "date" : "2025-02-12",
    "price" : 11478.50,
    "dma50" : 11315.18,
    "dma100" : null,
    "dma200" : 10993.74,
    "volume" : 353515.00
  }, {
    "date" : "2025-02-13",
    "price" : 11546.45,
    "dma50" : 11324.25,
    "dma100" : null,
    "dma200" : 10999.24,
    "volume" : 339207.00
  }, {
    "date" : "2025-02-14",
    "price" : 11263.85,
    "dma50" : 11321.88,
    "dma100" : null,
    "dma200" : 11001.88,
    "volume" : 283356.00
  }, {
    "date" : "2025-02-17",
    "price" : 11490.10,
    "dma50" : 11328.48,
    "dma100" : null,
    "dma200" : 11006.73,
    "volume" : 171393.00
  }, {
    "date" : "2025-02-18",
    "price" : 11308.90,
    "dma50" : 11327.71,
    "dma100" : null,
    "dma200" : 11009.74,
    "volume" : 272547.00
  }, {
    "date" : "2025-02-19",
    "price" : 11291.55,
    "dma50" : 11326.29,
    "dma100" : null,
    "dma200" : 11012.55,
    "volume" : 159272.00
  }, {
    "date" : "2025-02-20",
    "price" : 11287.60,
    "dma50" : 11324.77,
    "dma100" : null,
    "dma200" : 11015.28,
    "volume" : 156113.00
  }, {
    "date" : "2025-02-21",
    "price" : 11157.25,
    "dma50" : 11318.20,
    "dma100" : null,
    "dma200" : 11016.69,
    "volume" : 327266.00
  }, {
    "date" : "2025-02-24",
    "price" : 11042.65,
    "dma50" : 11307.40,
    "dma100" : null,
    "dma200" : 11016.95,
    "volume" : 181004.00
  }, {
    "date" : "2025-02-25",
    "price" : 10964.15,
    "dma50" : 11293.94,
    "dma100" : null,
    "dma200" : 11016.43,
    "volume" : 307264.00
  }, {
    "date" : "2025-02-27",
    "price" : 10447.65,
    "dma50" : 11260.75,
    "dma100" : null,
    "dma200" : 11010.77,
    "volume" : 1933080.00
  }, {
    "date" : "2025-02-28",
    "price" : 10128.45,
    "dma50" : 11216.35,
    "dma100" : null,
    "dma200" : 11001.99,
    "volume" : 1237729.00
  }, {
    "date" : "2025-03-03",
    "price" : 10340.80,
    "dma50" : 11182.01,
    "dma100" : null,
    "dma200" : 10995.41,
    "volume" : 847302.00
  }, {
    "date" : "2025-03-04",
    "price" : 10370.10,
    "dma50" : 11150.17,
    "dma100" : null,
    "dma200" : 10989.19,
    "volume" : 358719.00
  }, {
    "date" : "2025-03-05",
    "price" : 10464.20,
    "dma50" : 11123.27,
    "dma100" : null,
    "dma200" : 10983.96,
    "volume" : 315898.00
  }, {
    "date" : "2025-03-06",
    "price" : 10493.50,
    "dma50" : 11098.57,
    "dma100" : null,
    "dma200" : 10979.08,
    "volume" : 369510.00
  }, {
    "date" : "2025-03-07",
    "price" : 10582.40,
    "dma50" : 11078.33,
    "dma100" : null,
    "dma200" : 10975.14,
    "volume" : 308485.00
  }, {
    "date" : "2025-03-10",
    "price" : 10520.10,
    "dma50" : 11056.44,
    "dma100" : null,
    "dma200" : 10970.61,
    "volume" : 168723.00
  }, {
    "date" : "2025-03-11",
    "price" : 10439.25,
    "dma50" : 11032.24,
    "dma100" : null,
    "dma200" : 10965.32,
    "volume" : 184893.00
  }, {
    "date" : "2025-03-12",
    "price" : 10520.40,
    "dma50" : 11012.16,
    "dma100" : null,
    "dma200" : 10960.89,
    "volume" : 307415.00
  }, {
    "date" : "2025-03-13",
    "price" : 10452.10,
    "dma50" : 10990.20,
    "dma100" : null,
    "dma200" : 10955.83,
    "volume" : 220545.00
  }, {
    "date" : "2025-03-17",
    "price" : 10547.10,
    "dma50" : 10972.82,
    "dma100" : null,
    "dma200" : 10951.77,
    "volume" : 226864.00
  }, {
    "date" : "2025-03-18",
    "price" : 10698.10,
    "dma50" : 10962.05,
    "dma100" : null,
    "dma200" : 10949.24,
    "volume" : 359344.00
  }, {
    "date" : "2025-03-19",
    "price" : 10933.25,
    "dma50" : 10960.92,
    "dma100" : null,
    "dma200" : 10949.08,
    "volume" : 278373.00
  }, {
    "date" : "2025-03-20",
    "price" : 10948.15,
    "dma50" : 10960.42,
    "dma100" : null,
    "dma200" : 10949.07,
    "volume" : 562316.00
  }, {
    "date" : "2025-03-21",
    "price" : 10976.75,
    "dma50" : 10961.06,
    "dma100" : null,
    "dma200" : 10949.35,
    "volume" : 680743.00
  }, {
    "date" : "2025-03-24",
    "price" : 11051.20,
    "dma50" : 10964.60,
    "dma100" : null,
    "dma200" : 10950.36,
    "volume" : 299760.00
  }, {
    "date" : "2025-03-25",
    "price" : 11421.20,
    "dma50" : 10982.50,
    "dma100" : null,
    "dma200" : 10955.05,
    "volume" : 800992.00
  }, {
    "date" : "2025-03-26",
    "price" : 11402.10,
    "dma50" : 10998.96,
    "dma100" : null,
    "dma200" : 10959.50,
    "volume" : 406992.00
  }, {
    "date" : "2025-03-27",
    "price" : 11599.60,
    "dma50" : 11022.51,
    "dma100" : null,
    "dma200" : 10965.86,
    "volume" : 409804.00
  }, {
    "date" : "2025-03-28",
    "price" : 11509.55,
    "dma50" : 11041.61,
    "dma100" : null,
    "dma200" : 10971.27,
    "volume" : 288674.00
  }, {
    "date" : "2025-04-01",
    "price" : 11378.65,
    "dma50" : 11054.83,
    "dma100" : null,
    "dma200" : 10975.33,
    "volume" : 271593.00
  }, {
    "date" : "2025-04-02",
    "price" : 11250.95,
    "dma50" : 11062.52,
    "dma100" : null,
    "dma200" : 10978.07,
    "volume" : 382718.00
  }, {
    "date" : "2025-04-03",
    "price" : 11606.60,
    "dma50" : 11083.86,
    "dma100" : null,
    "dma200" : 10984.32,
    "volume" : 368378.00
  }, {
    "date" : "2025-04-04",
    "price" : 11498.65,
    "dma50" : 11100.12,
    "dma100" : null,
    "dma200" : 10989.44,
    "volume" : 228784.00
  }, {
    "date" : "2025-04-07",
    "price" : 11191.60,
    "dma50" : 11103.71,
    "dma100" : null,
    "dma200" : 10991.45,
    "volume" : 489713.00
  }, {
    "date" : "2025-04-08",
    "price" : 11270.45,
    "dma50" : 11110.25,
    "dma100" : null,
    "dma200" : 10994.23,
    "volume" : 678145.00
  }, {
    "date" : "2025-04-09",
    "price" : 11397.05,
    "dma50" : 11121.50,
    "dma100" : null,
    "dma200" : 10998.24,
    "volume" : 234124.00
  }, {
    "date" : "2025-04-11",
    "price" : 11502.65,
    "dma50" : 11136.44,
    "dma100" : null,
    "dma200" : 11003.26,
    "volume" : 355643.00
  }, {
    "date" : "2025-04-15",
    "price" : 11719.00,
    "dma50" : 11159.29,
    "dma100" : null,
    "dma200" : 11010.38,
    "volume" : 356571.00
  }, {
    "date" : "2025-04-16",
    "price" : 11728.00,
    "dma50" : 11181.59,
    "dma100" : null,
    "dma200" : 11017.52,
    "volume" : 270022.00
  }, {
    "date" : "2025-04-17",
    "price" : 11901.00,
    "dma50" : 11209.80,
    "dma100" : null,
    "dma200" : 11026.31,
    "volume" : 294259.00
  }, {
    "date" : "2025-04-21",
    "price" : 11934.00,
    "dma50" : 11238.20,
    "dma100" : null,
    "dma200" : 11035.34,
    "volume" : 237295.00
  }, {
    "date" : "2025-04-22",
    "price" : 11959.00,
    "dma50" : 11266.47,
    "dma100" : 11266.92,
    "dma200" : 11044.53,
    "volume" : 338346.00
  }, {
    "date" : "2025-04-23",
    "price" : 11949.00,
    "dma50" : 11293.23,
    "dma100" : 11275.20,
    "dma200" : 11053.53,
    "volume" : 271821.00
  }, {
    "date" : "2025-04-24",
    "price" : 12159.00,
    "dma50" : 11327.19,
    "dma100" : 11285.39,
    "dma200" : 11064.53,
    "volume" : 345237.00
  }, {
    "date" : "2025-04-25",
    "price" : 12237.00,
    "dma50" : 11362.87,
    "dma100" : 11297.78,
    "dma200" : 11076.20,
    "volume" : 423004.00
  }, {
    "date" : "2025-04-28",
    "price" : 12114.00,
    "dma50" : 11392.32,
    "dma100" : 11306.90,
    "dma200" : 11086.52,
    "volume" : 522823.00
  }, {
    "date" : "2025-04-29",
    "price" : 11869.00,
    "dma50" : 11411.01,
    "dma100" : 11309.10,
    "dma200" : 11094.31,
    "volume" : 527642.00
  }, {
    "date" : "2025-04-30",
    "price" : 11641.00,
    "dma50" : 11420.03,
    "dma100" : 11306.99,
    "dma200" : 11099.75,
    "volume" : 635958.00
  }, {
    "date" : "2025-05-02",
    "price" : 11644.00,
    "dma50" : 11428.82,
    "dma100" : 11305.76,
    "dma200" : 11105.17,
    "volume" : 258078.00
  }, {
    "date" : "2025-05-05",
    "price" : 11670.00,
    "dma50" : 11438.28,
    "dma100" : 11303.13,
    "dma200" : 11110.79,
    "volume" : 148228.00
  }, {
    "date" : "2025-05-06",
    "price" : 11693.00,
    "dma50" : 11448.26,
    "dma100" : 11301.58,
    "dma200" : 11116.58,
    "volume" : 275266.00
  }, {
    "date" : "2025-05-07",
    "price" : 11658.00,
    "dma50" : 11456.49,
    "dma100" : 11300.01,
    "dma200" : 11121.97,
    "volume" : 218879.00
  }, {
    "date" : "2025-05-08",
    "price" : 11631.00,
    "dma50" : 11463.33,
    "dma100" : 11298.86,
    "dma200" : 11127.03,
    "volume" : 390239.00
  }, {
    "date" : "2025-05-09",
    "price" : 11364.00,
    "dma50" : 11459.44,
    "dma100" : 11293.52,
    "dma200" : 11129.39,
    "volume" : 203213.00
  }, {
    "date" : "2025-05-12",
    "price" : 11736.00,
    "dma50" : 11470.28,
    "dma100" : 11292.31,
    "dma200" : 11135.42,
    "volume" : 187211.00
  }, {
    "date" : "2025-05-13",
    "price" : 11661.00,
    "dma50" : 11477.76,
    "dma100" : 11288.08,
    "dma200" : 11140.65,
    "volume" : 319086.00
  }, {
    "date" : "2025-05-14",
    "price" : 11672.00,
    "dma50" : 11485.38,
    "dma100" : 11285.37,
    "dma200" : 11145.94,
    "volume" : 182665.00
  }, {
    "date" : "2025-05-15",
    "price" : 11894.00,
    "dma50" : 11501.40,
    "dma100" : 11286.56,
    "dma200" : 11153.38,
    "volume" : 378816.00
  }, {
    "date" : "2025-05-16",
    "price" : 11905.00,
    "dma50" : 11517.23,
    "dma100" : 11287.98,
    "dma200" : 11160.86,
    "volume" : 211890.00
  }, {
    "date" : "2025-05-19",
    "price" : 11929.00,
    "dma50" : 11533.38,
    "dma100" : 11290.56,
    "dma200" : 11168.51,
    "volume" : 129311.00
  }, {
    "date" : "2025-05-20",
    "price" : 11697.00,
    "dma50" : 11539.80,
    "dma100" : 11293.30,
    "dma200" : 11173.77,
    "volume" : 162127.00
  }, {
    "date" : "2025-05-21",
    "price" : 11666.00,
    "dma50" : 11544.74,
    "dma100" : 11295.23,
    "dma200" : 11178.66,
    "volume" : 174283.00
  }, {
    "date" : "2025-05-22",
    "price" : 11680.00,
    "dma50" : 11550.05,
    "dma100" : 11298.13,
    "dma200" : 11183.65,
    "volume" : 176583.00
  }, {
    "date" : "2025-05-23",
    "price" : 11746.00,
    "dma50" : 11557.73,
    "dma100" : 11300.98,
    "dma200" : 11189.25,
    "volume" : 183616.00
  }, {
    "date" : "2025-05-26",
    "price" : 11689.00,
    "dma50" : 11562.88,
    "dma100" : 11303.81,
    "dma200" : 11194.22,
    "volume" : 199265.00
  }, {
    "date" : "2025-05-27",
    "price" : 11421.00,
    "dma50" : 11557.32,
    "dma100" : 11305.13,
    "dma200" : 11196.48,
    "volume" : 498497.00
  }, {
    "date" : "2025-05-28",
    "price" : 11238.00,
    "dma50" : 11544.79,
    "dma100" : 11303.25,
    "dma200" : 11196.89,
    "volume" : 205868.00
  }, {
    "date" : "2025-05-29",
    "price" : 11269.00,
    "dma50" : 11533.98,
    "dma100" : 11301.47,
    "dma200" : 11197.61,
    "volume" : 352809.00
  }, {
    "date" : "2025-05-30",
    "price" : 11210.00,
    "dma50" : 11521.27,
    "dma100" : 11295.59,
    "dma200" : 11197.73,
    "volume" : 395791.00
  }, {
    "date" : "2025-06-02",
    "price" : 11195.00,
    "dma50" : 11508.48,
    "dma100" : 11289.68,
    "dma200" : 11197.70,
    "volume" : 318242.00
  }, {
    "date" : "2025-06-03",
    "price" : 11035.00,
    "dma50" : 11489.91,
    "dma100" : 11285.00,
    "dma200" : 11196.08,
    "volume" : 355913.00
  }, {
    "date" : "2025-06-04",
    "price" : 11033.00,
    "dma50" : 11471.99,
    "dma100" : 11279.14,
    "dma200" : 11194.46,
    "volume" : 349578.00
  }, {
    "date" : "2025-06-05",
    "price" : 11159.00,
    "dma50" : 11459.72,
    "dma100" : 11276.70,
    "dma200" : 11194.11,
    "volume" : 195150.00
  }, {
    "date" : "2025-06-06",
    "price" : 11253.00,
    "dma50" : 11451.61,
    "dma100" : 11276.63,
    "dma200" : 11194.69,
    "volume" : 148740.00
  }, {
    "date" : "2025-06-09",
    "price" : 11260.00,
    "dma50" : 11444.10,
    "dma100" : 11280.58,
    "dma200" : 11195.34,
    "volume" : 214405.00
  }, {
    "date" : "2025-06-10",
    "price" : 11391.00,
    "dma50" : 11442.02,
    "dma100" : 11288.34,
    "dma200" : 11197.29,
    "volume" : 296930.00
  }, {
    "date" : "2025-06-11",
    "price" : 11464.00,
    "dma50" : 11442.88,
    "dma100" : 11298.14,
    "dma200" : 11199.95,
    "volume" : 240219.00
  }, {
    "date" : "2025-06-12",
    "price" : 11323.00,
    "dma50" : 11438.18,
    "dma100" : 11306.15,
    "dma200" : 11201.17,
    "volume" : 266623.00
  }, {
    "date" : "2025-06-13",
    "price" : 11224.00,
    "dma50" : 11429.78,
    "dma100" : 11312.03,
    "dma200" : 11201.40,
    "volume" : 185360.00
  }, {
    "date" : "2025-06-16",
    "price" : 11495.00,
    "dma50" : 11432.34,
    "dma100" : 11321.18,
    "dma200" : 11204.32,
    "volume" : 407058.00
  }, {
    "date" : "2025-06-17",
    "price" : 11383.00,
    "dma50" : 11430.40,
    "dma100" : 11328.76,
    "dma200" : 11206.10,
    "volume" : 124052.00
  }, {
    "date" : "2025-06-18",
    "price" : 11406.00,
    "dma50" : 11429.44,
    "dma100" : 11336.15,
    "dma200" : 11208.09,
    "volume" : 159619.00
  }, {
    "date" : "2025-06-19",
    "price" : 11420.00,
    "dma50" : 11429.07,
    "dma100" : 11343.41,
    "dma200" : 11210.19,
    "volume" : 159305.00
  }, {
    "date" : "2025-06-20",
    "price" : 11458.00,
    "dma50" : 11430.21,
    "dma100" : 11343.78,
    "dma200" : 11212.66,
    "volume" : 632106.00
  }, {
    "date" : "2025-06-23",
    "price" : 11449.00,
    "dma50" : 11430.94,
    "dma100" : 11345.41,
    "dma200" : 11215.01,
    "volume" : 306376.00
  }, {
    "date" : "2025-06-24",
    "price" : 11579.00,
    "dma50" : 11436.75,
    "dma100" : 11348.81,
    "dma200" : 11218.63,
    "volume" : 748852.00
  }, {
    "date" : "2025-06-25",
    "price" : 11733.00,
    "dma50" : 11448.37,
    "dma100" : 11353.17,
    "dma200" : 11223.75,
    "volume" : 256085.00
  }, {
    "date" : "2025-06-26",
    "price" : 11951.00,
    "dma50" : 11468.08,
    "dma100" : 11357.23,
    "dma200" : 11230.99,
    "volume" : 514175.00
  }, {
    "date" : "2025-06-27",
    "price" : 12213.00,
    "dma50" : 11497.29,
    "dma100" : 11364.57,
    "dma200" : 11240.76,
    "volume" : 507978.00
  }, {
    "date" : "2025-06-30",
    "price" : 12093.00,
    "dma50" : 11520.65,
    "dma100" : 11370.63,
    "dma200" : 11249.24,
    "volume" : 337921.00
  }, {
    "date" : "2025-07-01",
    "price" : 12210.00,
    "dma50" : 11547.69,
    "dma100" : 11380.13,
    "dma200" : 11258.80,
    "volume" : 209921.00
  }, {
    "date" : "2025-07-02",
    "price" : 12436.00,
    "dma50" : 11582.52,
    "dma100" : 11392.75,
    "dma200" : 11270.51,
    "volume" : 456089.00
  }, {
    "date" : "2025-07-03",
    "price" : 12398.00,
    "dma50" : 11614.50,
    "dma100" : 11401.54,
    "dma200" : 11281.73,
    "volume" : 283727.00
  }, {
    "date" : "2025-07-04",
    "price" : 12506.00,
    "dma50" : 11649.46,
    "dma100" : 11410.74,
    "dma200" : 11293.91,
    "volume" : 195176.00
  }, {
    "date" : "2025-07-07",
    "price" : 12345.00,
    "dma50" : 11676.74,
    "dma100" : 11419.42,
    "dma200" : 11304.37,
    "volume" : 151871.00
  }, {
    "date" : "2025-07-08",
    "price" : 12445.00,
    "dma50" : 11706.87,
    "dma100" : 11427.46,
    "dma200" : 11315.72,
    "volume" : 223394.00
  }, {
    "date" : "2025-07-09",
    "price" : 12562.00,
    "dma50" : 11740.40,
    "dma100" : 11437.76,
    "dma200" : 11328.12,
    "volume" : 382597.00
  }, {
    "date" : "2025-07-10",
    "price" : 12516.00,
    "dma50" : 11770.82,
    "dma100" : 11449.92,
    "dma200" : 11339.94,
    "volume" : 273696.00
  }, {
    "date" : "2025-07-11",
    "price" : 12495.00,
    "dma50" : 11799.22,
    "dma100" : 11460.08,
    "dma200" : 11351.43,
    "volume" : 255716.00
  }, {
    "date" : "2025-07-14",
    "price" : 12516.00,
    "dma50" : 11827.33,
    "dma100" : 11469.78,
    "dma200" : 11363.02,
    "volume" : 280561.00
  }, {
    "date" : "2025-07-15",
    "price" : 12502.00,
    "dma50" : 11853.78,
    "dma100" : 11482.16,
    "dma200" : 11374.35,
    "volume" : 155986.00
  }, {
    "date" : "2025-07-16",
    "price" : 12453.00,
    "dma50" : 11877.28,
    "dma100" : 11491.79,
    "dma200" : 11385.09,
    "volume" : 157726.00
  }, {
    "date" : "2025-07-17",
    "price" : 12495.00,
    "dma50" : 11901.51,
    "dma100" : 11503.65,
    "dma200" : 11396.13,
    "volume" : 168588.00
  }, {
    "date" : "2025-07-18",
    "price" : 12498.00,
    "dma50" : 11924.90,
    "dma100" : 11515.71,
    "dma200" : 11407.10,
    "volume" : 101943.00
  }, {
    "date" : "2025-07-21",
    "price" : 12577.00,
    "dma50" : 11950.47,
    "dma100" : 11528.61,
    "dma200" : 11418.74,
    "volume" : 530218.00
  }, {
    "date" : "2025-07-22",
    "price" : 12452.00,
    "dma50" : 11970.14,
    "dma100" : 11541.55,
    "dma200" : 11429.02,
    "volume" : 543768.00
  }, {
    "date" : "2025-07-23",
    "price" : 12372.00,
    "dma50" : 11985.90,
    "dma100" : 11554.85,
    "dma200" : 11438.40,
    "volume" : 210870.00
  }, {
    "date" : "2025-07-24",
    "price" : 12304.00,
    "dma50" : 11998.37,
    "dma100" : 11568.25,
    "dma200" : 11447.01,
    "volume" : 183293.00
  }, {
    "date" : "2025-07-25",
    "price" : 12250.00,
    "dma50" : 12008.24,
    "dma100" : 11586.27,
    "dma200" : 11455.00,
    "volume" : 293339.00
  }, {
    "date" : "2025-07-28",
    "price" : 12240.00,
    "dma50" : 12017.33,
    "dma100" : 11607.38,
    "dma200" : 11462.81,
    "volume" : 217047.00
  }, {
    "date" : "2025-07-29",
    "price" : 12221.00,
    "dma50" : 12025.32,
    "dma100" : 11626.19,
    "dma200" : 11470.36,
    "volume" : 224566.00
  }, {
    "date" : "2025-07-30",
    "price" : 12268.00,
    "dma50" : 12034.83,
    "dma100" : 11645.17,
    "dma200" : 11478.30,
    "volume" : 209738.00
  }, {
    "date" : "2025-07-31",
    "price" : 12249.00,
    "dma50" : 12043.23,
    "dma100" : 11663.01,
    "dma200" : 11485.96,
    "volume" : 153925.00
  }, {
    "date" : "2025-08-01",
    "price" : 12113.00,
    "dma50" : 12045.97,
    "dma100" : 11679.21,
    "dma200" : 11492.20,
    "volume" : 217467.00
  }, {
    "date" : "2025-08-04",
    "price" : 12257.00,
    "dma50" : 12054.24,
    "dma100" : 11695.95,
    "dma200" : 11499.81,
    "volume" : 211659.00
  }, {
    "date" : "2025-08-05",
    "price" : 12298.00,
    "dma50" : 12063.80,
    "dma100" : 11713.73,
    "dma200" : 11507.76,
    "volume" : 278536.00
  }, {
    "date" : "2025-08-06",
    "price" : 12226.00,
    "dma50" : 12070.16,
    "dma100" : 11731.60,
    "dma200" : 11514.90,
    "volume" : 195330.00
  }, {
    "date" : "2025-08-07",
    "price" : 12273.00,
    "dma50" : 12078.12,
    "dma100" : 11749.13,
    "dma200" : 11522.45,
    "volume" : 203929.00
  }, {
    "date" : "2025-08-08",
    "price" : 12157.00,
    "dma50" : 12081.21,
    "dma100" : 11766.18,
    "dma200" : 11528.76,
    "volume" : 205122.00
  }, {
    "date" : "2025-08-11",
    "price" : 12405.00,
    "dma50" : 12093.91,
    "dma100" : 11784.75,
    "dma200" : 11537.48,
    "volume" : 221667.00
  }, {
    "date" : "2025-08-12",
    "price" : 12449.00,
    "dma50" : 12107.83,
    "dma100" : 11802.26,
    "dma200" : 11546.55,
    "volume" : 339291.00
  }, {
    "date" : "2025-08-13",
    "price" : 12401.00,
    "dma50" : 12119.33,
    "dma100" : 11816.94,
    "dma200" : 11555.05,
    "volume" : 216257.00
  }, {
    "date" : "2025-08-14",
    "price" : 12317.00,
    "dma50" : 12127.08,
    "dma100" : 11830.63,
    "dma200" : 11562.63,
    "volume" : 254035.00
  }, {
    "date" : "2025-08-18",
    "price" : 12765.00,
    "dma50" : 12152.10,
    "dma100" : 11848.51,
    "dma200" : 11574.60,
    "volume" : 828440.00
  }, {
    "date" : "2025-08-19",
    "price" : 12863.00,
    "dma50" : 12179.98,
    "dma100" : 11866.63,
    "dma200" : 11587.42,
    "volume" : 354332.00
  }, {
    "date" : "2025-08-20",
    "price" : 12874.00,
    "dma50" : 12207.19,
    "dma100" : 11881.16,
    "dma200" : 11600.22,
    "volume" : 293908.00
  }, {
    "date" : "2025-08-21",
    "price" : 12870.00,
    "dma50" : 12233.19,
    "dma100" : 11895.84,
    "dma200" : 11612.85,
    "volume" : 156959.00
  }, {
    "date" : "2025-08-22",
    "price" : 12589.00,
    "dma50" : 12247.14,
    "dma100" : 11905.73,
    "dma200" : 11622.56,
    "volume" : 233206.00
  }, {
    "date" : "2025-08-25",
    "price" : 12606.00,
    "dma50" : 12261.21,
    "dma100" : 11916.70,
    "dma200" : 11632.35,
    "volume" : 208886.00
  }, {
    "date" : "2025-08-26",
    "price" : 12610.00,
    "dma50" : 12274.89,
    "dma100" : 11929.01,
    "dma200" : 11642.08,
    "volume" : 307719.00
  }, {
    "date" : "2025-08-28",
    "price" : 12521.00,
    "dma50" : 12284.54,
    "dma100" : 11941.71,
    "dma200" : 11650.82,
    "volume" : 286569.00
  }, {
    "date" : "2025-08-29",
    "price" : 12640.00,
    "dma50" : 12298.48,
    "dma100" : 11952.04,
    "dma200" : 11660.67,
    "volume" : 191741.00
  }, {
    "date" : "2025-09-01",
    "price" : 12826.00,
    "dma50" : 12319.17,
    "dma100" : 11965.32,
    "dma200" : 11672.26,
    "volume" : 216635.00
  }, {
    "date" : "2025-09-02",
    "price" : 12730.00,
    "dma50" : 12335.28,
    "dma100" : 11980.70,
    "dma200" : 11682.79,
    "volume" : 216004.00
  }, {
    "date" : "2025-09-03",
    "price" : 12733.00,
    "dma50" : 12350.88,
    "dma100" : 11995.33,
    "dma200" : 11693.24,
    "volume" : 158379.00
  }, {
    "date" : "2025-09-04",
    "price" : 12651.00,
    "dma50" : 12362.65,
    "dma100" : 12007.87,
    "dma200" : 11702.77,
    "volume" : 314901.00
  }, {
    "date" : "2025-09-05",
    "price" : 12601.00,
    "dma50" : 12371.99,
    "dma100" : 12018.85,
    "dma200" : 11711.70,
    "volume" : 157002.00
  }, {
    "date" : "2025-09-08",
    "price" : 12664.00,
    "dma50" : 12383.44,
    "dma100" : 12028.30,
    "dma200" : 11721.18,
    "volume" : 127971.00
  }, {
    "date" : "2025-09-09",
    "price" : 12572.00,
    "dma50" : 12390.84,
    "dma100" : 12036.74,
    "dma200" : 11729.64,
    "volume" : 242001.00
  }, {
    "date" : "2025-09-10",
    "price" : 12478.00,
    "dma50" : 12394.26,
    "dma100" : 12042.51,
    "dma200" : 11737.09,
    "volume" : 178350.00
  }, {
    "date" : "2025-09-11",
    "price" : 12392.00,
    "dma50" : 12394.17,
    "dma100" : 12047.09,
    "dma200" : 11743.61,
    "volume" : 136116.00
  }, {
    "date" : "2025-09-12",
    "price" : 12370.00,
    "dma50" : 12393.22,
    "dma100" : 12051.20,
    "dma200" : 11749.84,
    "volume" : 156895.00
  }, {
    "date" : "2025-09-15",
    "price" : 12435.00,
    "dma50" : 12394.86,
    "dma100" : 12056.06,
    "dma200" : 11756.66,
    "volume" : 193145.00
  }, {
    "date" : "2025-09-16",
    "price" : 12578.00,
    "dma50" : 12402.04,
    "dma100" : 12060.25,
    "dma200" : 11764.83,
    "volume" : 196453.00
  }, {
    "date" : "2025-09-17",
    "price" : 12721.00,
    "dma50" : 12414.55,
    "dma100" : 12065.09,
    "dma200" : 11774.34,
    "volume" : 277581.00
  }, {
    "date" : "2025-09-18",
    "price" : 12626.00,
    "dma50" : 12422.84,
    "dma100" : 12070.21,
    "dma200" : 11782.82,
    "volume" : 195805.00
  }, {
    "date" : "2025-09-19",
    "price" : 12508.00,
    "dma50" : 12426.18,
    "dma100" : 12076.60,
    "dma200" : 11790.03,
    "volume" : 574881.00
  }, {
    "date" : "2025-09-22",
    "price" : 12650.00,
    "dma50" : 12434.96,
    "dma100" : 12086.69,
    "dma200" : 11798.59,
    "volume" : 514849.00
  }, {
    "date" : "2025-09-23",
    "price" : 12401.00,
    "dma50" : 12433.63,
    "dma100" : 12094.26,
    "dma200" : 11804.59,
    "volume" : 415349.00
  }, {
    "date" : "2025-09-24",
    "price" : 12214.00,
    "dma50" : 12425.01,
    "dma100" : 12099.70,
    "dma200" : 11808.66,
    "volume" : 169356.00
  }, {
    "date" : "2025-09-25",
    "price" : 12141.00,
    "dma50" : 12413.88,
    "dma100" : 12104.18,
    "dma200" : 11811.97,
    "volume" : 278288.00
  }, {
    "date" : "2025-09-26",
    "price" : 12070.00,
    "dma50" : 12400.39,
    "dma100" : 12108.30,
    "dma200" : 11814.53,
    "volume" : 183589.00
  }, {
    "date" : "2025-09-29",
    "price" : 12041.00,
    "dma50" : 12386.30,
    "dma100" : 12112.40,
    "dma200" : 11816.79,
    "volume" : 218431.00
  }, {
    "date" : "2025-09-30",
    "price" : 12222.00,
    "dma50" : 12379.85,
    "dma100" : 12120.98,
    "dma200" : 11820.82,
    "volume" : 285273.00
  }, {
    "date" : "2025-10-01",
    "price" : 12095.00,
    "dma50" : 12368.68,
    "dma100" : 12124.57,
    "dma200" : 11823.55,
    "volume" : 141382.00
  }, {
    "date" : "2025-10-03",
    "price" : 12019.00,
    "dma50" : 12354.97,
    "dma100" : 12128.15,
    "dma200" : 11825.49,
    "volume" : 263963.00
  }, {
    "date" : "2025-10-06",
    "price" : 12055.00,
    "dma50" : 12343.21,
    "dma100" : 12131.98,
    "dma200" : 11827.78,
    "volume" : 109091.00
  }, {
    "date" : "2025-10-07",
    "price" : 12184.00,
    "dma50" : 12336.96,
    "dma100" : 12134.88,
    "dma200" : 11831.32,
    "volume" : 230311.00
  }, {
    "date" : "2025-10-08",
    "price" : 11991.00,
    "dma50" : 12323.40,
    "dma100" : 12135.74,
    "dma200" : 11832.91,
    "volume" : 176123.00
  }, {
    "date" : "2025-10-09",
    "price" : 12192.00,
    "dma50" : 12318.24,
    "dma100" : 12138.37,
    "dma200" : 11836.48,
    "volume" : 175072.00
  }, {
    "date" : "2025-10-10",
    "price" : 12281.00,
    "dma50" : 12316.78,
    "dma100" : 12144.21,
    "dma200" : 11840.91,
    "volume" : 201512.00
  }, {
    "date" : "2025-10-13",
    "price" : 12172.00,
    "dma50" : 12311.10,
    "dma100" : 12149.27,
    "dma200" : 11844.20,
    "volume" : 88759.00
  }, {
    "date" : "2025-10-14",
    "price" : 12070.00,
    "dma50" : 12301.65,
    "dma100" : 12153.17,
    "dma200" : 11846.45,
    "volume" : 130861.00
  }, {
    "date" : "2025-10-15",
    "price" : 12311.00,
    "dma50" : 12302.02,
    "dma100" : 12158.82,
    "dma200" : 11851.07,
    "volume" : 146797.00
  }, {
    "date" : "2025-10-16",
    "price" : 12358.00,
    "dma50" : 12304.21,
    "dma100" : 12165.51,
    "dma200" : 11856.11,
    "volume" : 133956.00
  }, {
    "date" : "2025-10-17",
    "price" : 12370.00,
    "dma50" : 12306.79,
    "dma100" : 12175.00,
    "dma200" : 11861.23,
    "volume" : 184326.00
  }, {
    "date" : "2025-10-20",
    "price" : 12346.00,
    "dma50" : 12308.33,
    "dma100" : 12186.08,
    "dma200" : 11866.05,
    "volume" : 400059.00
  }, {
    "date" : "2025-10-21",
    "price" : 12342.00,
    "dma50" : 12309.65,
    "dma100" : 12196.81,
    "dma200" : 11870.79,
    "volume" : 14994.00
  }, {
    "date" : "2025-10-23",
    "price" : 12145.00,
    "dma50" : 12303.19,
    "dma100" : 12206.16,
    "dma200" : 11873.51,
    "volume" : 385371.00
  }, {
    "date" : "2025-10-24",
    "price" : 11918.00,
    "dma50" : 12288.09,
    "dma100" : 12213.39,
    "dma200" : 11873.96,
    "volume" : 399375.00
  }, {
    "date" : "2025-10-27",
    "price" : 12015.00,
    "dma50" : 12277.38,
    "dma100" : 12223.19,
    "dma200" : 11875.36,
    "volume" : 464806.00
  }, {
    "date" : "2025-10-28",
    "price" : 11931.00,
    "dma50" : 12263.79,
    "dma100" : 12232.17,
    "dma200" : 11875.91,
    "volume" : 516489.00
  }, {
    "date" : "2025-10-29",
    "price" : 11999.00,
    "dma50" : 12253.41,
    "dma100" : 12240.57,
    "dma200" : 11877.14,
    "volume" : 398652.00
  }, {
    "date" : "2025-10-30",
    "price" : 12053.00,
    "dma50" : 12245.55,
    "dma100" : 12248.57,
    "dma200" : 11878.89,
    "volume" : 163195.00
  }, {
    "date" : "2025-10-31",
    "price" : 11947.00,
    "dma50" : 12233.84,
    "dma100" : 12255.44,
    "dma200" : 11879.57,
    "volume" : 177359.00
  }, {
    "date" : "2025-11-03",
    "price" : 11950.00,
    "dma50" : 12222.71,
    "dma100" : 12261.03,
    "dma200" : 11880.27,
    "volume" : 101099.00
  }, {
    "date" : "2025-11-04",
    "price" : 11819.00,
    "dma50" : 12206.88,
    "dma100" : 12264.58,
    "dma200" : 11879.66,
    "volume" : 203994.00
  }, {
    "date" : "2025-11-06",
    "price" : 11910.00,
    "dma50" : 12195.24,
    "dma100" : 12270.45,
    "dma200" : 11879.96,
    "volume" : 216986.00
  }, {
    "date" : "2025-11-07",
    "price" : 11849.00,
    "dma50" : 12181.66,
    "dma100" : 12276.70,
    "dma200" : 11879.65,
    "volume" : 149269.00
  }, {
    "date" : "2025-11-10",
    "price" : 11728.00,
    "dma50" : 12163.87,
    "dma100" : 12279.03,
    "dma200" : 11878.14,
    "volume" : 199506.00
  }, {
    "date" : "2025-11-11",
    "price" : 11825.00,
    "dma50" : 12150.58,
    "dma100" : 12283.45,
    "dma200" : 11877.61,
    "volume" : 128009.00
  }, {
    "date" : "2025-11-12",
    "price" : 11921.00,
    "dma50" : 12141.58,
    "dma100" : 12288.60,
    "dma200" : 11878.05,
    "volume" : 190119.00
  }, {
    "date" : "2025-11-13",
    "price" : 11934.00,
    "dma50" : 12133.44,
    "dma100" : 12293.74,
    "dma200" : 11878.60,
    "volume" : 178829.00
  }, {
    "date" : "2025-11-14",
    "price" : 11874.00,
    "dma50" : 12123.26,
    "dma100" : 12297.90,
    "dma200" : 11878.56,
    "volume" : 164708.00
  }, {
    "date" : "2025-11-17",
    "price" : 11778.00,
    "dma50" : 12109.72,
    "dma100" : 12301.19,
    "dma200" : 11877.56,
    "volume" : 197128.00
  }, {
    "date" : "2025-11-18",
    "price" : 11707.00,
    "dma50" : 12093.93,
    "dma100" : 12302.47,
    "dma200" : 11875.86,
    "volume" : 320838.00
  }, {
    "date" : "2025-11-19",
    "price" : 11666.00,
    "dma50" : 12077.15,
    "dma100" : 12301.80,
    "dma200" : 11873.77,
    "volume" : 273825.00
  }, {
    "date" : "2025-11-20",
    "price" : 11753.00,
    "dma50" : 12064.44,
    "dma100" : 12299.82,
    "dma200" : 11872.57,
    "volume" : 193984.00
  }, {
    "date" : "2025-11-21",
    "price" : 11729.00,
    "dma50" : 12051.28,
    "dma100" : 12294.98,
    "dma200" : 11871.14,
    "volume" : 195252.00
  }, {
    "date" : "2025-11-24",
    "price" : 11561.00,
    "dma50" : 12032.06,
    "dma100" : 12289.66,
    "dma200" : 11868.05,
    "volume" : 294940.00
  } ],
  "latestTechnicalAttributes" : {
    "date" : "2025-11-24",
    "price" : 11561.00,
    "dma50" : 12032.06,
    "dma100" : 12289.66,
    "dma200" : 11868.05,
    "volume" : 294940.00
  },
  "quarterlyResults" : [ {
    "date" : "2005-03-31",
    "sales" : 704.29,
    "salesGrowthYoY" : null,
    "grossProfitMargin" : 53.28,
    "grossProfit" : 375.25,
    "operatingProfitMargin" : 4.63,
    "operatingProfit" : 32.61,
    "netProfitMargin" : 0.70,
    "netProfit" : 4.93
  }, {
    "date" : "2005-06-30",
    "sales" : 793.44,
    "salesGrowthYoY" : null,
    "grossProfitMargin" : 58.44,
    "grossProfit" : 463.69,
    "operatingProfitMargin" : 18.81,
    "operatingProfit" : 149.25,
    "netProfitMargin" : 7.56,
    "netProfit" : 59.98
  }, {
    "date" : "2005-09-30",
    "sales" : 639.98,
    "salesGrowthYoY" : null,
    "grossProfitMargin" : 52.70,
    "grossProfit" : 337.27,
    "operatingProfitMargin" : 10.16,
    "operatingProfit" : 65.02,
    "netProfitMargin" : 0.01,
    "netProfit" : 0.06
  }, {
    "date" : "2005-12-31",
    "sales" : 788.57,
    "salesGrowthYoY" : null,
    "grossProfitMargin" : 53.02,
    "grossProfit" : 418.10,
    "operatingProfitMargin" : 13.98,
    "operatingProfit" : 110.24,
    "netProfitMargin" : 3.03,
    "netProfit" : 23.89
  }, {
    "date" : "2006-03-31",
    "sales" : 1060.35,
    "salesGrowthYoY" : 50.56,
    "grossProfitMargin" : 58.57,
    "grossProfit" : 621.05,
    "operatingProfitMargin" : 20.24,
    "operatingProfit" : 214.61,
    "netProfitMargin" : 12.46,
    "netProfit" : 132.12
  }, {
    "date" : "2006-06-30",
    "sales" : 1180.32,
    "salesGrowthYoY" : 48.76,
    "grossProfitMargin" : 66.72,
    "grossProfit" : 787.51,
    "operatingProfitMargin" : 31.74,
    "operatingProfit" : 374.63,
    "netProfitMargin" : 17.86,
    "netProfit" : 210.81
  }, {
    "date" : "2006-09-30",
    "sales" : 1004.54,
    "salesGrowthYoY" : 56.96,
    "grossProfitMargin" : 64.55,
    "grossProfit" : 648.43,
    "operatingProfitMargin" : 25.33,
    "operatingProfit" : 254.45,
    "netProfitMargin" : 12.69,
    "netProfit" : 127.48
  }, {
    "date" : "2006-12-31",
    "sales" : 1260.45,
    "salesGrowthYoY" : 59.84,
    "grossProfitMargin" : 64.61,
    "grossProfit" : 814.38,
    "operatingProfitMargin" : 30.17,
    "operatingProfit" : 380.28,
    "netProfitMargin" : 16.86,
    "netProfit" : 212.51
  }, {
    "date" : "2007-03-31",
    "sales" : 1465.34,
    "salesGrowthYoY" : 38.19,
    "grossProfitMargin" : 62.09,
    "grossProfit" : 909.83,
    "operatingProfitMargin" : 27.88,
    "operatingProfit" : 408.54,
    "netProfitMargin" : 15.80,
    "netProfit" : 231.52
  }, {
    "date" : "2007-06-30",
    "sales" : 1359.96,
    "salesGrowthYoY" : 15.22,
    "grossProfitMargin" : 67.12,
    "grossProfit" : 912.81,
    "operatingProfitMargin" : 32.19,
    "operatingProfit" : 437.77,
    "netProfitMargin" : 19.07,
    "netProfit" : 259.34
  }, {
    "date" : "2007-09-30",
    "sales" : 1167.62,
    "salesGrowthYoY" : 16.23,
    "grossProfitMargin" : 70.21,
    "grossProfit" : 819.79,
    "operatingProfitMargin" : 28.35,
    "operatingProfit" : 331.02,
    "netProfitMargin" : 15.92,
    "netProfit" : 185.89
  }, {
    "date" : "2007-12-31",
    "sales" : 1380.18,
    "salesGrowthYoY" : 9.50,
    "grossProfitMargin" : 68.60,
    "grossProfit" : 946.80,
    "operatingProfitMargin" : 33.88,
    "operatingProfit" : 467.60,
    "netProfitMargin" : 20.25,
    "netProfit" : 279.49
  }, {
    "date" : "2008-03-31",
    "sales" : 1623.22,
    "salesGrowthYoY" : 10.77,
    "grossProfitMargin" : 66.19,
    "grossProfit" : 1074.41,
    "operatingProfitMargin" : 31.52,
    "operatingProfit" : 511.64,
    "netProfitMargin" : 17.43,
    "netProfit" : 282.93
  }, {
    "date" : "2008-06-30",
    "sales" : 1507.92,
    "salesGrowthYoY" : 10.88,
    "grossProfitMargin" : 67.42,
    "grossProfit" : 1016.64,
    "operatingProfitMargin" : 30.36,
    "operatingProfit" : 457.80,
    "netProfitMargin" : 17.57,
    "netProfit" : 264.94
  }, {
    "date" : "2008-09-30",
    "sales" : 1416.98,
    "salesGrowthYoY" : 21.36,
    "grossProfitMargin" : 60.99,
    "grossProfit" : 864.22,
    "operatingProfitMargin" : 22.41,
    "operatingProfit" : 317.55,
    "netProfitMargin" : 11.59,
    "netProfit" : 164.23
  }, {
    "date" : "2008-12-31",
    "sales" : 1637.24,
    "salesGrowthYoY" : 18.63,
    "grossProfitMargin" : 61.58,
    "grossProfit" : 1008.21,
    "operatingProfitMargin" : 26.71,
    "operatingProfit" : 437.31,
    "netProfitMargin" : 14.56,
    "netProfit" : 238.38
  }, {
    "date" : "2009-03-31",
    "sales" : 1875.12,
    "salesGrowthYoY" : 15.52,
    "grossProfitMargin" : 64.53,
    "grossProfit" : 1210.01,
    "operatingProfitMargin" : 29.11,
    "operatingProfit" : 545.85,
    "netProfitMargin" : 16.50,
    "netProfit" : 309.39
  }, {
    "date" : "2009-06-30",
    "sales" : 1968.93,
    "salesGrowthYoY" : 30.57,
    "grossProfitMargin" : 67.95,
    "grossProfit" : 1337.89,
    "operatingProfitMargin" : 37.22,
    "operatingProfit" : 732.84,
    "netProfitMargin" : 21.22,
    "netProfit" : 417.81
  }, {
    "date" : "2009-09-30",
    "sales" : 1552.71,
    "salesGrowthYoY" : 9.58,
    "grossProfitMargin" : 71.05,
    "grossProfit" : 1103.20,
    "operatingProfitMargin" : 31.37,
    "operatingProfit" : 487.09,
    "netProfitMargin" : 16.16,
    "netProfit" : 250.92
  }, {
    "date" : "2009-12-31",
    "sales" : 1669.17,
    "salesGrowthYoY" : 1.95,
    "grossProfitMargin" : 61.05,
    "grossProfit" : 1019.03,
    "operatingProfitMargin" : 24.03,
    "operatingProfit" : 401.10,
    "netProfitMargin" : 11.74,
    "netProfit" : 195.96
  }, {
    "date" : "2010-03-31",
    "sales" : 1922.37,
    "salesGrowthYoY" : 2.52,
    "grossProfitMargin" : 62.22,
    "grossProfit" : 1196.10,
    "operatingProfitMargin" : 21.63,
    "operatingProfit" : 415.81,
    "netProfitMargin" : 11.89,
    "netProfit" : 228.57
  }, {
    "date" : "2010-06-30",
    "sales" : 1809.56,
    "salesGrowthYoY" : -8.09,
    "grossProfitMargin" : 62.83,
    "grossProfit" : 1136.95,
    "operatingProfitMargin" : 23.52,
    "operatingProfit" : 425.61,
    "netProfitMargin" : 13.41,
    "netProfit" : 242.66
  }, {
    "date" : "2010-09-30",
    "sales" : 3244.50,
    "salesGrowthYoY" : 108.96,
    "grossProfitMargin" : 59.69,
    "grossProfit" : 1936.64,
    "operatingProfitMargin" : 13.49,
    "operatingProfit" : 437.68,
    "netProfitMargin" : 3.57,
    "netProfit" : 115.83
  }, {
    "date" : "2010-12-31",
    "sales" : 3740.87,
    "salesGrowthYoY" : 124.12,
    "grossProfitMargin" : 62.20,
    "grossProfit" : 2326.82,
    "operatingProfitMargin" : 19.61,
    "operatingProfit" : 733.58,
    "netProfitMargin" : 8.53,
    "netProfit" : 319.10
  }, {
    "date" : "2011-03-31",
    "sales" : 4538.54,
    "salesGrowthYoY" : 136.09,
    "grossProfitMargin" : 64.75,
    "grossProfit" : 2938.70,
    "operatingProfitMargin" : 23.86,
    "operatingProfit" : 1082.90,
    "netProfitMargin" : 16.01,
    "netProfit" : 726.62
  }, {
    "date" : "2011-06-30",
    "sales" : 4372.03,
    "salesGrowthYoY" : 141.61,
    "grossProfitMargin" : 64.77,
    "grossProfit" : 2831.76,
    "operatingProfitMargin" : 27.65,
    "operatingProfit" : 1208.87,
    "netProfitMargin" : 15.62,
    "netProfit" : 682.91
  }, {
    "date" : "2011-09-30",
    "sales" : 3968.40,
    "salesGrowthYoY" : 22.31,
    "grossProfitMargin" : 58.89,
    "grossProfit" : 2336.99,
    "operatingProfitMargin" : 16.24,
    "operatingProfit" : 644.47,
    "netProfitMargin" : 7.03,
    "netProfit" : 278.98
  }, {
    "date" : "2011-12-31",
    "sales" : 4584.37,
    "salesGrowthYoY" : 22.55,
    "grossProfitMargin" : 61.71,
    "grossProfit" : 2829.01,
    "operatingProfitMargin" : 21.27,
    "operatingProfit" : 975.10,
    "netProfitMargin" : 13.46,
    "netProfit" : 617.06
  }, {
    "date" : "2012-03-31",
    "sales" : 5384.14,
    "salesGrowthYoY" : 18.63,
    "grossProfitMargin" : 63.73,
    "grossProfit" : 3431.31,
    "operatingProfitMargin" : 24.50,
    "operatingProfit" : 1319.11,
    "netProfitMargin" : 16.11,
    "netProfit" : 867.38
  }, {
    "date" : "2012-06-30",
    "sales" : 5090.07,
    "salesGrowthYoY" : 16.42,
    "grossProfitMargin" : 64.04,
    "grossProfit" : 3259.68,
    "operatingProfitMargin" : 25.69,
    "operatingProfit" : 1307.64,
    "netProfitMargin" : 15.29,
    "netProfit" : 778.27
  }, {
    "date" : "2012-09-30",
    "sales" : 4729.43,
    "salesGrowthYoY" : 19.18,
    "grossProfitMargin" : 63.51,
    "grossProfit" : 3003.66,
    "operatingProfitMargin" : 21.89,
    "operatingProfit" : 1035.27,
    "netProfitMargin" : 11.63,
    "netProfit" : 550.03
  }, {
    "date" : "2012-12-31",
    "sales" : 4882.07,
    "salesGrowthYoY" : 6.49,
    "grossProfitMargin" : 64.22,
    "grossProfit" : 3135.27,
    "operatingProfitMargin" : 21.49,
    "operatingProfit" : 1049.16,
    "netProfitMargin" : 12.31,
    "netProfit" : 600.98
  }, {
    "date" : "2013-03-31",
    "sales" : 5472.04,
    "salesGrowthYoY" : 1.63,
    "grossProfitMargin" : 65.18,
    "grossProfit" : 3566.68,
    "operatingProfitMargin" : 23.43,
    "operatingProfit" : 1282.10,
    "netProfitMargin" : 13.27,
    "netProfit" : 726.14
  }, {
    "date" : "2013-06-30",
    "sales" : 4980.20,
    "salesGrowthYoY" : -2.16,
    "grossProfitMargin" : 64.46,
    "grossProfit" : 3210.24,
    "operatingProfitMargin" : 21.52,
    "operatingProfit" : 1071.74,
    "netProfitMargin" : 13.51,
    "netProfit" : 672.83
  }, {
    "date" : "2013-09-30",
    "sales" : 4521.87,
    "salesGrowthYoY" : -4.39,
    "grossProfitMargin" : 62.11,
    "grossProfit" : 2808.53,
    "operatingProfitMargin" : 15.03,
    "operatingProfit" : 679.64,
    "netProfitMargin" : 5.84,
    "netProfit" : 264.08
  }, {
    "date" : "2013-12-31",
    "sales" : 4814.65,
    "salesGrowthYoY" : -1.38,
    "grossProfitMargin" : 62.21,
    "grossProfit" : 2995.19,
    "operatingProfitMargin" : 16.53,
    "operatingProfit" : 795.86,
    "netProfitMargin" : 7.68,
    "netProfit" : 369.77
  }, {
    "date" : "2014-03-31",
    "sales" : 5959.88,
    "salesGrowthYoY" : 8.92,
    "grossProfitMargin" : 63.75,
    "grossProfit" : 3799.42,
    "operatingProfitMargin" : 21.33,
    "operatingProfit" : 1271.24,
    "netProfitMargin" : 14.06,
    "netProfit" : 837.96
  }, {
    "date" : "2014-06-30",
    "sales" : 5692.09,
    "salesGrowthYoY" : 14.29,
    "grossProfitMargin" : 63.29,
    "grossProfit" : 3602.52,
    "operatingProfitMargin" : 18.46,
    "operatingProfit" : 1050.76,
    "netProfitMargin" : 10.99,
    "netProfit" : 625.56
  }, {
    "date" : "2014-09-30",
    "sales" : 5426.55,
    "salesGrowthYoY" : 20.01,
    "grossProfitMargin" : 63.50,
    "grossProfit" : 3445.86,
    "operatingProfitMargin" : 16.16,
    "operatingProfit" : 876.93,
    "netProfitMargin" : 7.56,
    "netProfit" : 410.25
  }, {
    "date" : "2014-12-31",
    "sales" : 5599.26,
    "salesGrowthYoY" : 16.30,
    "grossProfitMargin" : 62.82,
    "grossProfit" : 3517.46,
    "operatingProfitMargin" : 17.10,
    "operatingProfit" : 957.47,
    "netProfitMargin" : 6.51,
    "netProfit" : 364.51
  }, {
    "date" : "2015-03-31",
    "sales" : 6210.97,
    "salesGrowthYoY" : 4.21,
    "grossProfitMargin" : 65.37,
    "grossProfit" : 4060.11,
    "operatingProfitMargin" : 21.09,
    "operatingProfit" : 1309.89,
    "netProfitMargin" : 9.90,
    "netProfit" : 614.89
  }, {
    "date" : "2015-06-30",
    "sales" : 6006.86,
    "salesGrowthYoY" : 5.53,
    "grossProfitMargin" : 64.34,
    "grossProfit" : 3864.81,
    "operatingProfitMargin" : 19.20,
    "operatingProfit" : 1153.32,
    "netProfitMargin" : 10.06,
    "netProfit" : 604.29
  }, {
    "date" : "2015-09-30",
    "sales" : 5587.81,
    "salesGrowthYoY" : 2.97,
    "grossProfitMargin" : 64.88,
    "grossProfit" : 3625.37,
    "operatingProfitMargin" : 17.57,
    "operatingProfit" : 981.78,
    "netProfitMargin" : 8.19,
    "netProfit" : 457.64
  }, {
    "date" : "2015-12-31",
    "sales" : 5730.52,
    "salesGrowthYoY" : 2.34,
    "grossProfitMargin" : 65.35,
    "grossProfit" : 3744.89,
    "operatingProfitMargin" : 19.46,
    "operatingProfit" : 1115.16,
    "netProfitMargin" : 9.21,
    "netProfit" : 527.78
  }, {
    "date" : "2016-03-31",
    "sales" : 6402.27,
    "salesGrowthYoY" : 3.08,
    "grossProfitMargin" : 66.53,
    "grossProfit" : 4259.43,
    "operatingProfitMargin" : 21.51,
    "operatingProfit" : 1377.13,
    "netProfitMargin" : 12.20,
    "netProfit" : 781.08
  }, {
    "date" : "2016-06-30",
    "sales" : 6229.47,
    "salesGrowthYoY" : 3.71,
    "grossProfitMargin" : 67.69,
    "grossProfit" : 4216.73,
    "operatingProfitMargin" : 22.84,
    "operatingProfit" : 1422.81,
    "netProfitMargin" : 12.44,
    "netProfit" : 774.95
  }, {
    "date" : "2016-09-30",
    "sales" : 5457.61,
    "salesGrowthYoY" : -2.33,
    "grossProfitMargin" : 68.11,
    "grossProfit" : 3717.18,
    "operatingProfitMargin" : 21.16,
    "operatingProfit" : 1154.83,
    "netProfitMargin" : 11.01,
    "netProfit" : 600.88
  }, {
    "date" : "2016-12-31",
    "sales" : 5609.26,
    "salesGrowthYoY" : -2.12,
    "grossProfitMargin" : 66.26,
    "grossProfit" : 3716.70,
    "operatingProfitMargin" : 19.85,
    "operatingProfit" : 1113.44,
    "netProfitMargin" : 10.04,
    "netProfit" : 563.17
  }, {
    "date" : "2017-03-31",
    "sales" : 6595.25,
    "salesGrowthYoY" : 3.01,
    "grossProfitMargin" : 65.05,
    "grossProfit" : 4290.21,
    "operatingProfitMargin" : 19.38,
    "operatingProfit" : 1278.16,
    "netProfitMargin" : 10.58,
    "netProfit" : 697.78
  }, {
    "date" : "2017-06-30",
    "sales" : 6626.45,
    "salesGrowthYoY" : 6.37,
    "grossProfitMargin" : 67.22,
    "grossProfit" : 4454.30,
    "operatingProfitMargin" : 23.54,
    "operatingProfit" : 1559.87,
    "netProfitMargin" : 13.44,
    "netProfit" : 890.59
  }, {
    "date" : "2017-09-30",
    "sales" : 6426.36,
    "salesGrowthYoY" : 17.75,
    "grossProfitMargin" : 64.99,
    "grossProfit" : 4176.49,
    "operatingProfitMargin" : 20.13,
    "operatingProfit" : 1293.63,
    "netProfitMargin" : 6.71,
    "netProfit" : 431.21
  }, {
    "date" : "2017-12-31",
    "sales" : 7471.00,
    "salesGrowthYoY" : 33.19,
    "grossProfitMargin" : 61.98,
    "grossProfit" : 4630.53,
    "operatingProfitMargin" : 16.99,
    "operatingProfit" : 1269.32,
    "netProfitMargin" : 5.64,
    "netProfit" : 421.36
  }, {
    "date" : "2018-03-31",
    "sales" : 8872.01,
    "salesGrowthYoY" : 34.52,
    "grossProfitMargin" : 61.94,
    "grossProfit" : 5495.32,
    "operatingProfitMargin" : 19.19,
    "operatingProfit" : 1702.54,
    "netProfitMargin" : 7.12,
    "netProfit" : 631.69
  }, {
    "date" : "2018-06-30",
    "sales" : 8394.55,
    "salesGrowthYoY" : 26.68,
    "grossProfitMargin" : 61.50,
    "grossProfit" : 5162.65,
    "operatingProfitMargin" : 17.68,
    "operatingProfit" : 1484.16,
    "netProfitMargin" : 7.13,
    "netProfit" : 598.53
  }, {
    "date" : "2018-09-30",
    "sales" : 8869.07,
    "salesGrowthYoY" : 38.01,
    "grossProfitMargin" : 61.53,
    "grossProfit" : 5457.14,
    "operatingProfitMargin" : 15.81,
    "operatingProfit" : 1402.20,
    "netProfitMargin" : 4.18,
    "netProfit" : 370.73
  }, {
    "date" : "2018-12-31",
    "sales" : 9938.11,
    "salesGrowthYoY" : 33.02,
    "grossProfitMargin" : 60.30,
    "grossProfit" : 5992.68,
    "operatingProfitMargin" : 15.41,
    "operatingProfit" : 1531.46,
    "netProfitMargin" : 4.35,
    "netProfit" : 432.31
  }, {
    "date" : "2019-03-31",
    "sales" : 11982.96,
    "salesGrowthYoY" : 35.06,
    "grossProfitMargin" : 60.11,
    "grossProfit" : 7202.96,
    "operatingProfitMargin" : 20.21,
    "operatingProfit" : 2421.76,
    "netProfitMargin" : 8.82,
    "netProfit" : 1056.90
  }, {
    "date" : "2019-06-30",
    "sales" : 11022.14,
    "salesGrowthYoY" : 31.30,
    "grossProfitMargin" : 64.74,
    "grossProfit" : 7135.73,
    "operatingProfitMargin" : 25.33,
    "operatingProfit" : 2791.91,
    "netProfitMargin" : 11.49,
    "netProfit" : 1266.44
  }, {
    "date" : "2019-09-30",
    "sales" : 9269.98,
    "salesGrowthYoY" : 4.52,
    "grossProfitMargin" : 63.37,
    "grossProfit" : 5874.39,
    "operatingProfitMargin" : 19.55,
    "operatingProfit" : 1812.28,
    "netProfitMargin" : 6.90,
    "netProfit" : 639.63
  }, {
    "date" : "2019-12-31",
    "sales" : 9979.43,
    "salesGrowthYoY" : 0.42,
    "grossProfitMargin" : 62.26,
    "grossProfit" : 6213.19,
    "operatingProfitMargin" : 17.90,
    "operatingProfit" : 1786.32,
    "netProfitMargin" : 6.44,
    "netProfit" : 642.68
  }, {
    "date" : "2020-03-31",
    "sales" : 10360.31,
    "salesGrowthYoY" : -13.54,
    "grossProfitMargin" : 65.61,
    "grossProfit" : 6797.40,
    "operatingProfitMargin" : 21.84,
    "operatingProfit" : 2262.69,
    "netProfitMargin" : 28.05,
    "netProfit" : 2906.07
  }, {
    "date" : "2020-06-30",
    "sales" : 7373.63,
    "salesGrowthYoY" : -33.10,
    "grossProfitMargin" : 65.75,
    "grossProfit" : 4848.16,
    "operatingProfitMargin" : 26.52,
    "operatingProfit" : 1955.49,
    "netProfitMargin" : 12.39,
    "netProfit" : 913.59
  }, {
    "date" : "2020-09-30",
    "sales" : 10018.58,
    "salesGrowthYoY" : 8.08,
    "grossProfitMargin" : 65.37,
    "grossProfit" : 6549.15,
    "operatingProfitMargin" : 25.48,
    "operatingProfit" : 2552.73,
    "netProfitMargin" : 12.11,
    "netProfit" : 1213.25
  }, {
    "date" : "2020-12-31",
    "sales" : 11830.62,
    "salesGrowthYoY" : 18.55,
    "grossProfitMargin" : 65.43,
    "grossProfit" : 7740.77,
    "operatingProfitMargin" : 24.89,
    "operatingProfit" : 2944.64,
    "netProfitMargin" : 13.10,
    "netProfit" : 1549.81
  }, {
    "date" : "2021-03-31",
    "sales" : 13965.51,
    "salesGrowthYoY" : 34.80,
    "grossProfitMargin" : 64.16,
    "grossProfit" : 8960.27,
    "operatingProfitMargin" : 25.15,
    "operatingProfit" : 3512.33,
    "netProfitMargin" : 12.73,
    "netProfit" : 1777.81
  }, {
    "date" : "2021-06-30",
    "sales" : 11476.96,
    "salesGrowthYoY" : 55.65,
    "grossProfitMargin" : 66.82,
    "grossProfit" : 7668.90,
    "operatingProfitMargin" : 27.64,
    "operatingProfit" : 3172.23,
    "netProfitMargin" : 14.65,
    "netProfit" : 1681.37
  }, {
    "date" : "2021-09-30",
    "sales" : 11548.37,
    "salesGrowthYoY" : 15.27,
    "grossProfitMargin" : 64.51,
    "grossProfit" : 7449.85,
    "operatingProfitMargin" : 22.51,
    "operatingProfit" : 2599.54,
    "netProfitMargin" : 11.26,
    "netProfit" : 1300.35
  }, {
    "date" : "2021-12-31",
    "sales" : 12470.62,
    "salesGrowthYoY" : 5.41,
    "grossProfitMargin" : 58.84,
    "grossProfit" : 7337.71,
    "operatingProfitMargin" : 17.81,
    "operatingProfit" : 2221.02,
    "netProfitMargin" : 13.08,
    "netProfit" : 1631.16
  }, {
    "date" : "2022-03-31",
    "sales" : 15167.54,
    "salesGrowthYoY" : 8.61,
    "grossProfitMargin" : 57.33,
    "grossProfit" : 8695.55,
    "operatingProfitMargin" : 19.40,
    "operatingProfit" : 2942.50,
    "netProfitMargin" : 16.18,
    "netProfit" : 2454.11
  }, {
    "date" : "2022-06-30",
    "sales" : 14715.48,
    "salesGrowthYoY" : 28.22,
    "grossProfitMargin" : 57.87,
    "grossProfit" : 8515.85,
    "operatingProfitMargin" : 19.91,
    "operatingProfit" : 2929.85,
    "netProfitMargin" : 10.56,
    "netProfit" : 1553.95
  }, {
    "date" : "2022-09-30",
    "sales" : 13481.98,
    "salesGrowthYoY" : 16.74,
    "grossProfitMargin" : 53.38,
    "grossProfit" : 7196.68,
    "operatingProfitMargin" : 12.73,
    "operatingProfit" : 1716.26,
    "netProfitMargin" : 5.33,
    "netProfit" : 718.59
  }, {
    "date" : "2022-12-31",
    "sales" : 15008.02,
    "salesGrowthYoY" : 20.35,
    "grossProfitMargin" : 53.39,
    "grossProfit" : 8012.78,
    "operatingProfitMargin" : 14.29,
    "operatingProfit" : 2144.65,
    "netProfitMargin" : 6.62,
    "netProfit" : 993.53
  }, {
    "date" : "2023-03-31",
    "sales" : 18112.11,
    "salesGrowthYoY" : 19.41,
    "grossProfitMargin" : 55.10,
    "grossProfit" : 9979.77,
    "operatingProfitMargin" : 17.84,
    "operatingProfit" : 3231.20,
    "netProfitMargin" : 9.15,
    "netProfit" : 1657.26
  }, {
    "date" : "2023-06-30",
    "sales" : 17224.55,
    "salesGrowthYoY" : 17.05,
    "grossProfitMargin" : 56.47,
    "grossProfit" : 9726.70,
    "operatingProfitMargin" : 17.42,
    "operatingProfit" : 3000.52,
    "netProfitMargin" : 9.95,
    "netProfit" : 1713.84
  }, {
    "date" : "2023-09-30",
    "sales" : 15475.99,
    "salesGrowthYoY" : 14.79,
    "grossProfitMargin" : 57.62,
    "grossProfit" : 8917.27,
    "operatingProfitMargin" : 15.84,
    "operatingProfit" : 2451.40,
    "netProfitMargin" : 7.89,
    "netProfit" : 1221.06
  }, {
    "date" : "2023-12-31",
    "sales" : 16134.18,
    "salesGrowthYoY" : 7.50,
    "grossProfitMargin" : 60.00,
    "grossProfit" : 9680.51,
    "operatingProfitMargin" : 19.52,
    "operatingProfit" : 3149.39,
    "netProfitMargin" : 10.65,
    "netProfit" : 1718.29
  }, {
    "date" : "2024-03-31",
    "sales" : 19805.91,
    "salesGrowthYoY" : 9.35,
    "grossProfitMargin" : 58.20,
    "grossProfit" : 11527.04,
    "operatingProfitMargin" : 20.30,
    "operatingProfit" : 4020.60,
    "netProfitMargin" : 11.64,
    "netProfit" : 2305.41
  }, {
    "date" : "2024-06-30",
    "sales" : 18281.43,
    "salesGrowthYoY" : 6.14,
    "grossProfitMargin" : 58.06,
    "grossProfit" : 10614.20,
    "operatingProfitMargin" : 16.19,
    "operatingProfit" : 2959.76,
    "netProfitMargin" : 8.63,
    "netProfit" : 1577.69
  }, {
    "date" : "2024-09-30",
    "sales" : 15564.92,
    "salesGrowthYoY" : 0.57,
    "grossProfitMargin" : 57.64,
    "grossProfit" : 8971.62,
    "operatingProfitMargin" : 12.47,
    "operatingProfit" : 1940.95,
    "netProfitMargin" : 4.37,
    "netProfit" : 680.19
  }, {
    "date" : "2024-12-31",
    "sales" : 16913.94,
    "salesGrowthYoY" : 4.83,
    "grossProfitMargin" : 58.77,
    "grossProfit" : 9940.32,
    "operatingProfitMargin" : 16.47,
    "operatingProfit" : 2785.73,
    "netProfitMargin" : 7.83,
    "netProfit" : 1324.36
  }, {
    "date" : "2025-03-31",
    "sales" : 21134.68,
    "salesGrowthYoY" : 6.71,
    "grossProfitMargin" : 59.83,
    "grossProfit" : 12644.88,
    "operatingProfitMargin" : 21.81,
    "operatingProfit" : 4609.47,
    "netProfitMargin" : 12.69,
    "netProfit" : 2681.99
  }, {
    "date" : "2025-06-30",
    "sales" : 19635.26,
    "salesGrowthYoY" : 7.41,
    "grossProfitMargin" : 59.88,
    "grossProfit" : 11757.59,
    "operatingProfitMargin" : 21.40,
    "operatingProfit" : 4201.95,
    "netProfitMargin" : 11.37,
    "netProfit" : 2232.53
  }, {
    "date" : "2025-09-30",
    "sales" : 17864.43,
    "salesGrowthYoY" : 14.77,
    "grossProfitMargin" : 58.19,
    "grossProfit" : 10395.31,
    "operatingProfitMargin" : 15.51,
    "operatingProfit" : 2770.77,
    "netProfitMargin" : 5.96,
    "netProfit" : 1064.72
  } ],
  "latestQuarterlyResult" : {
    "date" : "2025-09-30",
    "sales" : 17864.43,
    "salesGrowthYoY" : 14.77,
    "grossProfitMargin" : 58.19,
    "grossProfit" : 10395.31,
    "operatingProfitMargin" : 15.51,
    "operatingProfit" : 2770.77,
    "netProfitMargin" : 5.96,
    "netProfit" : 1064.72
  },
  "companyScore" : {
    "priceHigherThanDma50" : 0.00,
    "priceHigherThanDma100" : 0.00,
    "priceHigherThanDma200" : 0.00,
    "dma50HigherThanDma100" : 0.00,
    "dma50HigherThanDma200" : 5.00,
    "dma100HigherThanDma200" : 5.00,
    "pricePercentageAboveDma50" : 5.20,
    "pricePercentageAboveDma100" : 5.30,
    "pricePercentageAboveDma200" : 5.13,
    "weeklyVolumeHigherThanYearlyVolume" : 0.00,
    "salesGrowthPercentile" : 9.87,
    "operatingProfitMarginPercentile" : 6.68,
    "netProfitMarginPercentile" : 2.12,
    "totalTechnicalScore" : 25.62,
    "totalFundamentalScore" : 18.67,
    "totalScore" : 44.29
  }
}