{
  "metadata" : {
    "screenerCompanyId" : "3545",
    "companyCode" : "UNITECH",
    "companyName" : "Unitech",
    "screenerCompanyLink" : "https://www.screener.in/company/UNITECH",
    "screenerTechnicalHistoryLink" : "https://www.screener.in/api/company/3545/chart/?q=Price-DMA50-DMA200-Volume&days=365",
    "screenerQuarterlyResultsLink" : "https://www.screener.in/api/company/3545/chart/?q=GPM-OPM-NPM-Quarter+Sales&days=10000",
    "attributes" : {
      "companyCode" : "UNITECH",
      "companyName" : "Unitech",
      "marketCap" : 1565.00,
      "peRatio" : 0.00,
      "description" : "Incorporated in 1971, Unitech Ltd is in the business of Real Estate, Power Transmission and Hospitality[1]"
    },
    "companyScore" : {
      "priceHigherThanDma50" : 0.00,
      "priceHigherThanDma100" : 0.00,
      "priceHigherThanDma200" : 0.00,
      "dma50HigherThanDma100" : 0.00,
      "dma50HigherThanDma200" : 0.00,
      "dma100HigherThanDma200" : 0.00,
      "pricePercentageAboveDma50" : 5.51,
      "pricePercentageAboveDma100" : 5.74,
      "pricePercentageAboveDma200" : 5.94,
      "weeklyVolumeHigherThanYearlyVolume" : 5.00,
      "salesGrowthPercentile" : 18.73,
      "operatingProfitMarginPercentile" : 19.90,
      "netProfitMarginPercentile" : 9.90,
      "totalTechnicalScore" : 22.19,
      "totalFundamentalScore" : 48.53,
      "totalScore" : 70.72
    }
  },
  "attributes" : {
    "companyCode" : "UNITECH",
    "companyName" : "Unitech",
    "marketCap" : 1565.00,
    "peRatio" : 0.00,
    "description" : "Incorporated in 1971, Unitech Ltd is in the business of Real Estate, Power Transmission and Hospitality[1]"
  },
  "technicalHistory" : [ {
    "date" : "2024-12-09",
    "price" : 10.97,
    "dma50" : 10.03,
    "dma100" : null,
    "dma200" : 9.87,
    "volume" : 8958900.00
  }, {
    "date" : "2024-12-10",
    "price" : 10.42,
    "dma50" : 10.05,
    "dma100" : null,
    "dma200" : 9.87,
    "volume" : 3458681.00
  }, {
    "date" : "2024-12-11",
    "price" : 10.69,
    "dma50" : 10.07,
    "dma100" : null,
    "dma200" : 9.88,
    "volume" : 5683134.00
  }, {
    "date" : "2024-12-12",
    "price" : 10.30,
    "dma50" : 10.08,
    "dma100" : null,
    "dma200" : 9.89,
    "volume" : 3228535.00
  }, {
    "date" : "2024-12-13",
    "price" : 10.10,
    "dma50" : 10.08,
    "dma100" : null,
    "dma200" : 9.89,
    "volume" : 5012895.00
  }, {
    "date" : "2024-12-16",
    "price" : 9.98,
    "dma50" : 10.08,
    "dma100" : null,
    "dma200" : 9.89,
    "volume" : 3393167.00
  }, {
    "date" : "2024-12-17",
    "price" : 9.96,
    "dma50" : 10.07,
    "dma100" : null,
    "dma200" : 9.89,
    "volume" : 3389838.00
  }, {
    "date" : "2024-12-18",
    "price" : 9.82,
    "dma50" : 10.06,
    "dma100" : null,
    "dma200" : 9.89,
    "volume" : 3431827.00
  }, {
    "date" : "2024-12-19",
    "price" : 9.69,
    "dma50" : 10.05,
    "dma100" : null,
    "dma200" : 9.89,
    "volume" : 3832455.00
  }, {
    "date" : "2024-12-20",
    "price" : 9.55,
    "dma50" : 10.03,
    "dma100" : null,
    "dma200" : 9.88,
    "volume" : 4200683.00
  }, {
    "date" : "2024-12-23",
    "price" : 9.48,
    "dma50" : 10.01,
    "dma100" : null,
    "dma200" : 9.88,
    "volume" : 2867340.00
  }, {
    "date" : "2024-12-24",
    "price" : 9.31,
    "dma50" : 9.98,
    "dma100" : null,
    "dma200" : 9.87,
    "volume" : 3100849.00
  }, {
    "date" : "2024-12-26",
    "price" : 9.16,
    "dma50" : 9.95,
    "dma100" : null,
    "dma200" : 9.87,
    "volume" : 3968913.00
  }, {
    "date" : "2024-12-27",
    "price" : 9.20,
    "dma50" : 9.92,
    "dma100" : null,
    "dma200" : 9.86,
    "volume" : 2024716.00
  }, {
    "date" : "2024-12-30",
    "price" : 9.22,
    "dma50" : 9.89,
    "dma100" : null,
    "dma200" : 9.85,
    "volume" : 1637289.00
  }, {
    "date" : "2024-12-31",
    "price" : 9.21,
    "dma50" : 9.86,
    "dma100" : null,
    "dma200" : 9.85,
    "volume" : 1913009.00
  }, {
    "date" : "2025-01-01",
    "price" : 9.25,
    "dma50" : 9.84,
    "dma100" : null,
    "dma200" : 9.84,
    "volume" : 1873620.00
  }, {
    "date" : "2025-01-02",
    "price" : 9.71,
    "dma50" : 9.84,
    "dma100" : null,
    "dma200" : 9.84,
    "volume" : 2979935.00
  }, {
    "date" : "2025-01-03",
    "price" : 9.92,
    "dma50" : 9.84,
    "dma100" : null,
    "dma200" : 9.84,
    "volume" : 3969354.00
  }, {
    "date" : "2025-01-06",
    "price" : 9.42,
    "dma50" : 9.82,
    "dma100" : null,
    "dma200" : 9.84,
    "volume" : 2674377.00
  }, {
    "date" : "2025-01-07",
    "price" : 9.38,
    "dma50" : 9.80,
    "dma100" : null,
    "dma200" : 9.83,
    "volume" : 1950829.00
  }, {
    "date" : "2025-01-08",
    "price" : 9.16,
    "dma50" : 9.78,
    "dma100" : null,
    "dma200" : 9.82,
    "volume" : 3176983.00
  }, {
    "date" : "2025-01-09",
    "price" : 9.08,
    "dma50" : 9.75,
    "dma100" : null,
    "dma200" : 9.82,
    "volume" : 2778364.00
  }, {
    "date" : "2025-01-10",
    "price" : 8.96,
    "dma50" : 9.72,
    "dma100" : null,
    "dma200" : 9.81,
    "volume" : 3603159.00
  }, {
    "date" : "2025-01-13",
    "price" : 8.51,
    "dma50" : 9.67,
    "dma100" : null,
    "dma200" : 9.80,
    "volume" : 4729235.00
  }, {
    "date" : "2025-01-14",
    "price" : 8.49,
    "dma50" : 9.63,
    "dma100" : null,
    "dma200" : 9.78,
    "volume" : 5077598.00
  }, {
    "date" : "2025-01-15",
    "price" : 8.91,
    "dma50" : 9.60,
    "dma100" : null,
    "dma200" : 9.77,
    "volume" : 2207233.00
  }, {
    "date" : "2025-01-16",
    "price" : 9.35,
    "dma50" : 9.59,
    "dma100" : null,
    "dma200" : 9.77,
    "volume" : 3650687.00
  }, {
    "date" : "2025-01-17",
    "price" : 9.81,
    "dma50" : 9.60,
    "dma100" : null,
    "dma200" : 9.77,
    "volume" : 3517642.00
  }, {
    "date" : "2025-01-20",
    "price" : 10.30,
    "dma50" : 9.63,
    "dma100" : null,
    "dma200" : 9.78,
    "volume" : 3369772.00
  }, {
    "date" : "2025-01-21",
    "price" : 9.94,
    "dma50" : 9.64,
    "dma100" : null,
    "dma200" : 9.78,
    "volume" : 12262232.00
  }, {
    "date" : "2025-01-22",
    "price" : 9.54,
    "dma50" : 9.63,
    "dma100" : null,
    "dma200" : 9.78,
    "volume" : 3515459.00
  }, {
    "date" : "2025-01-23",
    "price" : 9.56,
    "dma50" : 9.63,
    "dma100" : null,
    "dma200" : 9.77,
    "volume" : 2066320.00
  }, {
    "date" : "2025-01-24",
    "price" : 9.39,
    "dma50" : 9.62,
    "dma100" : null,
    "dma200" : 9.77,
    "volume" : 2141344.00
  }, {
    "date" : "2025-01-27",
    "price" : 9.00,
    "dma50" : 9.60,
    "dma100" : null,
    "dma200" : 9.76,
    "volume" : 3361606.00
  }, {
    "date" : "2025-01-28",
    "price" : 8.89,
    "dma50" : 9.57,
    "dma100" : null,
    "dma200" : 9.75,
    "volume" : 3799557.00
  }, {
    "date" : "2025-01-29",
    "price" : 8.95,
    "dma50" : 9.55,
    "dma100" : null,
    "dma200" : 9.74,
    "volume" : 2904277.00
  }, {
    "date" : "2025-01-30",
    "price" : 9.04,
    "dma50" : 9.53,
    "dma100" : null,
    "dma200" : 9.74,
    "volume" : 2120138.00
  }, {
    "date" : "2025-01-31",
    "price" : 9.07,
    "dma50" : 9.51,
    "dma100" : null,
    "dma200" : 9.73,
    "volume" : 1858242.00
  }, {
    "date" : "2025-02-01",
    "price" : 9.02,
    "dma50" : 9.49,
    "dma100" : null,
    "dma200" : 9.72,
    "volume" : 2707142.00
  }, {
    "date" : "2025-02-03",
    "price" : 9.00,
    "dma50" : 9.47,
    "dma100" : null,
    "dma200" : 9.72,
    "volume" : 1989138.00
  }, {
    "date" : "2025-02-04",
    "price" : 9.07,
    "dma50" : 9.45,
    "dma100" : null,
    "dma200" : 9.71,
    "volume" : 1444016.00
  }, {
    "date" : "2025-02-05",
    "price" : 9.06,
    "dma50" : 9.44,
    "dma100" : null,
    "dma200" : 9.70,
    "volume" : 1676452.00
  }, {
    "date" : "2025-02-06",
    "price" : 9.36,
    "dma50" : 9.44,
    "dma100" : null,
    "dma200" : 9.70,
    "volume" : 3437838.00
  }, {
    "date" : "2025-02-07",
    "price" : 9.09,
    "dma50" : 9.42,
    "dma100" : null,
    "dma200" : 9.69,
    "volume" : 2034417.00
  }, {
    "date" : "2025-02-10",
    "price" : 8.79,
    "dma50" : 9.40,
    "dma100" : null,
    "dma200" : 9.69,
    "volume" : 5378047.00
  }, {
    "date" : "2025-02-11",
    "price" : 8.50,
    "dma50" : 9.36,
    "dma100" : null,
    "dma200" : 9.67,
    "volume" : 3758459.00
  }, {
    "date" : "2025-02-12",
    "price" : 8.76,
    "dma50" : 9.34,
    "dma100" : null,
    "dma200" : 9.66,
    "volume" : 3809981.00
  }, {
    "date" : "2025-02-13",
    "price" : 8.53,
    "dma50" : 9.31,
    "dma100" : null,
    "dma200" : 9.65,
    "volume" : 2729334.00
  }, {
    "date" : "2025-02-14",
    "price" : 8.16,
    "dma50" : 9.26,
    "dma100" : null,
    "dma200" : 9.64,
    "volume" : 3771153.00
  }, {
    "date" : "2025-02-17",
    "price" : 7.75,
    "dma50" : 9.20,
    "dma100" : null,
    "dma200" : 9.62,
    "volume" : 4270969.00
  }, {
    "date" : "2025-02-18",
    "price" : 7.36,
    "dma50" : 9.13,
    "dma100" : null,
    "dma200" : 9.60,
    "volume" : 2925804.00
  }, {
    "date" : "2025-02-19",
    "price" : 7.49,
    "dma50" : 9.07,
    "dma100" : null,
    "dma200" : 9.58,
    "volume" : 5139877.00
  }, {
    "date" : "2025-02-20",
    "price" : 7.32,
    "dma50" : 9.00,
    "dma100" : null,
    "dma200" : 9.55,
    "volume" : 4765970.00
  }, {
    "date" : "2025-02-21",
    "price" : 7.33,
    "dma50" : 8.93,
    "dma100" : null,
    "dma200" : 9.53,
    "volume" : 6710411.00
  }, {
    "date" : "2025-02-24",
    "price" : 7.20,
    "dma50" : 8.86,
    "dma100" : null,
    "dma200" : 9.51,
    "volume" : 8207789.00
  }, {
    "date" : "2025-02-25",
    "price" : 6.89,
    "dma50" : 8.79,
    "dma100" : null,
    "dma200" : 9.48,
    "volume" : 7316556.00
  }, {
    "date" : "2025-02-27",
    "price" : 6.54,
    "dma50" : 8.70,
    "dma100" : null,
    "dma200" : 9.45,
    "volume" : 4564283.00
  }, {
    "date" : "2025-02-28",
    "price" : 6.21,
    "dma50" : 8.60,
    "dma100" : null,
    "dma200" : 9.42,
    "volume" : 12486940.00
  }, {
    "date" : "2025-03-03",
    "price" : 5.89,
    "dma50" : 8.49,
    "dma100" : null,
    "dma200" : 9.39,
    "volume" : 3922221.00
  }, {
    "date" : "2025-03-04",
    "price" : 6.18,
    "dma50" : 8.40,
    "dma100" : null,
    "dma200" : 9.35,
    "volume" : 9672335.00
  }, {
    "date" : "2025-03-05",
    "price" : 6.48,
    "dma50" : 8.33,
    "dma100" : null,
    "dma200" : 9.33,
    "volume" : 5046690.00
  }, {
    "date" : "2025-03-06",
    "price" : 6.80,
    "dma50" : 8.27,
    "dma100" : null,
    "dma200" : 9.30,
    "volume" : 3371119.00
  }, {
    "date" : "2025-03-07",
    "price" : 7.14,
    "dma50" : 8.22,
    "dma100" : null,
    "dma200" : 9.28,
    "volume" : 5254346.00
  }, {
    "date" : "2025-03-10",
    "price" : 6.95,
    "dma50" : 8.17,
    "dma100" : null,
    "dma200" : 9.26,
    "volume" : 11308393.00
  }, {
    "date" : "2025-03-11",
    "price" : 6.82,
    "dma50" : 8.12,
    "dma100" : null,
    "dma200" : 9.23,
    "volume" : 6382405.00
  }, {
    "date" : "2025-03-12",
    "price" : 6.72,
    "dma50" : 8.07,
    "dma100" : null,
    "dma200" : 9.21,
    "volume" : 3184054.00
  }, {
    "date" : "2025-03-13",
    "price" : 6.50,
    "dma50" : 8.00,
    "dma100" : null,
    "dma200" : 9.18,
    "volume" : 4656851.00
  }, {
    "date" : "2025-03-17",
    "price" : 6.20,
    "dma50" : 7.93,
    "dma100" : null,
    "dma200" : 9.15,
    "volume" : 5781022.00
  }, {
    "date" : "2025-03-18",
    "price" : 6.51,
    "dma50" : 7.88,
    "dma100" : null,
    "dma200" : 9.12,
    "volume" : 4381310.00
  }, {
    "date" : "2025-03-19",
    "price" : 6.83,
    "dma50" : 7.84,
    "dma100" : null,
    "dma200" : 9.10,
    "volume" : 5557696.00
  }, {
    "date" : "2025-03-20",
    "price" : 6.56,
    "dma50" : 7.79,
    "dma100" : null,
    "dma200" : 9.08,
    "volume" : 9644726.00
  }, {
    "date" : "2025-03-21",
    "price" : 6.66,
    "dma50" : 7.74,
    "dma100" : null,
    "dma200" : 9.05,
    "volume" : 6944155.00
  }, {
    "date" : "2025-03-24",
    "price" : 6.38,
    "dma50" : 7.69,
    "dma100" : null,
    "dma200" : 9.02,
    "volume" : 11619134.00
  }, {
    "date" : "2025-03-25",
    "price" : 6.16,
    "dma50" : 7.63,
    "dma100" : null,
    "dma200" : 9.00,
    "volume" : 13201478.00
  }, {
    "date" : "2025-03-26",
    "price" : 5.85,
    "dma50" : 7.56,
    "dma100" : null,
    "dma200" : 8.96,
    "volume" : 12075015.00
  }, {
    "date" : "2025-03-27",
    "price" : 5.65,
    "dma50" : 7.48,
    "dma100" : null,
    "dma200" : 8.93,
    "volume" : 16005503.00
  }, {
    "date" : "2025-03-28",
    "price" : 5.91,
    "dma50" : 7.42,
    "dma100" : null,
    "dma200" : 8.90,
    "volume" : 10348286.00
  }, {
    "date" : "2025-04-01",
    "price" : 6.15,
    "dma50" : 7.37,
    "dma100" : null,
    "dma200" : 8.87,
    "volume" : 6347112.00
  }, {
    "date" : "2025-04-02",
    "price" : 6.25,
    "dma50" : 7.33,
    "dma100" : null,
    "dma200" : 8.85,
    "volume" : 3869448.00
  }, {
    "date" : "2025-04-03",
    "price" : 6.55,
    "dma50" : 7.30,
    "dma100" : null,
    "dma200" : 8.83,
    "volume" : 9330848.00
  }, {
    "date" : "2025-04-04",
    "price" : 6.23,
    "dma50" : 7.26,
    "dma100" : null,
    "dma200" : 8.80,
    "volume" : 4435403.00
  }, {
    "date" : "2025-04-07",
    "price" : 6.03,
    "dma50" : 7.21,
    "dma100" : null,
    "dma200" : 8.77,
    "volume" : 4762355.00
  }, {
    "date" : "2025-04-08",
    "price" : 6.22,
    "dma50" : 7.17,
    "dma100" : null,
    "dma200" : 8.75,
    "volume" : 2441889.00
  }, {
    "date" : "2025-04-09",
    "price" : 6.16,
    "dma50" : 7.13,
    "dma100" : null,
    "dma200" : 8.72,
    "volume" : 1151451.00
  }, {
    "date" : "2025-04-11",
    "price" : 6.25,
    "dma50" : 7.10,
    "dma100" : null,
    "dma200" : 8.70,
    "volume" : 2113460.00
  }, {
    "date" : "2025-04-15",
    "price" : 6.35,
    "dma50" : 7.07,
    "dma100" : null,
    "dma200" : 8.67,
    "volume" : 2511557.00
  }, {
    "date" : "2025-04-16",
    "price" : 6.28,
    "dma50" : 7.04,
    "dma100" : null,
    "dma200" : 8.65,
    "volume" : 1598831.00
  }, {
    "date" : "2025-04-17",
    "price" : 6.28,
    "dma50" : 7.01,
    "dma100" : null,
    "dma200" : 8.63,
    "volume" : 1690212.00
  }, {
    "date" : "2025-04-21",
    "price" : 6.59,
    "dma50" : 6.99,
    "dma100" : null,
    "dma200" : 8.61,
    "volume" : 4037036.00
  }, {
    "date" : "2025-04-22",
    "price" : 6.56,
    "dma50" : 6.97,
    "dma100" : null,
    "dma200" : 8.59,
    "volume" : 2990968.00
  }, {
    "date" : "2025-04-23",
    "price" : 6.49,
    "dma50" : 6.95,
    "dma100" : null,
    "dma200" : 8.56,
    "volume" : 3000365.00
  }, {
    "date" : "2025-04-24",
    "price" : 6.49,
    "dma50" : 6.94,
    "dma100" : null,
    "dma200" : 8.54,
    "volume" : 1659130.00
  }, {
    "date" : "2025-04-25",
    "price" : 6.30,
    "dma50" : 6.91,
    "dma100" : null,
    "dma200" : 8.52,
    "volume" : 3972648.00
  }, {
    "date" : "2025-04-28",
    "price" : 6.11,
    "dma50" : 6.88,
    "dma100" : null,
    "dma200" : 8.50,
    "volume" : 3056351.00
  }, {
    "date" : "2025-04-29",
    "price" : 6.09,
    "dma50" : 6.85,
    "dma100" : null,
    "dma200" : 8.47,
    "volume" : 2265774.00
  }, {
    "date" : "2025-04-30",
    "price" : 5.95,
    "dma50" : 6.81,
    "dma100" : null,
    "dma200" : 8.45,
    "volume" : 2725091.00
  }, {
    "date" : "2025-05-02",
    "price" : 5.82,
    "dma50" : 6.77,
    "dma100" : null,
    "dma200" : 8.42,
    "volume" : 2763916.00
  }, {
    "date" : "2025-05-05",
    "price" : 5.91,
    "dma50" : 6.74,
    "dma100" : null,
    "dma200" : 8.40,
    "volume" : 1744243.00
  }, {
    "date" : "2025-05-06",
    "price" : 5.73,
    "dma50" : 6.70,
    "dma100" : null,
    "dma200" : 8.37,
    "volume" : 2413544.00
  }, {
    "date" : "2025-05-07",
    "price" : 5.87,
    "dma50" : 6.67,
    "dma100" : 7.86,
    "dma200" : 8.35,
    "volume" : 3967038.00
  }, {
    "date" : "2025-05-08",
    "price" : 5.82,
    "dma50" : 6.63,
    "dma100" : 7.81,
    "dma200" : 8.32,
    "volume" : 1804499.00
  }, {
    "date" : "2025-05-09",
    "price" : 5.76,
    "dma50" : 6.60,
    "dma100" : 7.76,
    "dma200" : 8.29,
    "volume" : 2909439.00
  }, {
    "date" : "2025-05-12",
    "price" : 6.04,
    "dma50" : 6.58,
    "dma100" : 7.72,
    "dma200" : 8.27,
    "volume" : 2629415.00
  }, {
    "date" : "2025-05-13",
    "price" : 6.06,
    "dma50" : 6.56,
    "dma100" : 7.68,
    "dma200" : 8.25,
    "volume" : 3045386.00
  }, {
    "date" : "2025-05-14",
    "price" : 6.23,
    "dma50" : 6.55,
    "dma100" : 7.64,
    "dma200" : 8.23,
    "volume" : 3873542.00
  }, {
    "date" : "2025-05-15",
    "price" : 6.17,
    "dma50" : 6.53,
    "dma100" : 7.61,
    "dma200" : 8.21,
    "volume" : 2259869.00
  }, {
    "date" : "2025-05-16",
    "price" : 6.41,
    "dma50" : 6.53,
    "dma100" : 7.57,
    "dma200" : 8.19,
    "volume" : 5312617.00
  }, {
    "date" : "2025-05-19",
    "price" : 6.51,
    "dma50" : 6.53,
    "dma100" : 7.54,
    "dma200" : 8.18,
    "volume" : 3941130.00
  }, {
    "date" : "2025-05-20",
    "price" : 6.22,
    "dma50" : 6.51,
    "dma100" : 7.51,
    "dma200" : 8.16,
    "volume" : 4558524.00
  }, {
    "date" : "2025-05-21",
    "price" : 6.53,
    "dma50" : 6.51,
    "dma100" : 7.48,
    "dma200" : 8.14,
    "volume" : 4145179.00
  }, {
    "date" : "2025-05-22",
    "price" : 6.48,
    "dma50" : 6.51,
    "dma100" : 7.45,
    "dma200" : 8.12,
    "volume" : 3033106.00
  }, {
    "date" : "2025-05-23",
    "price" : 6.26,
    "dma50" : 6.50,
    "dma100" : 7.42,
    "dma200" : 8.10,
    "volume" : 3556596.00
  }, {
    "date" : "2025-05-26",
    "price" : 6.39,
    "dma50" : 6.50,
    "dma100" : 7.39,
    "dma200" : 8.09,
    "volume" : 3373105.00
  }, {
    "date" : "2025-05-27",
    "price" : 6.39,
    "dma50" : 6.49,
    "dma100" : 7.36,
    "dma200" : 8.07,
    "volume" : 1490653.00
  }, {
    "date" : "2025-05-28",
    "price" : 6.37,
    "dma50" : 6.49,
    "dma100" : 7.34,
    "dma200" : 8.05,
    "volume" : 1450901.00
  }, {
    "date" : "2025-05-29",
    "price" : 6.35,
    "dma50" : 6.48,
    "dma100" : 7.31,
    "dma200" : 8.04,
    "volume" : 1867144.00
  }, {
    "date" : "2025-05-30",
    "price" : 6.49,
    "dma50" : 6.48,
    "dma100" : 7.27,
    "dma200" : 8.02,
    "volume" : 4593405.00
  }, {
    "date" : "2025-06-02",
    "price" : 6.81,
    "dma50" : 6.50,
    "dma100" : 7.24,
    "dma200" : 8.01,
    "volume" : 6486133.00
  }, {
    "date" : "2025-06-03",
    "price" : 7.15,
    "dma50" : 6.52,
    "dma100" : 7.22,
    "dma200" : 8.00,
    "volume" : 7048415.00
  }, {
    "date" : "2025-06-04",
    "price" : 7.50,
    "dma50" : 6.56,
    "dma100" : 7.20,
    "dma200" : 8.00,
    "volume" : 9145817.00
  }, {
    "date" : "2025-06-05",
    "price" : 7.87,
    "dma50" : 6.61,
    "dma100" : 7.19,
    "dma200" : 7.99,
    "volume" : 5317312.00
  }, {
    "date" : "2025-06-06",
    "price" : 8.26,
    "dma50" : 6.68,
    "dma100" : 7.18,
    "dma200" : 8.00,
    "volume" : 7956926.00
  }, {
    "date" : "2025-06-09",
    "price" : 8.67,
    "dma50" : 6.75,
    "dma100" : 7.18,
    "dma200" : 8.00,
    "volume" : 4551347.00
  }, {
    "date" : "2025-06-10",
    "price" : 9.10,
    "dma50" : 6.85,
    "dma100" : 7.18,
    "dma200" : 8.01,
    "volume" : 3602068.00
  }, {
    "date" : "2025-06-11",
    "price" : 9.55,
    "dma50" : 6.95,
    "dma100" : 7.19,
    "dma200" : 8.03,
    "volume" : 3114952.00
  }, {
    "date" : "2025-06-12",
    "price" : 10.02,
    "dma50" : 7.07,
    "dma100" : 7.21,
    "dma200" : 8.05,
    "volume" : 6782112.00
  }, {
    "date" : "2025-06-13",
    "price" : 9.74,
    "dma50" : 7.18,
    "dma100" : 7.21,
    "dma200" : 8.07,
    "volume" : 39468097.00
  }, {
    "date" : "2025-06-16",
    "price" : 9.25,
    "dma50" : 7.26,
    "dma100" : 7.20,
    "dma200" : 8.08,
    "volume" : 13420388.00
  }, {
    "date" : "2025-06-17",
    "price" : 8.78,
    "dma50" : 7.32,
    "dma100" : 7.19,
    "dma200" : 8.09,
    "volume" : 2877362.00
  }, {
    "date" : "2025-06-18",
    "price" : 8.34,
    "dma50" : 7.36,
    "dma100" : 7.17,
    "dma200" : 8.09,
    "volume" : 20059998.00
  }, {
    "date" : "2025-06-19",
    "price" : 7.92,
    "dma50" : 7.38,
    "dma100" : 7.16,
    "dma200" : 8.09,
    "volume" : 3686618.00
  }, {
    "date" : "2025-06-20",
    "price" : 7.83,
    "dma50" : 7.40,
    "dma100" : 7.14,
    "dma200" : 8.08,
    "volume" : 13695053.00
  }, {
    "date" : "2025-06-23",
    "price" : 8.22,
    "dma50" : 7.43,
    "dma100" : 7.13,
    "dma200" : 8.09,
    "volume" : 5235826.00
  }, {
    "date" : "2025-06-24",
    "price" : 8.63,
    "dma50" : 7.48,
    "dma100" : 7.12,
    "dma200" : 8.09,
    "volume" : 2520980.00
  }, {
    "date" : "2025-06-25",
    "price" : 9.06,
    "dma50" : 7.54,
    "dma100" : 7.13,
    "dma200" : 8.10,
    "volume" : 13154600.00
  }, {
    "date" : "2025-06-26",
    "price" : 8.62,
    "dma50" : 7.58,
    "dma100" : 7.12,
    "dma200" : 8.11,
    "volume" : 9562441.00
  }, {
    "date" : "2025-06-27",
    "price" : 8.53,
    "dma50" : 7.62,
    "dma100" : 7.12,
    "dma200" : 8.11,
    "volume" : 6589154.00
  }, {
    "date" : "2025-06-30",
    "price" : 8.61,
    "dma50" : 7.66,
    "dma100" : 7.11,
    "dma200" : 8.11,
    "volume" : 4151222.00
  }, {
    "date" : "2025-07-01",
    "price" : 8.61,
    "dma50" : 7.70,
    "dma100" : 7.11,
    "dma200" : 8.12,
    "volume" : 5811609.00
  }, {
    "date" : "2025-07-02",
    "price" : 8.43,
    "dma50" : 7.72,
    "dma100" : 7.10,
    "dma200" : 8.12,
    "volume" : 2888686.00
  }, {
    "date" : "2025-07-03",
    "price" : 8.38,
    "dma50" : 7.75,
    "dma100" : 7.10,
    "dma200" : 8.13,
    "volume" : 2876922.00
  }, {
    "date" : "2025-07-04",
    "price" : 8.21,
    "dma50" : 7.77,
    "dma100" : 7.09,
    "dma200" : 8.13,
    "volume" : 2028971.00
  }, {
    "date" : "2025-07-07",
    "price" : 8.12,
    "dma50" : 7.78,
    "dma100" : 7.07,
    "dma200" : 8.13,
    "volume" : 2419699.00
  }, {
    "date" : "2025-07-08",
    "price" : 8.12,
    "dma50" : 7.79,
    "dma100" : 7.06,
    "dma200" : 8.13,
    "volume" : 1806198.00
  }, {
    "date" : "2025-07-09",
    "price" : 8.11,
    "dma50" : 7.81,
    "dma100" : 7.06,
    "dma200" : 8.13,
    "volume" : 2321357.00
  }, {
    "date" : "2025-07-10",
    "price" : 8.12,
    "dma50" : 7.82,
    "dma100" : 7.05,
    "dma200" : 8.13,
    "volume" : 2556104.00
  }, {
    "date" : "2025-07-11",
    "price" : 8.06,
    "dma50" : 7.83,
    "dma100" : 7.05,
    "dma200" : 8.12,
    "volume" : 2632686.00
  }, {
    "date" : "2025-07-14",
    "price" : 7.95,
    "dma50" : 7.83,
    "dma100" : 7.04,
    "dma200" : 8.12,
    "volume" : 2968311.00
  }, {
    "date" : "2025-07-15",
    "price" : 7.93,
    "dma50" : 7.84,
    "dma100" : 7.04,
    "dma200" : 8.12,
    "volume" : 2195434.00
  }, {
    "date" : "2025-07-16",
    "price" : 7.97,
    "dma50" : 7.84,
    "dma100" : 7.04,
    "dma200" : 8.12,
    "volume" : 1941366.00
  }, {
    "date" : "2025-07-17",
    "price" : 8.02,
    "dma50" : 7.85,
    "dma100" : 7.05,
    "dma200" : 8.12,
    "volume" : 1638037.00
  }, {
    "date" : "2025-07-18",
    "price" : 7.95,
    "dma50" : 7.85,
    "dma100" : 7.05,
    "dma200" : 8.12,
    "volume" : 1520321.00
  }, {
    "date" : "2025-07-21",
    "price" : 7.82,
    "dma50" : 7.85,
    "dma100" : 7.06,
    "dma200" : 8.11,
    "volume" : 2123244.00
  }, {
    "date" : "2025-07-22",
    "price" : 7.65,
    "dma50" : 7.84,
    "dma100" : 7.06,
    "dma200" : 8.11,
    "volume" : 2681436.00
  }, {
    "date" : "2025-07-23",
    "price" : 7.70,
    "dma50" : 7.84,
    "dma100" : 7.07,
    "dma200" : 8.11,
    "volume" : 2225075.00
  }, {
    "date" : "2025-07-24",
    "price" : 7.68,
    "dma50" : 7.83,
    "dma100" : 7.07,
    "dma200" : 8.10,
    "volume" : 1640775.00
  }, {
    "date" : "2025-07-25",
    "price" : 7.39,
    "dma50" : 7.82,
    "dma100" : 7.08,
    "dma200" : 8.09,
    "volume" : 2418336.00
  }, {
    "date" : "2025-07-28",
    "price" : 7.08,
    "dma50" : 7.79,
    "dma100" : 7.09,
    "dma200" : 8.08,
    "volume" : 3197455.00
  }, {
    "date" : "2025-07-29",
    "price" : 7.43,
    "dma50" : 7.77,
    "dma100" : 7.11,
    "dma200" : 8.08,
    "volume" : 2973918.00
  }, {
    "date" : "2025-07-30",
    "price" : 7.36,
    "dma50" : 7.76,
    "dma100" : 7.12,
    "dma200" : 8.07,
    "volume" : 2988888.00
  }, {
    "date" : "2025-07-31",
    "price" : 7.23,
    "dma50" : 7.74,
    "dma100" : 7.13,
    "dma200" : 8.06,
    "volume" : 1780947.00
  }, {
    "date" : "2025-08-01",
    "price" : 7.13,
    "dma50" : 7.71,
    "dma100" : 7.13,
    "dma200" : 8.05,
    "volume" : 2281788.00
  }, {
    "date" : "2025-08-04",
    "price" : 7.10,
    "dma50" : 7.69,
    "dma100" : 7.13,
    "dma200" : 8.04,
    "volume" : 1793992.00
  }, {
    "date" : "2025-08-05",
    "price" : 7.06,
    "dma50" : 7.66,
    "dma100" : 7.13,
    "dma200" : 8.03,
    "volume" : 1635389.00
  }, {
    "date" : "2025-08-06",
    "price" : 6.98,
    "dma50" : 7.64,
    "dma100" : 7.13,
    "dma200" : 8.02,
    "volume" : 1929673.00
  }, {
    "date" : "2025-08-07",
    "price" : 6.93,
    "dma50" : 7.61,
    "dma100" : 7.13,
    "dma200" : 8.01,
    "volume" : 2995500.00
  }, {
    "date" : "2025-08-08",
    "price" : 6.91,
    "dma50" : 7.58,
    "dma100" : 7.14,
    "dma200" : 8.00,
    "volume" : 1300163.00
  }, {
    "date" : "2025-08-11",
    "price" : 7.25,
    "dma50" : 7.57,
    "dma100" : 7.15,
    "dma200" : 7.99,
    "volume" : 1919196.00
  }, {
    "date" : "2025-08-12",
    "price" : 7.61,
    "dma50" : 7.57,
    "dma100" : 7.16,
    "dma200" : 7.99,
    "volume" : 2134975.00
  }, {
    "date" : "2025-08-13",
    "price" : 7.39,
    "dma50" : 7.56,
    "dma100" : 7.16,
    "dma200" : 7.98,
    "volume" : 2765558.00
  }, {
    "date" : "2025-08-14",
    "price" : 7.03,
    "dma50" : 7.54,
    "dma100" : 7.17,
    "dma200" : 7.97,
    "volume" : 3171957.00
  }, {
    "date" : "2025-08-18",
    "price" : 7.18,
    "dma50" : 7.53,
    "dma100" : 7.17,
    "dma200" : 7.97,
    "volume" : 2109918.00
  }, {
    "date" : "2025-08-19",
    "price" : 7.11,
    "dma50" : 7.51,
    "dma100" : 7.18,
    "dma200" : 7.96,
    "volume" : 1469423.00
  }, {
    "date" : "2025-08-20",
    "price" : 7.09,
    "dma50" : 7.49,
    "dma100" : 7.19,
    "dma200" : 7.95,
    "volume" : 2291002.00
  }, {
    "date" : "2025-08-21",
    "price" : 7.05,
    "dma50" : 7.48,
    "dma100" : 7.20,
    "dma200" : 7.94,
    "volume" : 2434613.00
  }, {
    "date" : "2025-08-22",
    "price" : 7.39,
    "dma50" : 7.47,
    "dma100" : 7.22,
    "dma200" : 7.93,
    "volume" : 6026062.00
  }, {
    "date" : "2025-08-25",
    "price" : 7.20,
    "dma50" : 7.46,
    "dma100" : 7.23,
    "dma200" : 7.93,
    "volume" : 2339191.00
  }, {
    "date" : "2025-08-26",
    "price" : 7.04,
    "dma50" : 7.45,
    "dma100" : 7.24,
    "dma200" : 7.92,
    "volume" : 2053017.00
  }, {
    "date" : "2025-08-28",
    "price" : 6.91,
    "dma50" : 7.43,
    "dma100" : 7.25,
    "dma200" : 7.91,
    "volume" : 2588852.00
  }, {
    "date" : "2025-08-29",
    "price" : 7.11,
    "dma50" : 7.41,
    "dma100" : 7.25,
    "dma200" : 7.90,
    "volume" : 3242948.00
  }, {
    "date" : "2025-09-01",
    "price" : 7.01,
    "dma50" : 7.40,
    "dma100" : 7.26,
    "dma200" : 7.89,
    "volume" : 4074816.00
  }, {
    "date" : "2025-09-02",
    "price" : 7.00,
    "dma50" : 7.38,
    "dma100" : 7.27,
    "dma200" : 7.88,
    "volume" : 3440840.00
  }, {
    "date" : "2025-09-03",
    "price" : 6.98,
    "dma50" : 7.37,
    "dma100" : 7.28,
    "dma200" : 7.87,
    "volume" : 3865085.00
  }, {
    "date" : "2025-09-04",
    "price" : 6.90,
    "dma50" : 7.35,
    "dma100" : 7.29,
    "dma200" : 7.86,
    "volume" : 2476762.00
  }, {
    "date" : "2025-09-05",
    "price" : 6.94,
    "dma50" : 7.33,
    "dma100" : 7.29,
    "dma200" : 7.86,
    "volume" : 2608289.00
  }, {
    "date" : "2025-09-08",
    "price" : 6.93,
    "dma50" : 7.32,
    "dma100" : 7.30,
    "dma200" : 7.85,
    "volume" : 1546246.00
  }, {
    "date" : "2025-09-09",
    "price" : 6.85,
    "dma50" : 7.30,
    "dma100" : 7.31,
    "dma200" : 7.84,
    "volume" : 2698038.00
  }, {
    "date" : "2025-09-10",
    "price" : 6.81,
    "dma50" : 7.28,
    "dma100" : 7.31,
    "dma200" : 7.83,
    "volume" : 2756556.00
  }, {
    "date" : "2025-09-11",
    "price" : 6.81,
    "dma50" : 7.26,
    "dma100" : 7.31,
    "dma200" : 7.82,
    "volume" : 1799343.00
  }, {
    "date" : "2025-09-12",
    "price" : 6.90,
    "dma50" : 7.25,
    "dma100" : 7.32,
    "dma200" : 7.81,
    "volume" : 3525148.00
  }, {
    "date" : "2025-09-15",
    "price" : 6.94,
    "dma50" : 7.23,
    "dma100" : 7.32,
    "dma200" : 7.80,
    "volume" : 3345462.00
  }, {
    "date" : "2025-09-16",
    "price" : 6.91,
    "dma50" : 7.22,
    "dma100" : 7.32,
    "dma200" : 7.79,
    "volume" : 3410389.00
  }, {
    "date" : "2025-09-17",
    "price" : 6.96,
    "dma50" : 7.21,
    "dma100" : 7.33,
    "dma200" : 7.78,
    "volume" : 2035266.00
  }, {
    "date" : "2025-09-18",
    "price" : 7.30,
    "dma50" : 7.21,
    "dma100" : 7.34,
    "dma200" : 7.78,
    "volume" : 6146948.00
  }, {
    "date" : "2025-09-19",
    "price" : 7.65,
    "dma50" : 7.23,
    "dma100" : 7.36,
    "dma200" : 7.77,
    "volume" : 9453972.00
  }, {
    "date" : "2025-09-22",
    "price" : 7.35,
    "dma50" : 7.24,
    "dma100" : 7.37,
    "dma200" : 7.77,
    "volume" : 5144791.00
  }, {
    "date" : "2025-09-23",
    "price" : 7.14,
    "dma50" : 7.23,
    "dma100" : 7.39,
    "dma200" : 7.76,
    "volume" : 2558580.00
  }, {
    "date" : "2025-09-24",
    "price" : 7.11,
    "dma50" : 7.23,
    "dma100" : 7.40,
    "dma200" : 7.76,
    "volume" : 2753756.00
  }, {
    "date" : "2025-09-25",
    "price" : 7.45,
    "dma50" : 7.24,
    "dma100" : 7.42,
    "dma200" : 7.75,
    "volume" : 6815516.00
  }, {
    "date" : "2025-09-26",
    "price" : 7.10,
    "dma50" : 7.23,
    "dma100" : 7.43,
    "dma200" : 7.75,
    "volume" : 2930649.00
  }, {
    "date" : "2025-09-29",
    "price" : 7.45,
    "dma50" : 7.24,
    "dma100" : 7.44,
    "dma200" : 7.75,
    "volume" : 3544768.00
  }, {
    "date" : "2025-09-30",
    "price" : 7.39,
    "dma50" : 7.25,
    "dma100" : 7.46,
    "dma200" : 7.74,
    "volume" : 7243573.00
  }, {
    "date" : "2025-10-01",
    "price" : 7.20,
    "dma50" : 7.24,
    "dma100" : 7.47,
    "dma200" : 7.74,
    "volume" : 4247843.00
  }, {
    "date" : "2025-10-03",
    "price" : 7.56,
    "dma50" : 7.26,
    "dma100" : 7.49,
    "dma200" : 7.73,
    "volume" : 5384408.00
  }, {
    "date" : "2025-10-06",
    "price" : 7.51,
    "dma50" : 7.27,
    "dma100" : 7.50,
    "dma200" : 7.73,
    "volume" : 6230921.00
  }, {
    "date" : "2025-10-07",
    "price" : 7.39,
    "dma50" : 7.27,
    "dma100" : 7.51,
    "dma200" : 7.73,
    "volume" : 3843271.00
  }, {
    "date" : "2025-10-08",
    "price" : 7.24,
    "dma50" : 7.27,
    "dma100" : 7.52,
    "dma200" : 7.72,
    "volume" : 3752958.00
  }, {
    "date" : "2025-10-09",
    "price" : 7.36,
    "dma50" : 7.27,
    "dma100" : 7.53,
    "dma200" : 7.72,
    "volume" : 10473410.00
  }, {
    "date" : "2025-10-10",
    "price" : 7.38,
    "dma50" : 7.28,
    "dma100" : 7.54,
    "dma200" : 7.72,
    "volume" : 4140626.00
  }, {
    "date" : "2025-10-13",
    "price" : 7.26,
    "dma50" : 7.28,
    "dma100" : 7.55,
    "dma200" : 7.71,
    "volume" : 7235106.00
  }, {
    "date" : "2025-10-14",
    "price" : 7.12,
    "dma50" : 7.27,
    "dma100" : 7.55,
    "dma200" : 7.71,
    "volume" : 4051991.00
  }, {
    "date" : "2025-10-15",
    "price" : 7.18,
    "dma50" : 7.27,
    "dma100" : 7.56,
    "dma200" : 7.70,
    "volume" : 4148991.00
  }, {
    "date" : "2025-10-16",
    "price" : 7.06,
    "dma50" : 7.26,
    "dma100" : 7.57,
    "dma200" : 7.70,
    "volume" : 4690206.00
  }, {
    "date" : "2025-10-17",
    "price" : 6.99,
    "dma50" : 7.25,
    "dma100" : 7.58,
    "dma200" : 7.69,
    "volume" : 16729457.00
  }, {
    "date" : "2025-10-20",
    "price" : 7.14,
    "dma50" : 7.24,
    "dma100" : 7.58,
    "dma200" : 7.68,
    "volume" : 3373999.00
  }, {
    "date" : "2025-10-21",
    "price" : 7.12,
    "dma50" : 7.24,
    "dma100" : 7.59,
    "dma200" : 7.68,
    "volume" : 818597.00
  }, {
    "date" : "2025-10-23",
    "price" : 7.14,
    "dma50" : 7.24,
    "dma100" : 7.60,
    "dma200" : 7.67,
    "volume" : 2125580.00
  }, {
    "date" : "2025-10-24",
    "price" : 7.01,
    "dma50" : 7.23,
    "dma100" : 7.60,
    "dma200" : 7.67,
    "volume" : 3208473.00
  }, {
    "date" : "2025-10-27",
    "price" : 7.12,
    "dma50" : 7.22,
    "dma100" : 7.60,
    "dma200" : 7.66,
    "volume" : 4417715.00
  }, {
    "date" : "2025-10-28",
    "price" : 7.05,
    "dma50" : 7.22,
    "dma100" : 7.59,
    "dma200" : 7.65,
    "volume" : 3371758.00
  }, {
    "date" : "2025-10-29",
    "price" : 6.99,
    "dma50" : 7.21,
    "dma100" : 7.59,
    "dma200" : 7.65,
    "volume" : 5206497.00
  }, {
    "date" : "2025-10-30",
    "price" : 6.96,
    "dma50" : 7.20,
    "dma100" : 7.57,
    "dma200" : 7.64,
    "volume" : 2437397.00
  }, {
    "date" : "2025-10-31",
    "price" : 6.95,
    "dma50" : 7.19,
    "dma100" : 7.56,
    "dma200" : 7.63,
    "volume" : 1903009.00
  }, {
    "date" : "2025-11-03",
    "price" : 7.24,
    "dma50" : 7.19,
    "dma100" : 7.54,
    "dma200" : 7.63,
    "volume" : 23935483.00
  }, {
    "date" : "2025-11-04",
    "price" : 7.02,
    "dma50" : 7.18,
    "dma100" : 7.51,
    "dma200" : 7.62,
    "volume" : 6774753.00
  }, {
    "date" : "2025-11-06",
    "price" : 6.88,
    "dma50" : 7.17,
    "dma100" : 7.48,
    "dma200" : 7.62,
    "volume" : 5342154.00
  }, {
    "date" : "2025-11-07",
    "price" : 6.84,
    "dma50" : 7.16,
    "dma100" : 7.45,
    "dma200" : 7.61,
    "volume" : 4192681.00
  }, {
    "date" : "2025-11-10",
    "price" : 6.84,
    "dma50" : 7.15,
    "dma100" : 7.43,
    "dma200" : 7.60,
    "volume" : 2199442.00
  }, {
    "date" : "2025-11-11",
    "price" : 6.81,
    "dma50" : 7.13,
    "dma100" : 7.41,
    "dma200" : 7.59,
    "volume" : 4656333.00
  }, {
    "date" : "2025-11-12",
    "price" : 6.89,
    "dma50" : 7.12,
    "dma100" : 7.39,
    "dma200" : 7.59,
    "volume" : 3485427.00
  }, {
    "date" : "2025-11-13",
    "price" : 6.83,
    "dma50" : 7.11,
    "dma100" : 7.38,
    "dma200" : 7.58,
    "volume" : 2329797.00
  }, {
    "date" : "2025-11-14",
    "price" : 6.80,
    "dma50" : 7.10,
    "dma100" : 7.37,
    "dma200" : 7.57,
    "volume" : 3514297.00
  }, {
    "date" : "2025-11-17",
    "price" : 6.66,
    "dma50" : 7.08,
    "dma100" : 7.36,
    "dma200" : 7.56,
    "volume" : 5286113.00
  }, {
    "date" : "2025-11-18",
    "price" : 6.63,
    "dma50" : 7.06,
    "dma100" : 7.34,
    "dma200" : 7.55,
    "volume" : 3661253.00
  }, {
    "date" : "2025-11-19",
    "price" : 6.45,
    "dma50" : 7.04,
    "dma100" : 7.31,
    "dma200" : 7.54,
    "volume" : 4187965.00
  }, {
    "date" : "2025-11-20",
    "price" : 6.35,
    "dma50" : 7.01,
    "dma100" : 7.29,
    "dma200" : 7.53,
    "volume" : 4936383.00
  }, {
    "date" : "2025-11-21",
    "price" : 6.21,
    "dma50" : 6.98,
    "dma100" : 7.26,
    "dma200" : 7.52,
    "volume" : 4840111.00
  }, {
    "date" : "2025-11-24",
    "price" : 6.07,
    "dma50" : 6.95,
    "dma100" : 7.24,
    "dma200" : 7.50,
    "volume" : 4372447.00
  }, {
    "date" : "2025-11-25",
    "price" : 6.14,
    "dma50" : 6.91,
    "dma100" : 7.21,
    "dma200" : 7.49,
    "volume" : 3610254.00
  }, {
    "date" : "2025-11-26",
    "price" : 6.15,
    "dma50" : 6.88,
    "dma100" : 7.19,
    "dma200" : 7.47,
    "volume" : 2440445.00
  }, {
    "date" : "2025-11-27",
    "price" : 6.32,
    "dma50" : 6.86,
    "dma100" : 7.17,
    "dma200" : 7.46,
    "volume" : 4730133.00
  }, {
    "date" : "2025-11-28",
    "price" : 6.18,
    "dma50" : 6.84,
    "dma100" : 7.15,
    "dma200" : 7.45,
    "volume" : 3088833.00
  }, {
    "date" : "2025-12-01",
    "price" : 6.16,
    "dma50" : 6.81,
    "dma100" : 7.13,
    "dma200" : 7.44,
    "volume" : 3173749.00
  }, {
    "date" : "2025-12-02",
    "price" : 6.07,
    "dma50" : 6.78,
    "dma100" : 7.11,
    "dma200" : 7.42,
    "volume" : 3606937.00
  }, {
    "date" : "2025-12-03",
    "price" : 5.95,
    "dma50" : 6.75,
    "dma100" : 7.09,
    "dma200" : 7.41,
    "volume" : 4853522.00
  }, {
    "date" : "2025-12-04",
    "price" : 5.98,
    "dma50" : 6.72,
    "dma100" : 7.07,
    "dma200" : 7.40,
    "volume" : 2498512.00
  }, {
    "date" : "2025-12-05",
    "price" : 6.23,
    "dma50" : 6.70,
    "dma100" : 7.05,
    "dma200" : 7.38,
    "volume" : 8377969.00
  }, {
    "date" : "2025-12-08",
    "price" : 5.99,
    "dma50" : 6.67,
    "dma100" : 7.03,
    "dma200" : 7.37,
    "volume" : 4968162.00
  } ],
  "latestTechnicalAttributes" : {
    "date" : "2025-12-08",
    "price" : 5.99,
    "dma50" : 6.67,
    "dma100" : 7.03,
    "dma200" : 7.37,
    "volume" : 4968162.00
  },
  "quarterlyResults" : [ {
    "date" : "2005-03-31",
    "sales" : 119.63,
    "salesGrowthYoY" : null,
    "grossProfitMargin" : 7.41,
    "grossProfit" : 8.86,
    "operatingProfitMargin" : 5.62,
    "operatingProfit" : 6.72,
    "netProfitMargin" : 5.39,
    "netProfit" : 6.45
  }, {
    "date" : "2005-06-30",
    "sales" : 141.76,
    "salesGrowthYoY" : null,
    "grossProfitMargin" : 15.65,
    "grossProfit" : 22.19,
    "operatingProfitMargin" : 12.34,
    "operatingProfit" : 17.49,
    "netProfitMargin" : 5.13,
    "netProfit" : 7.27
  }, {
    "date" : "2005-09-30",
    "sales" : 131.41,
    "salesGrowthYoY" : null,
    "grossProfitMargin" : 21.20,
    "grossProfit" : 27.86,
    "operatingProfitMargin" : 16.75,
    "operatingProfit" : 22.01,
    "netProfitMargin" : 9.28,
    "netProfit" : 12.19
  }, {
    "date" : "2005-12-31",
    "sales" : 171.91,
    "salesGrowthYoY" : null,
    "grossProfitMargin" : 17.82,
    "grossProfit" : 30.63,
    "operatingProfitMargin" : 13.79,
    "operatingProfit" : 23.71,
    "netProfitMargin" : 8.00,
    "netProfit" : 13.75
  }, {
    "date" : "2006-03-31",
    "sales" : 208.05,
    "salesGrowthYoY" : 73.91,
    "grossProfitMargin" : 32.11,
    "grossProfit" : 66.80,
    "operatingProfitMargin" : 28.32,
    "operatingProfit" : 58.92,
    "netProfitMargin" : 17.04,
    "netProfit" : 35.45
  }, {
    "date" : "2006-06-30",
    "sales" : 267.76,
    "salesGrowthYoY" : 88.88,
    "grossProfitMargin" : 32.53,
    "grossProfit" : 87.10,
    "operatingProfitMargin" : 28.38,
    "operatingProfit" : 75.99,
    "netProfitMargin" : 19.10,
    "netProfit" : 51.14
  }, {
    "date" : "2006-09-30",
    "sales" : 384.76,
    "salesGrowthYoY" : 192.79,
    "grossProfitMargin" : 101.40,
    "grossProfit" : 390.15,
    "operatingProfitMargin" : 34.15,
    "operatingProfit" : 131.40,
    "netProfitMargin" : 26.01,
    "netProfit" : 100.08
  }, {
    "date" : "2006-12-31",
    "sales" : 1002.74,
    "salesGrowthYoY" : 483.29,
    "grossProfitMargin" : 99.75,
    "grossProfit" : 1000.23,
    "operatingProfitMargin" : 69.31,
    "operatingProfit" : 695.00,
    "netProfitMargin" : 45.11,
    "netProfit" : 452.34
  }, {
    "date" : "2007-03-31",
    "sales" : 848.71,
    "salesGrowthYoY" : 307.94,
    "grossProfitMargin" : 99.12,
    "grossProfit" : 841.24,
    "operatingProfitMargin" : 60.10,
    "operatingProfit" : 510.07,
    "netProfitMargin" : 42.07,
    "netProfit" : 357.05
  }, {
    "date" : "2007-06-30",
    "sales" : 763.66,
    "salesGrowthYoY" : 185.20,
    "grossProfitMargin" : 100.18,
    "grossProfit" : 765.03,
    "operatingProfitMargin" : 64.32,
    "operatingProfit" : 491.19,
    "netProfitMargin" : 45.55,
    "netProfit" : 347.85
  }, {
    "date" : "2007-09-30",
    "sales" : 529.54,
    "salesGrowthYoY" : 37.63,
    "grossProfitMargin" : 98.51,
    "grossProfit" : 521.65,
    "operatingProfitMargin" : 45.02,
    "operatingProfit" : 238.40,
    "netProfitMargin" : 24.19,
    "netProfit" : 128.10
  }, {
    "date" : "2007-12-31",
    "sales" : 818.51,
    "salesGrowthYoY" : -18.37,
    "grossProfitMargin" : 99.69,
    "grossProfit" : 815.97,
    "operatingProfitMargin" : 65.05,
    "operatingProfit" : 532.44,
    "netProfitMargin" : 45.07,
    "netProfit" : 368.90
  }, {
    "date" : "2008-03-31",
    "sales" : 690.56,
    "salesGrowthYoY" : -18.63,
    "grossProfitMargin" : 98.55,
    "grossProfit" : 680.55,
    "operatingProfitMargin" : 43.88,
    "operatingProfit" : 303.02,
    "netProfitMargin" : 23.04,
    "netProfit" : 159.11
  }, {
    "date" : "2008-06-30",
    "sales" : 739.82,
    "salesGrowthYoY" : -3.12,
    "grossProfitMargin" : 100.04,
    "grossProfit" : 740.12,
    "operatingProfitMargin" : 66.12,
    "operatingProfit" : 489.17,
    "netProfitMargin" : 40.73,
    "netProfit" : 301.33
  }, {
    "date" : "2008-09-30",
    "sales" : 845.00,
    "salesGrowthYoY" : 59.57,
    "grossProfitMargin" : 99.94,
    "grossProfit" : 844.49,
    "operatingProfitMargin" : 75.94,
    "operatingProfit" : 641.69,
    "netProfitMargin" : 49.18,
    "netProfit" : 415.57
  }, {
    "date" : "2008-12-31",
    "sales" : 203.01,
    "salesGrowthYoY" : -75.20,
    "grossProfitMargin" : 100.40,
    "grossProfit" : 203.82,
    "operatingProfitMargin" : 14.99,
    "operatingProfit" : 30.43,
    "netProfitMargin" : 9.30,
    "netProfit" : 18.88
  }, {
    "date" : "2009-03-31",
    "sales" : 62.49,
    "salesGrowthYoY" : -90.95,
    "grossProfitMargin" : 93.89,
    "grossProfit" : 58.67,
    "operatingProfitMargin" : -182.27,
    "operatingProfit" : -113.90,
    "netProfitMargin" : 3.46,
    "netProfit" : 2.16
  }, {
    "date" : "2009-06-30",
    "sales" : 335.52,
    "salesGrowthYoY" : -54.65,
    "grossProfitMargin" : 99.48,
    "grossProfit" : 333.78,
    "operatingProfitMargin" : 59.02,
    "operatingProfit" : 198.02,
    "netProfitMargin" : 36.75,
    "netProfit" : 123.30
  }, {
    "date" : "2009-09-30",
    "sales" : 331.73,
    "salesGrowthYoY" : -60.74,
    "grossProfitMargin" : 100.63,
    "grossProfit" : 333.82,
    "operatingProfitMargin" : 56.92,
    "operatingProfit" : 188.82,
    "netProfitMargin" : 37.68,
    "netProfit" : 125.00
  }, {
    "date" : "2009-12-31",
    "sales" : 642.88,
    "salesGrowthYoY" : 216.67,
    "grossProfitMargin" : 99.38,
    "grossProfit" : 638.89,
    "operatingProfitMargin" : 26.30,
    "operatingProfit" : 169.08,
    "netProfitMargin" : 20.52,
    "netProfit" : 131.92
  }, {
    "date" : "2010-03-31",
    "sales" : 602.31,
    "salesGrowthYoY" : 863.85,
    "grossProfitMargin" : 99.81,
    "grossProfit" : 601.17,
    "operatingProfitMargin" : 29.30,
    "operatingProfit" : 176.48,
    "netProfitMargin" : 24.05,
    "netProfit" : 144.86
  }, {
    "date" : "2010-06-30",
    "sales" : 618.88,
    "salesGrowthYoY" : 84.45,
    "grossProfitMargin" : 44.77,
    "grossProfit" : 277.07,
    "operatingProfitMargin" : 41.29,
    "operatingProfit" : 255.54,
    "netProfitMargin" : 28.71,
    "netProfit" : 177.68
  }, {
    "date" : "2010-09-30",
    "sales" : 426.24,
    "salesGrowthYoY" : 28.49,
    "grossProfitMargin" : 45.96,
    "grossProfit" : 195.90,
    "operatingProfitMargin" : 39.55,
    "operatingProfit" : 168.58,
    "netProfitMargin" : 30.19,
    "netProfit" : 128.68
  }, {
    "date" : "2010-12-31",
    "sales" : 388.07,
    "salesGrowthYoY" : -39.64,
    "grossProfitMargin" : 57.01,
    "grossProfit" : 221.24,
    "operatingProfitMargin" : 50.41,
    "operatingProfit" : 195.63,
    "netProfitMargin" : 35.78,
    "netProfit" : 138.85
  }, {
    "date" : "2011-03-31",
    "sales" : 372.51,
    "salesGrowthYoY" : -38.15,
    "grossProfitMargin" : 36.68,
    "grossProfit" : 136.64,
    "operatingProfitMargin" : 22.45,
    "operatingProfit" : 83.63,
    "netProfitMargin" : 17.40,
    "netProfit" : 64.82
  }, {
    "date" : "2011-06-30",
    "sales" : 296.93,
    "salesGrowthYoY" : -52.02,
    "grossProfitMargin" : 45.56,
    "grossProfit" : 135.28,
    "operatingProfitMargin" : 30.36,
    "operatingProfit" : 90.15,
    "netProfitMargin" : 36.40,
    "netProfit" : 108.08
  }, {
    "date" : "2011-09-30",
    "sales" : 459.72,
    "salesGrowthYoY" : 7.85,
    "grossProfitMargin" : 34.72,
    "grossProfit" : 159.61,
    "operatingProfitMargin" : 25.39,
    "operatingProfit" : 116.72,
    "netProfitMargin" : 22.53,
    "netProfit" : 103.57
  }, {
    "date" : "2011-12-31",
    "sales" : 254.74,
    "salesGrowthYoY" : -34.36,
    "grossProfitMargin" : 48.98,
    "grossProfit" : 124.77,
    "operatingProfitMargin" : 32.83,
    "operatingProfit" : 83.63,
    "netProfitMargin" : 28.66,
    "netProfit" : 73.01
  }, {
    "date" : "2012-03-31",
    "sales" : 273.67,
    "salesGrowthYoY" : -26.53,
    "grossProfitMargin" : 36.81,
    "grossProfit" : 100.74,
    "operatingProfitMargin" : 15.26,
    "operatingProfit" : 41.76,
    "netProfitMargin" : 15.51,
    "netProfit" : 42.45
  }, {
    "date" : "2012-06-30",
    "sales" : 178.85,
    "salesGrowthYoY" : -39.77,
    "grossProfitMargin" : 26.92,
    "grossProfit" : 48.15,
    "operatingProfitMargin" : 3.73,
    "operatingProfit" : 6.67,
    "netProfitMargin" : 17.76,
    "netProfit" : 31.76
  }, {
    "date" : "2012-09-30",
    "sales" : 252.05,
    "salesGrowthYoY" : -45.17,
    "grossProfitMargin" : 30.58,
    "grossProfit" : 77.08,
    "operatingProfitMargin" : 0.24,
    "operatingProfit" : 0.60,
    "netProfitMargin" : 6.90,
    "netProfit" : 17.39
  }, {
    "date" : "2012-12-31",
    "sales" : 254.04,
    "salesGrowthYoY" : -0.27,
    "grossProfitMargin" : 100.00,
    "grossProfit" : 254.04,
    "operatingProfitMargin" : 15.95,
    "operatingProfit" : 40.52,
    "netProfitMargin" : 15.47,
    "netProfit" : 39.30
  }, {
    "date" : "2013-03-31",
    "sales" : 368.15,
    "salesGrowthYoY" : 34.52,
    "grossProfitMargin" : 30.58,
    "grossProfit" : 112.58,
    "operatingProfitMargin" : 14.99,
    "operatingProfit" : 55.19,
    "netProfitMargin" : 26.63,
    "netProfit" : 98.04
  }, {
    "date" : "2013-06-30",
    "sales" : 281.09,
    "salesGrowthYoY" : 57.17,
    "grossProfitMargin" : 11.96,
    "grossProfit" : 33.62,
    "operatingProfitMargin" : 11.47,
    "operatingProfit" : 32.24,
    "netProfitMargin" : 12.78,
    "netProfit" : 35.92
  }, {
    "date" : "2013-09-30",
    "sales" : 302.54,
    "salesGrowthYoY" : 20.03,
    "grossProfitMargin" : 9.71,
    "grossProfit" : 29.38,
    "operatingProfitMargin" : -10.07,
    "operatingProfit" : -30.47,
    "netProfitMargin" : 2.27,
    "netProfit" : 6.87
  }, {
    "date" : "2013-12-31",
    "sales" : 398.99,
    "salesGrowthYoY" : 57.06,
    "grossProfitMargin" : 5.69,
    "grossProfit" : 22.70,
    "operatingProfitMargin" : -7.40,
    "operatingProfit" : -29.53,
    "netProfitMargin" : 5.79,
    "netProfit" : 23.10
  }, {
    "date" : "2014-03-31",
    "sales" : 717.44,
    "salesGrowthYoY" : 94.88,
    "grossProfitMargin" : 12.14,
    "grossProfit" : 87.10,
    "operatingProfitMargin" : -0.19,
    "operatingProfit" : -1.36,
    "netProfitMargin" : 1.81,
    "netProfit" : 12.99
  }, {
    "date" : "2014-06-30",
    "sales" : 302.02,
    "salesGrowthYoY" : 7.45,
    "grossProfitMargin" : 16.42,
    "grossProfit" : 49.59,
    "operatingProfitMargin" : -0.65,
    "operatingProfit" : -1.96,
    "netProfitMargin" : 6.10,
    "netProfit" : 18.42
  }, {
    "date" : "2014-09-30",
    "sales" : 127.54,
    "salesGrowthYoY" : -57.84,
    "grossProfitMargin" : 15.01,
    "grossProfit" : 19.14,
    "operatingProfitMargin" : -28.09,
    "operatingProfit" : -35.83,
    "netProfitMargin" : 3.50,
    "netProfit" : 4.46
  }, {
    "date" : "2014-12-31",
    "sales" : 225.48,
    "salesGrowthYoY" : -43.49,
    "grossProfitMargin" : 7.58,
    "grossProfit" : 17.09,
    "operatingProfitMargin" : -24.45,
    "operatingProfit" : -55.13,
    "netProfitMargin" : -7.27,
    "netProfit" : -16.39
  }, {
    "date" : "2015-03-31",
    "sales" : 314.92,
    "salesGrowthYoY" : -56.11,
    "grossProfitMargin" : 14.63,
    "grossProfit" : 46.07,
    "operatingProfitMargin" : -2.86,
    "operatingProfit" : -9.01,
    "netProfitMargin" : -7.09,
    "netProfit" : -22.33
  }, {
    "date" : "2015-06-30",
    "sales" : 201.05,
    "salesGrowthYoY" : -33.43,
    "grossProfitMargin" : 0.13,
    "grossProfit" : 0.26,
    "operatingProfitMargin" : -19.73,
    "operatingProfit" : -39.67,
    "netProfitMargin" : 0.85,
    "netProfit" : 1.71
  }, {
    "date" : "2015-09-30",
    "sales" : 476.21,
    "salesGrowthYoY" : 273.38,
    "grossProfitMargin" : 14.79,
    "grossProfit" : 70.43,
    "operatingProfitMargin" : 6.64,
    "operatingProfit" : 31.62,
    "netProfitMargin" : -3.31,
    "netProfit" : -15.76
  }, {
    "date" : "2015-12-31",
    "sales" : 238.59,
    "salesGrowthYoY" : 5.81,
    "grossProfitMargin" : 56.93,
    "grossProfit" : 135.83,
    "operatingProfitMargin" : 37.94,
    "operatingProfit" : 90.52,
    "netProfitMargin" : 12.90,
    "netProfit" : 30.78
  }, {
    "date" : "2016-03-31",
    "sales" : 160.69,
    "salesGrowthYoY" : -48.97,
    "grossProfitMargin" : -188.52,
    "grossProfit" : -302.93,
    "operatingProfitMargin" : -211.89,
    "operatingProfit" : -340.49,
    "netProfitMargin" : -180.53,
    "netProfit" : -290.09
  }, {
    "date" : "2016-06-30",
    "sales" : 266.98,
    "salesGrowthYoY" : 32.79,
    "grossProfitMargin" : 13.14,
    "grossProfit" : 35.08,
    "operatingProfitMargin" : 1.56,
    "operatingProfit" : 4.16,
    "netProfitMargin" : -5.66,
    "netProfit" : -15.11
  }, {
    "date" : "2016-09-30",
    "sales" : 223.31,
    "salesGrowthYoY" : -53.11,
    "grossProfitMargin" : 23.74,
    "grossProfit" : 53.01,
    "operatingProfitMargin" : 10.77,
    "operatingProfit" : 24.05,
    "netProfitMargin" : 2.64,
    "netProfit" : 5.90
  }, {
    "date" : "2016-12-31",
    "sales" : 264.41,
    "salesGrowthYoY" : 10.82,
    "grossProfitMargin" : 37.60,
    "grossProfit" : 99.42,
    "operatingProfitMargin" : 26.73,
    "operatingProfit" : 70.68,
    "netProfitMargin" : 13.60,
    "netProfit" : 35.96
  }, {
    "date" : "2017-03-31",
    "sales" : 264.41,
    "salesGrowthYoY" : 64.55,
    "grossProfitMargin" : 37.60,
    "grossProfit" : 99.42,
    "operatingProfitMargin" : 26.73,
    "operatingProfit" : 70.68,
    "netProfitMargin" : 13.60,
    "netProfit" : 35.96
  }, {
    "date" : "2017-06-30",
    "sales" : 195.96,
    "salesGrowthYoY" : -26.60,
    "grossProfitMargin" : 0.38,
    "grossProfit" : 0.74,
    "operatingProfitMargin" : -13.82,
    "operatingProfit" : -27.08,
    "netProfitMargin" : -8.41,
    "netProfit" : -16.48
  }, {
    "date" : "2017-09-30",
    "sales" : 122.72,
    "salesGrowthYoY" : -45.05,
    "grossProfitMargin" : 20.09,
    "grossProfit" : 24.65,
    "operatingProfitMargin" : 4.10,
    "operatingProfit" : 5.03,
    "netProfitMargin" : -4.88,
    "netProfit" : -5.99
  }, {
    "date" : "2017-12-31",
    "sales" : 370.94,
    "salesGrowthYoY" : 40.29,
    "grossProfitMargin" : 64.48,
    "grossProfit" : 239.18,
    "operatingProfitMargin" : 58.68,
    "operatingProfit" : 217.67,
    "netProfitMargin" : 4.87,
    "netProfit" : 18.06
  }, {
    "date" : "2018-03-31",
    "sales" : 618.19,
    "salesGrowthYoY" : 133.80,
    "grossProfitMargin" : 9.30,
    "grossProfit" : 57.49,
    "operatingProfitMargin" : -26.11,
    "operatingProfit" : -161.41,
    "netProfitMargin" : -22.99,
    "netProfit" : -142.12
  }, {
    "date" : "2018-06-30",
    "sales" : 76.29,
    "salesGrowthYoY" : -61.07,
    "grossProfitMargin" : 27.41,
    "grossProfit" : 20.91,
    "operatingProfitMargin" : -0.25,
    "operatingProfit" : -0.19,
    "netProfitMargin" : -95.62,
    "netProfit" : -72.95
  }, {
    "date" : "2018-09-30",
    "sales" : 94.62,
    "salesGrowthYoY" : -22.90,
    "grossProfitMargin" : -44.46,
    "grossProfit" : -42.07,
    "operatingProfitMargin" : -65.99,
    "operatingProfit" : -62.44,
    "netProfitMargin" : -138.32,
    "netProfit" : -130.88
  }, {
    "date" : "2018-12-31",
    "sales" : 50.82,
    "salesGrowthYoY" : -86.30,
    "grossProfitMargin" : -9.39,
    "grossProfit" : -4.77,
    "operatingProfitMargin" : -42.98,
    "operatingProfit" : -21.84,
    "netProfitMargin" : -192.38,
    "netProfit" : -97.77
  }, {
    "date" : "2019-03-31",
    "sales" : 286.30,
    "salesGrowthYoY" : -53.69,
    "grossProfitMargin" : 3.57,
    "grossProfit" : 10.22,
    "operatingProfitMargin" : -56.01,
    "operatingProfit" : -160.36,
    "netProfitMargin" : -103.97,
    "netProfit" : -297.67
  }, {
    "date" : "2019-06-30",
    "sales" : 93.87,
    "salesGrowthYoY" : 23.04,
    "grossProfitMargin" : 39.42,
    "grossProfit" : 37.00,
    "operatingProfitMargin" : -18.06,
    "operatingProfit" : -16.95,
    "netProfitMargin" : -84.08,
    "netProfit" : -78.93
  }, {
    "date" : "2019-09-30",
    "sales" : 355.94,
    "salesGrowthYoY" : 276.18,
    "grossProfitMargin" : 24.52,
    "grossProfit" : 87.28,
    "operatingProfitMargin" : 9.05,
    "operatingProfit" : 32.21,
    "netProfitMargin" : -23.75,
    "netProfit" : -84.54
  }, {
    "date" : "2019-12-31",
    "sales" : 666.28,
    "salesGrowthYoY" : 1211.06,
    "grossProfitMargin" : 25.74,
    "grossProfit" : 171.50,
    "operatingProfitMargin" : 17.37,
    "operatingProfit" : 115.73,
    "netProfitMargin" : 4.02,
    "netProfit" : 26.78
  }, {
    "date" : "2020-03-31",
    "sales" : 28.57,
    "salesGrowthYoY" : -90.02,
    "grossProfitMargin" : -733.67,
    "grossProfit" : -209.61,
    "operatingProfitMargin" : -2087.85,
    "operatingProfit" : -596.50,
    "netProfitMargin" : -2937.52,
    "netProfit" : -839.25
  }, {
    "date" : "2020-06-30",
    "sales" : 23.96,
    "salesGrowthYoY" : -74.48,
    "grossProfitMargin" : 96.66,
    "grossProfit" : 23.16,
    "operatingProfitMargin" : -123.08,
    "operatingProfit" : -29.49,
    "netProfitMargin" : -2797.45,
    "netProfit" : -670.27
  }, {
    "date" : "2020-09-30",
    "sales" : 47.19,
    "salesGrowthYoY" : -86.74,
    "grossProfitMargin" : -51.26,
    "grossProfit" : -24.19,
    "operatingProfitMargin" : -68.26,
    "operatingProfit" : -32.21,
    "netProfitMargin" : -477.35,
    "netProfit" : -225.26
  }, {
    "date" : "2020-12-31",
    "sales" : 14.37,
    "salesGrowthYoY" : -97.84,
    "grossProfitMargin" : 34.31,
    "grossProfit" : 4.93,
    "operatingProfitMargin" : -16.70,
    "operatingProfit" : -2.40,
    "netProfitMargin" : -1466.04,
    "netProfit" : -210.67
  }, {
    "date" : "2021-03-31",
    "sales" : 0.51,
    "salesGrowthYoY" : -98.21,
    "grossProfitMargin" : -7998.04,
    "grossProfit" : -40.79,
    "operatingProfitMargin" : -10521.57,
    "operatingProfit" : -53.66,
    "netProfitMargin" : -52470.59,
    "netProfit" : -267.60
  }, {
    "date" : "2021-06-30",
    "sales" : 11.33,
    "salesGrowthYoY" : -52.71,
    "grossProfitMargin" : 4.06,
    "grossProfit" : 0.46,
    "operatingProfitMargin" : -45.19,
    "operatingProfit" : -5.12,
    "netProfitMargin" : -1964.61,
    "netProfit" : -222.59
  }, {
    "date" : "2021-09-30",
    "sales" : 13.30,
    "salesGrowthYoY" : -71.82,
    "grossProfitMargin" : -2.56,
    "grossProfit" : -0.34,
    "operatingProfitMargin" : -42.26,
    "operatingProfit" : -5.62,
    "netProfitMargin" : -1735.71,
    "netProfit" : -230.85
  }, {
    "date" : "2021-12-31",
    "sales" : 14.66,
    "salesGrowthYoY" : 2.02,
    "grossProfitMargin" : 25.78,
    "grossProfit" : 3.78,
    "operatingProfitMargin" : -15.14,
    "operatingProfit" : -2.22,
    "netProfitMargin" : -1629.33,
    "netProfit" : -238.86
  }, {
    "date" : "2022-03-31",
    "sales" : 10.94,
    "salesGrowthYoY" : 2045.10,
    "grossProfitMargin" : -23.49,
    "grossProfit" : -2.57,
    "operatingProfitMargin" : -128.88,
    "operatingProfit" : -14.10,
    "netProfitMargin" : -2329.43,
    "netProfit" : -254.84
  }, {
    "date" : "2022-06-30",
    "sales" : 15.31,
    "salesGrowthYoY" : 35.13,
    "grossProfitMargin" : 27.82,
    "grossProfit" : 4.26,
    "operatingProfitMargin" : -10.39,
    "operatingProfit" : -1.59,
    "netProfitMargin" : -7616.07,
    "netProfit" : -1166.02
  }, {
    "date" : "2022-09-30",
    "sales" : 16.26,
    "salesGrowthYoY" : 22.26,
    "grossProfitMargin" : -0.86,
    "grossProfit" : -0.14,
    "operatingProfitMargin" : -39.67,
    "operatingProfit" : -6.45,
    "netProfitMargin" : -2556.21,
    "netProfit" : -415.64
  }, {
    "date" : "2022-12-31",
    "sales" : 16.72,
    "salesGrowthYoY" : 14.05,
    "grossProfitMargin" : 31.46,
    "grossProfit" : 5.26,
    "operatingProfitMargin" : 1.14,
    "operatingProfit" : 0.19,
    "netProfitMargin" : -2550.84,
    "netProfit" : -426.50
  }, {
    "date" : "2023-03-31",
    "sales" : 5.36,
    "salesGrowthYoY" : -51.01,
    "grossProfitMargin" : -86.01,
    "grossProfit" : -4.61,
    "operatingProfitMargin" : -471.46,
    "operatingProfit" : -25.27,
    "netProfitMargin" : -7482.46,
    "netProfit" : -401.06
  }, {
    "date" : "2023-06-30",
    "sales" : 15.71,
    "salesGrowthYoY" : 2.61,
    "grossProfitMargin" : 26.73,
    "grossProfit" : 4.20,
    "operatingProfitMargin" : -12.73,
    "operatingProfit" : -2.00,
    "netProfitMargin" : -2939.53,
    "netProfit" : -461.80
  }, {
    "date" : "2023-09-30",
    "sales" : 17.02,
    "salesGrowthYoY" : 4.67,
    "grossProfitMargin" : -2.41,
    "grossProfit" : -0.41,
    "operatingProfitMargin" : -46.71,
    "operatingProfit" : -7.95,
    "netProfitMargin" : -2897.53,
    "netProfit" : -493.16
  }, {
    "date" : "2023-12-31",
    "sales" : 14.29,
    "salesGrowthYoY" : -14.53,
    "grossProfitMargin" : 24.98,
    "grossProfit" : 3.57,
    "operatingProfitMargin" : -29.67,
    "operatingProfit" : -4.24,
    "netProfitMargin" : -3560.95,
    "netProfit" : -508.86
  }, {
    "date" : "2024-03-31",
    "sales" : 114.90,
    "salesGrowthYoY" : 2043.66,
    "grossProfitMargin" : -497.88,
    "grossProfit" : -572.06,
    "operatingProfitMargin" : -504.73,
    "operatingProfit" : -579.93,
    "netProfitMargin" : -956.36,
    "netProfit" : -1098.86
  }, {
    "date" : "2024-06-30",
    "sales" : 25.00,
    "salesGrowthYoY" : 59.13,
    "grossProfitMargin" : -1753.92,
    "grossProfit" : -438.48,
    "operatingProfitMargin" : -1783.64,
    "operatingProfit" : -445.91,
    "netProfitMargin" : -3670.80,
    "netProfit" : -917.70
  }, {
    "date" : "2024-09-30",
    "sales" : 19.08,
    "salesGrowthYoY" : 12.10,
    "grossProfitMargin" : 42.82,
    "grossProfit" : 8.17,
    "operatingProfitMargin" : 5.71,
    "operatingProfit" : 1.09,
    "netProfitMargin" : -2455.92,
    "netProfit" : -468.59
  }, {
    "date" : "2024-12-31",
    "sales" : 13.07,
    "salesGrowthYoY" : -8.54,
    "grossProfitMargin" : 28.08,
    "grossProfit" : 3.67,
    "operatingProfitMargin" : -147.82,
    "operatingProfit" : -19.32,
    "netProfitMargin" : -3208.34,
    "netProfit" : -419.33
  }, {
    "date" : "2025-03-31",
    "sales" : 40.35,
    "salesGrowthYoY" : -64.88,
    "grossProfitMargin" : 44.78,
    "grossProfit" : 18.07,
    "operatingProfitMargin" : 21.64,
    "operatingProfit" : 8.73,
    "netProfitMargin" : -110.43,
    "netProfit" : -44.56
  }, {
    "date" : "2025-06-30",
    "sales" : 52.47,
    "salesGrowthYoY" : 109.88,
    "grossProfitMargin" : -5.62,
    "grossProfit" : -2.95,
    "operatingProfitMargin" : -21.25,
    "operatingProfit" : -11.15,
    "netProfitMargin" : -778.27,
    "netProfit" : -408.36
  }, {
    "date" : "2025-09-30",
    "sales" : 85.62,
    "salesGrowthYoY" : 348.74,
    "grossProfitMargin" : 34.02,
    "grossProfit" : 29.13,
    "operatingProfitMargin" : 21.60,
    "operatingProfit" : 18.49,
    "netProfitMargin" : -464.04,
    "netProfit" : -397.31
  } ],
  "latestQuarterlyResult" : {
    "date" : "2025-09-30",
    "sales" : 85.62,
    "salesGrowthYoY" : 348.74,
    "grossProfitMargin" : 34.02,
    "grossProfit" : 29.13,
    "operatingProfitMargin" : 21.60,
    "operatingProfit" : 18.49,
    "netProfitMargin" : -464.04,
    "netProfit" : -397.31
  },
  "companyScore" : {
    "priceHigherThanDma50" : 0.00,
    "priceHigherThanDma100" : 0.00,
    "priceHigherThanDma200" : 0.00,
    "dma50HigherThanDma100" : 0.00,
    "dma50HigherThanDma200" : 0.00,
    "dma100HigherThanDma200" : 0.00,
    "pricePercentageAboveDma50" : 5.51,
    "pricePercentageAboveDma100" : 5.74,
    "pricePercentageAboveDma200" : 5.94,
    "weeklyVolumeHigherThanYearlyVolume" : 5.00,
    "salesGrowthPercentile" : 18.73,
    "operatingProfitMarginPercentile" : 19.90,
    "netProfitMarginPercentile" : 9.90,
    "totalTechnicalScore" : 22.19,
    "totalFundamentalScore" : 48.53,
    "totalScore" : 70.72
  }
}