{
  "metadata" : {
    "screenerCompanyId" : "3590",
    "companyCode" : "VAIBHAVGBL",
    "companyName" : "Vaibhav Global",
    "screenerCompanyLink" : "https://www.screener.in/company/VAIBHAVGBL/consolidated/",
    "screenerTechnicalHistoryLink" : "https://www.screener.in/api/company/3590/chart/?q=Price-DMA50-DMA200-Volume&days=365",
    "screenerQuarterlyResultsLink" : "https://www.screener.in/api/company/3590/chart/?q=GPM-OPM-NPM-Quarter+Sales&days=10000",
    "attributes" : {
      "companyCode" : "VAIBHAVGBL",
      "companyName" : "Vaibhav Global",
      "marketCap" : 3973.00,
      "peRatio" : 21.70,
      "description" : "Vaibhav Global Limited (VGL), through its distinctive business model, has created a niche for itself in the global retail space, especially in the jewellery, accessories and lifestyle product segments of two of the largest economies of the world - the US and UK. [1]"
    },
    "companyScore" : {
      "priceHigherThanDma50" : 0.00,
      "priceHigherThanDma100" : 5.00,
      "priceHigherThanDma200" : 0.00,
      "dma50HigherThanDma100" : 5.00,
      "dma50HigherThanDma200" : 0.00,
      "dma100HigherThanDma200" : 0.00,
      "pricePercentageAboveDma50" : 5.02,
      "pricePercentageAboveDma100" : 4.96,
      "pricePercentageAboveDma200" : 5.15,
      "weeklyVolumeHigherThanYearlyVolume" : 0.00,
      "salesGrowthPercentile" : 6.14,
      "operatingProfitMarginPercentile" : 15.41,
      "netProfitMarginPercentile" : 9.88,
      "totalTechnicalScore" : 25.13,
      "totalFundamentalScore" : 31.43,
      "totalScore" : 56.56
    }
  },
  "attributes" : {
    "companyCode" : "VAIBHAVGBL",
    "companyName" : "Vaibhav Global",
    "marketCap" : 3973.00,
    "peRatio" : 21.70,
    "description" : "Vaibhav Global Limited (VGL), through its distinctive business model, has created a niche for itself in the global retail space, especially in the jewellery, accessories and lifestyle product segments of two of the largest economies of the world - the US and UK. [1]"
  },
  "technicalHistory" : [ {
    "date" : "2025-01-06",
    "price" : 281.30,
    "dma50" : 294.80,
    "dma100" : null,
    "dma200" : 323.03,
    "volume" : 486785.00
  }, {
    "date" : "2025-01-07",
    "price" : 290.10,
    "dma50" : 294.61,
    "dma100" : null,
    "dma200" : 322.70,
    "volume" : 307420.00
  }, {
    "date" : "2025-01-08",
    "price" : 285.65,
    "dma50" : 294.26,
    "dma100" : null,
    "dma200" : 322.34,
    "volume" : 269679.00
  }, {
    "date" : "2025-01-09",
    "price" : 295.95,
    "dma50" : 294.33,
    "dma100" : null,
    "dma200" : 322.07,
    "volume" : 995287.00
  }, {
    "date" : "2025-01-10",
    "price" : 298.10,
    "dma50" : 294.48,
    "dma100" : null,
    "dma200" : 321.83,
    "volume" : 1227243.00
  }, {
    "date" : "2025-01-13",
    "price" : 273.20,
    "dma50" : 293.64,
    "dma100" : null,
    "dma200" : 321.35,
    "volume" : 932753.00
  }, {
    "date" : "2025-01-14",
    "price" : 280.05,
    "dma50" : 293.11,
    "dma100" : null,
    "dma200" : 320.94,
    "volume" : 541782.00
  }, {
    "date" : "2025-01-15",
    "price" : 276.35,
    "dma50" : 292.45,
    "dma100" : null,
    "dma200" : 320.50,
    "volume" : 315201.00
  }, {
    "date" : "2025-01-16",
    "price" : 283.85,
    "dma50" : 292.11,
    "dma100" : null,
    "dma200" : 320.13,
    "volume" : 291594.00
  }, {
    "date" : "2025-01-17",
    "price" : 284.95,
    "dma50" : 291.83,
    "dma100" : null,
    "dma200" : 319.78,
    "volume" : 221100.00
  }, {
    "date" : "2025-01-20",
    "price" : 289.25,
    "dma50" : 291.73,
    "dma100" : null,
    "dma200" : 319.48,
    "volume" : 299359.00
  }, {
    "date" : "2025-01-21",
    "price" : 282.25,
    "dma50" : 291.36,
    "dma100" : null,
    "dma200" : 319.11,
    "volume" : 478336.00
  }, {
    "date" : "2025-01-22",
    "price" : 282.10,
    "dma50" : 291.00,
    "dma100" : null,
    "dma200" : 318.74,
    "volume" : 379193.00
  }, {
    "date" : "2025-01-23",
    "price" : 283.75,
    "dma50" : 290.71,
    "dma100" : null,
    "dma200" : 318.39,
    "volume" : 298580.00
  }, {
    "date" : "2025-01-24",
    "price" : 268.70,
    "dma50" : 289.85,
    "dma100" : null,
    "dma200" : 317.90,
    "volume" : 643688.00
  }, {
    "date" : "2025-01-27",
    "price" : 259.00,
    "dma50" : 288.64,
    "dma100" : null,
    "dma200" : 317.31,
    "volume" : 511394.00
  }, {
    "date" : "2025-01-28",
    "price" : 258.25,
    "dma50" : 287.45,
    "dma100" : null,
    "dma200" : 316.72,
    "volume" : 1141584.00
  }, {
    "date" : "2025-01-29",
    "price" : 285.70,
    "dma50" : 287.38,
    "dma100" : null,
    "dma200" : 316.41,
    "volume" : 2200960.00
  }, {
    "date" : "2025-01-30",
    "price" : 278.75,
    "dma50" : 287.04,
    "dma100" : null,
    "dma200" : 316.04,
    "volume" : 2168089.00
  }, {
    "date" : "2025-01-31",
    "price" : 274.00,
    "dma50" : 286.53,
    "dma100" : null,
    "dma200" : 315.62,
    "volume" : 611113.00
  }, {
    "date" : "2025-02-01",
    "price" : 269.00,
    "dma50" : 285.84,
    "dma100" : null,
    "dma200" : 315.16,
    "volume" : 420227.00
  }, {
    "date" : "2025-02-03",
    "price" : 269.55,
    "dma50" : 285.20,
    "dma100" : null,
    "dma200" : 314.70,
    "volume" : 399098.00
  }, {
    "date" : "2025-02-04",
    "price" : 272.30,
    "dma50" : 284.70,
    "dma100" : null,
    "dma200" : 314.28,
    "volume" : 316387.00
  }, {
    "date" : "2025-02-05",
    "price" : 270.45,
    "dma50" : 284.14,
    "dma100" : null,
    "dma200" : 313.85,
    "volume" : 323393.00
  }, {
    "date" : "2025-02-06",
    "price" : 271.50,
    "dma50" : 283.64,
    "dma100" : null,
    "dma200" : 313.42,
    "volume" : 232771.00
  }, {
    "date" : "2025-02-07",
    "price" : 272.15,
    "dma50" : 283.19,
    "dma100" : null,
    "dma200" : 313.01,
    "volume" : 351421.00
  }, {
    "date" : "2025-02-10",
    "price" : 267.20,
    "dma50" : 282.57,
    "dma100" : null,
    "dma200" : 312.56,
    "volume" : 319053.00
  }, {
    "date" : "2025-02-11",
    "price" : 255.45,
    "dma50" : 281.50,
    "dma100" : null,
    "dma200" : 311.99,
    "volume" : 370253.00
  }, {
    "date" : "2025-02-12",
    "price" : 263.70,
    "dma50" : 280.80,
    "dma100" : null,
    "dma200" : 311.51,
    "volume" : 482258.00
  }, {
    "date" : "2025-02-13",
    "price" : 271.75,
    "dma50" : 280.45,
    "dma100" : null,
    "dma200" : 311.11,
    "volume" : 307736.00
  }, {
    "date" : "2025-02-14",
    "price" : 258.20,
    "dma50" : 279.58,
    "dma100" : null,
    "dma200" : 310.59,
    "volume" : 418931.00
  }, {
    "date" : "2025-02-17",
    "price" : 255.45,
    "dma50" : 278.63,
    "dma100" : null,
    "dma200" : 310.04,
    "volume" : 555812.00
  }, {
    "date" : "2025-02-18",
    "price" : 239.65,
    "dma50" : 277.10,
    "dma100" : null,
    "dma200" : 309.34,
    "volume" : 751327.00
  }, {
    "date" : "2025-02-19",
    "price" : 244.70,
    "dma50" : 275.83,
    "dma100" : null,
    "dma200" : 308.69,
    "volume" : 775004.00
  }, {
    "date" : "2025-02-20",
    "price" : 248.55,
    "dma50" : 274.76,
    "dma100" : null,
    "dma200" : 308.10,
    "volume" : 218532.00
  }, {
    "date" : "2025-02-21",
    "price" : 243.80,
    "dma50" : 273.55,
    "dma100" : null,
    "dma200" : 307.46,
    "volume" : 316948.00
  }, {
    "date" : "2025-02-24",
    "price" : 238.65,
    "dma50" : 272.18,
    "dma100" : null,
    "dma200" : 306.77,
    "volume" : 421751.00
  }, {
    "date" : "2025-02-25",
    "price" : 234.70,
    "dma50" : 270.71,
    "dma100" : null,
    "dma200" : 306.05,
    "volume" : 317199.00
  }, {
    "date" : "2025-02-27",
    "price" : 227.65,
    "dma50" : 269.02,
    "dma100" : null,
    "dma200" : 305.27,
    "volume" : 599172.00
  }, {
    "date" : "2025-02-28",
    "price" : 225.85,
    "dma50" : 267.33,
    "dma100" : null,
    "dma200" : 304.48,
    "volume" : 904917.00
  }, {
    "date" : "2025-03-03",
    "price" : 223.17,
    "dma50" : 265.60,
    "dma100" : null,
    "dma200" : 303.68,
    "volume" : 883068.00
  }, {
    "date" : "2025-03-04",
    "price" : 226.02,
    "dma50" : 264.04,
    "dma100" : null,
    "dma200" : 302.90,
    "volume" : 466287.00
  }, {
    "date" : "2025-03-05",
    "price" : 229.90,
    "dma50" : 262.70,
    "dma100" : null,
    "dma200" : 302.18,
    "volume" : 448499.00
  }, {
    "date" : "2025-03-06",
    "price" : 235.58,
    "dma50" : 261.64,
    "dma100" : null,
    "dma200" : 301.51,
    "volume" : 595061.00
  }, {
    "date" : "2025-03-07",
    "price" : 235.57,
    "dma50" : 260.62,
    "dma100" : null,
    "dma200" : 300.86,
    "volume" : 668346.00
  }, {
    "date" : "2025-03-10",
    "price" : 225.74,
    "dma50" : 259.25,
    "dma100" : null,
    "dma200" : 300.11,
    "volume" : 439392.00
  }, {
    "date" : "2025-03-11",
    "price" : 218.56,
    "dma50" : 257.65,
    "dma100" : null,
    "dma200" : 299.30,
    "volume" : 700322.00
  }, {
    "date" : "2025-03-12",
    "price" : 220.58,
    "dma50" : 256.20,
    "dma100" : null,
    "dma200" : 298.51,
    "volume" : 425282.00
  }, {
    "date" : "2025-03-13",
    "price" : 213.72,
    "dma50" : 254.54,
    "dma100" : null,
    "dma200" : 297.67,
    "volume" : 515574.00
  }, {
    "date" : "2025-03-17",
    "price" : 206.70,
    "dma50" : 252.66,
    "dma100" : null,
    "dma200" : 296.77,
    "volume" : 638941.00
  }, {
    "date" : "2025-03-18",
    "price" : 214.36,
    "dma50" : 251.16,
    "dma100" : null,
    "dma200" : 295.95,
    "volume" : 687472.00
  }, {
    "date" : "2025-03-19",
    "price" : 220.50,
    "dma50" : 249.96,
    "dma100" : null,
    "dma200" : 295.20,
    "volume" : 628699.00
  }, {
    "date" : "2025-03-20",
    "price" : 226.40,
    "dma50" : 249.03,
    "dma100" : null,
    "dma200" : 294.51,
    "volume" : 678866.00
  }, {
    "date" : "2025-03-21",
    "price" : 234.61,
    "dma50" : 248.47,
    "dma100" : null,
    "dma200" : 293.91,
    "volume" : 1058729.00
  }, {
    "date" : "2025-03-24",
    "price" : 235.36,
    "dma50" : 247.95,
    "dma100" : null,
    "dma200" : 293.33,
    "volume" : 513663.00
  }, {
    "date" : "2025-03-25",
    "price" : 227.61,
    "dma50" : 247.15,
    "dma100" : null,
    "dma200" : 292.68,
    "volume" : 681949.00
  }, {
    "date" : "2025-03-26",
    "price" : 223.02,
    "dma50" : 246.21,
    "dma100" : null,
    "dma200" : 291.99,
    "volume" : 505408.00
  }, {
    "date" : "2025-03-27",
    "price" : 222.50,
    "dma50" : 245.28,
    "dma100" : null,
    "dma200" : 291.29,
    "volume" : 711124.00
  }, {
    "date" : "2025-03-28",
    "price" : 218.99,
    "dma50" : 244.25,
    "dma100" : null,
    "dma200" : 290.57,
    "volume" : 764476.00
  }, {
    "date" : "2025-04-01",
    "price" : 226.68,
    "dma50" : 243.56,
    "dma100" : null,
    "dma200" : 289.94,
    "volume" : 415326.00
  }, {
    "date" : "2025-04-02",
    "price" : 230.32,
    "dma50" : 243.04,
    "dma100" : null,
    "dma200" : 289.35,
    "volume" : 363597.00
  }, {
    "date" : "2025-04-03",
    "price" : 233.35,
    "dma50" : 242.66,
    "dma100" : null,
    "dma200" : 288.79,
    "volume" : 523598.00
  }, {
    "date" : "2025-04-04",
    "price" : 215.30,
    "dma50" : 241.59,
    "dma100" : null,
    "dma200" : 288.06,
    "volume" : 706224.00
  }, {
    "date" : "2025-04-07",
    "price" : 200.60,
    "dma50" : 239.98,
    "dma100" : null,
    "dma200" : 287.19,
    "volume" : 857855.00
  }, {
    "date" : "2025-04-08",
    "price" : 208.90,
    "dma50" : 238.76,
    "dma100" : null,
    "dma200" : 286.41,
    "volume" : 584069.00
  }, {
    "date" : "2025-04-09",
    "price" : 201.35,
    "dma50" : 237.29,
    "dma100" : null,
    "dma200" : 285.56,
    "volume" : 273366.00
  }, {
    "date" : "2025-04-11",
    "price" : 211.18,
    "dma50" : 236.27,
    "dma100" : null,
    "dma200" : 284.82,
    "volume" : 545037.00
  }, {
    "date" : "2025-04-15",
    "price" : 221.74,
    "dma50" : 235.70,
    "dma100" : null,
    "dma200" : 284.19,
    "volume" : 347079.00
  }, {
    "date" : "2025-04-16",
    "price" : 221.64,
    "dma50" : 235.15,
    "dma100" : null,
    "dma200" : 283.57,
    "volume" : 272672.00
  }, {
    "date" : "2025-04-17",
    "price" : 225.93,
    "dma50" : 234.79,
    "dma100" : null,
    "dma200" : 283.00,
    "volume" : 363939.00
  }, {
    "date" : "2025-04-21",
    "price" : 226.89,
    "dma50" : 234.48,
    "dma100" : null,
    "dma200" : 282.44,
    "volume" : 255109.00
  }, {
    "date" : "2025-04-22",
    "price" : 228.58,
    "dma50" : 234.25,
    "dma100" : null,
    "dma200" : 281.90,
    "volume" : 281119.00
  }, {
    "date" : "2025-04-23",
    "price" : 230.34,
    "dma50" : 234.09,
    "dma100" : null,
    "dma200" : 281.39,
    "volume" : 254459.00
  }, {
    "date" : "2025-04-24",
    "price" : 245.41,
    "dma50" : 234.54,
    "dma100" : null,
    "dma200" : 281.03,
    "volume" : 1342784.00
  }, {
    "date" : "2025-04-25",
    "price" : 234.28,
    "dma50" : 234.53,
    "dma100" : null,
    "dma200" : 280.57,
    "volume" : 591452.00
  }, {
    "date" : "2025-04-28",
    "price" : 226.05,
    "dma50" : 234.19,
    "dma100" : null,
    "dma200" : 280.02,
    "volume" : 532795.00
  }, {
    "date" : "2025-04-29",
    "price" : 225.60,
    "dma50" : 233.86,
    "dma100" : null,
    "dma200" : 279.48,
    "volume" : 244871.00
  }, {
    "date" : "2025-04-30",
    "price" : 219.13,
    "dma50" : 233.28,
    "dma100" : null,
    "dma200" : 278.88,
    "volume" : 346856.00
  }, {
    "date" : "2025-05-02",
    "price" : 222.07,
    "dma50" : 232.84,
    "dma100" : null,
    "dma200" : 278.32,
    "volume" : 324069.00
  }, {
    "date" : "2025-05-05",
    "price" : 224.24,
    "dma50" : 232.50,
    "dma100" : null,
    "dma200" : 277.78,
    "volume" : 236117.00
  }, {
    "date" : "2025-05-06",
    "price" : 212.54,
    "dma50" : 231.72,
    "dma100" : null,
    "dma200" : 277.13,
    "volume" : 459289.00
  }, {
    "date" : "2025-05-07",
    "price" : 218.20,
    "dma50" : 231.19,
    "dma100" : null,
    "dma200" : 276.54,
    "volume" : 517809.00
  }, {
    "date" : "2025-05-08",
    "price" : 219.47,
    "dma50" : 230.73,
    "dma100" : null,
    "dma200" : 275.98,
    "volume" : 356902.00
  }, {
    "date" : "2025-05-09",
    "price" : 221.40,
    "dma50" : 230.36,
    "dma100" : null,
    "dma200" : 275.43,
    "volume" : 340954.00
  }, {
    "date" : "2025-05-12",
    "price" : 233.55,
    "dma50" : 230.49,
    "dma100" : null,
    "dma200" : 275.02,
    "volume" : 410897.00
  }, {
    "date" : "2025-05-13",
    "price" : 240.45,
    "dma50" : 230.88,
    "dma100" : null,
    "dma200" : 274.67,
    "volume" : 660563.00
  }, {
    "date" : "2025-05-14",
    "price" : 243.32,
    "dma50" : 231.37,
    "dma100" : null,
    "dma200" : 274.36,
    "volume" : 329027.00
  }, {
    "date" : "2025-05-15",
    "price" : 246.46,
    "dma50" : 231.96,
    "dma100" : null,
    "dma200" : 274.08,
    "volume" : 306181.00
  }, {
    "date" : "2025-05-16",
    "price" : 250.85,
    "dma50" : 232.70,
    "dma100" : null,
    "dma200" : 273.85,
    "volume" : 554968.00
  }, {
    "date" : "2025-05-19",
    "price" : 253.79,
    "dma50" : 233.53,
    "dma100" : null,
    "dma200" : 273.65,
    "volume" : 548177.00
  }, {
    "date" : "2025-05-20",
    "price" : 246.63,
    "dma50" : 234.04,
    "dma100" : null,
    "dma200" : 273.38,
    "volume" : 290715.00
  }, {
    "date" : "2025-05-21",
    "price" : 249.86,
    "dma50" : 234.66,
    "dma100" : null,
    "dma200" : 273.15,
    "volume" : 250513.00
  }, {
    "date" : "2025-05-22",
    "price" : 248.59,
    "dma50" : 235.21,
    "dma100" : null,
    "dma200" : 272.90,
    "volume" : 531056.00
  }, {
    "date" : "2025-05-23",
    "price" : 241.83,
    "dma50" : 235.47,
    "dma100" : null,
    "dma200" : 272.60,
    "volume" : 350121.00
  }, {
    "date" : "2025-05-26",
    "price" : 260.25,
    "dma50" : 236.44,
    "dma100" : null,
    "dma200" : 272.47,
    "volume" : 1550780.00
  }, {
    "date" : "2025-05-27",
    "price" : 253.59,
    "dma50" : 237.11,
    "dma100" : null,
    "dma200" : 272.28,
    "volume" : 481411.00
  }, {
    "date" : "2025-05-28",
    "price" : 253.47,
    "dma50" : 237.75,
    "dma100" : null,
    "dma200" : 272.10,
    "volume" : 317047.00
  }, {
    "date" : "2025-05-29",
    "price" : 251.75,
    "dma50" : 238.30,
    "dma100" : null,
    "dma200" : 271.89,
    "volume" : 237401.00
  }, {
    "date" : "2025-05-30",
    "price" : 254.12,
    "dma50" : 238.92,
    "dma100" : null,
    "dma200" : 271.72,
    "volume" : 370789.00
  }, {
    "date" : "2025-06-02",
    "price" : 253.25,
    "dma50" : 239.48,
    "dma100" : null,
    "dma200" : 271.53,
    "volume" : 203360.00
  }, {
    "date" : "2025-06-03",
    "price" : 249.60,
    "dma50" : 239.88,
    "dma100" : 244.72,
    "dma200" : 271.32,
    "volume" : 204513.00
  }, {
    "date" : "2025-06-04",
    "price" : 252.80,
    "dma50" : 240.39,
    "dma100" : 244.34,
    "dma200" : 271.13,
    "volume" : 380346.00
  }, {
    "date" : "2025-06-05",
    "price" : 252.80,
    "dma50" : 240.87,
    "dma100" : 244.01,
    "dma200" : 270.95,
    "volume" : 210979.00
  }, {
    "date" : "2025-06-06",
    "price" : 253.75,
    "dma50" : 241.38,
    "dma100" : 243.59,
    "dma200" : 270.78,
    "volume" : 389788.00
  }, {
    "date" : "2025-06-09",
    "price" : 252.90,
    "dma50" : 241.83,
    "dma100" : 243.14,
    "dma200" : 270.60,
    "volume" : 270287.00
  }, {
    "date" : "2025-06-10",
    "price" : 256.75,
    "dma50" : 242.42,
    "dma100" : 242.98,
    "dma200" : 270.46,
    "volume" : 302724.00
  }, {
    "date" : "2025-06-11",
    "price" : 259.00,
    "dma50" : 243.07,
    "dma100" : 242.77,
    "dma200" : 270.35,
    "volume" : 998184.00
  }, {
    "date" : "2025-06-12",
    "price" : 255.50,
    "dma50" : 243.55,
    "dma100" : 242.56,
    "dma200" : 270.20,
    "volume" : 542495.00
  }, {
    "date" : "2025-06-13",
    "price" : 251.45,
    "dma50" : 243.86,
    "dma100" : 242.23,
    "dma200" : 270.01,
    "volume" : 430705.00
  }, {
    "date" : "2025-06-16",
    "price" : 246.00,
    "dma50" : 243.95,
    "dma100" : 241.84,
    "dma200" : 269.78,
    "volume" : 570646.00
  }, {
    "date" : "2025-06-17",
    "price" : 240.40,
    "dma50" : 243.81,
    "dma100" : 241.36,
    "dma200" : 269.48,
    "volume" : 364809.00
  }, {
    "date" : "2025-06-18",
    "price" : 237.80,
    "dma50" : 243.57,
    "dma100" : 240.91,
    "dma200" : 269.17,
    "volume" : 294305.00
  }, {
    "date" : "2025-06-19",
    "price" : 233.90,
    "dma50" : 243.19,
    "dma100" : 240.43,
    "dma200" : 268.82,
    "volume" : 370209.00
  }, {
    "date" : "2025-06-20",
    "price" : 233.30,
    "dma50" : 242.81,
    "dma100" : 239.92,
    "dma200" : 268.46,
    "volume" : 283055.00
  }, {
    "date" : "2025-06-23",
    "price" : 231.00,
    "dma50" : 242.34,
    "dma100" : 239.55,
    "dma200" : 268.09,
    "volume" : 491806.00
  }, {
    "date" : "2025-06-24",
    "price" : 233.80,
    "dma50" : 242.01,
    "dma100" : 239.30,
    "dma200" : 267.75,
    "volume" : 224406.00
  }, {
    "date" : "2025-06-25",
    "price" : 240.30,
    "dma50" : 241.94,
    "dma100" : 239.12,
    "dma200" : 267.48,
    "volume" : 359541.00
  }, {
    "date" : "2025-06-26",
    "price" : 238.50,
    "dma50" : 241.81,
    "dma100" : 238.64,
    "dma200" : 267.19,
    "volume" : 232439.00
  }, {
    "date" : "2025-06-27",
    "price" : 237.15,
    "dma50" : 241.62,
    "dma100" : 238.23,
    "dma200" : 266.89,
    "volume" : 474591.00
  }, {
    "date" : "2025-06-30",
    "price" : 238.60,
    "dma50" : 241.50,
    "dma100" : 237.87,
    "dma200" : 266.61,
    "volume" : 173178.00
  }, {
    "date" : "2025-07-01",
    "price" : 236.37,
    "dma50" : 241.30,
    "dma100" : 237.55,
    "dma200" : 266.31,
    "volume" : 202881.00
  }, {
    "date" : "2025-07-02",
    "price" : 235.94,
    "dma50" : 241.09,
    "dma100" : 237.21,
    "dma200" : 266.00,
    "volume" : 216599.00
  }, {
    "date" : "2025-07-03",
    "price" : 237.34,
    "dma50" : 240.95,
    "dma100" : 236.86,
    "dma200" : 265.72,
    "volume" : 149770.00
  }, {
    "date" : "2025-07-04",
    "price" : 238.13,
    "dma50" : 240.84,
    "dma100" : 236.54,
    "dma200" : 265.44,
    "volume" : 147091.00
  }, {
    "date" : "2025-07-07",
    "price" : 235.75,
    "dma50" : 240.64,
    "dma100" : 236.18,
    "dma200" : 265.15,
    "volume" : 272923.00
  }, {
    "date" : "2025-07-08",
    "price" : 238.27,
    "dma50" : 240.54,
    "dma100" : 235.84,
    "dma200" : 264.88,
    "volume" : 420323.00
  }, {
    "date" : "2025-07-09",
    "price" : 239.44,
    "dma50" : 240.50,
    "dma100" : 235.56,
    "dma200" : 264.63,
    "volume" : 262281.00
  }, {
    "date" : "2025-07-10",
    "price" : 241.37,
    "dma50" : 240.53,
    "dma100" : 235.42,
    "dma200" : 264.40,
    "volume" : 278240.00
  }, {
    "date" : "2025-07-11",
    "price" : 236.74,
    "dma50" : 240.39,
    "dma100" : 235.15,
    "dma200" : 264.12,
    "volume" : 285638.00
  }, {
    "date" : "2025-07-14",
    "price" : 235.96,
    "dma50" : 240.21,
    "dma100" : 234.80,
    "dma200" : 263.84,
    "volume" : 171915.00
  }, {
    "date" : "2025-07-15",
    "price" : 239.97,
    "dma50" : 240.20,
    "dma100" : 234.61,
    "dma200" : 263.60,
    "volume" : 210211.00
  }, {
    "date" : "2025-07-16",
    "price" : 241.65,
    "dma50" : 240.26,
    "dma100" : 234.48,
    "dma200" : 263.39,
    "volume" : 203018.00
  }, {
    "date" : "2025-07-17",
    "price" : 243.48,
    "dma50" : 240.39,
    "dma100" : 234.51,
    "dma200" : 263.19,
    "volume" : 268083.00
  }, {
    "date" : "2025-07-18",
    "price" : 246.38,
    "dma50" : 240.62,
    "dma100" : 234.53,
    "dma200" : 263.02,
    "volume" : 365262.00
  }, {
    "date" : "2025-07-21",
    "price" : 239.66,
    "dma50" : 240.58,
    "dma100" : 234.44,
    "dma200" : 262.79,
    "volume" : 267006.00
  }, {
    "date" : "2025-07-22",
    "price" : 235.85,
    "dma50" : 240.40,
    "dma100" : 234.36,
    "dma200" : 262.52,
    "volume" : 194369.00
  }, {
    "date" : "2025-07-23",
    "price" : 241.13,
    "dma50" : 240.43,
    "dma100" : 234.39,
    "dma200" : 262.31,
    "volume" : 259307.00
  }, {
    "date" : "2025-07-24",
    "price" : 241.01,
    "dma50" : 240.45,
    "dma100" : 234.45,
    "dma200" : 262.10,
    "volume" : 159009.00
  }, {
    "date" : "2025-07-25",
    "price" : 232.88,
    "dma50" : 240.15,
    "dma100" : 234.50,
    "dma200" : 261.80,
    "volume" : 219482.00
  }, {
    "date" : "2025-07-28",
    "price" : 233.81,
    "dma50" : 239.90,
    "dma100" : 234.58,
    "dma200" : 261.53,
    "volume" : 222995.00
  }, {
    "date" : "2025-07-29",
    "price" : 234.46,
    "dma50" : 239.69,
    "dma100" : 234.70,
    "dma200" : 261.26,
    "volume" : 128155.00
  }, {
    "date" : "2025-07-30",
    "price" : 235.15,
    "dma50" : 239.51,
    "dma100" : 234.79,
    "dma200" : 261.00,
    "volume" : 121791.00
  }, {
    "date" : "2025-07-31",
    "price" : 227.72,
    "dma50" : 239.05,
    "dma100" : 234.77,
    "dma200" : 260.67,
    "volume" : 301124.00
  }, {
    "date" : "2025-08-01",
    "price" : 224.32,
    "dma50" : 238.47,
    "dma100" : 234.65,
    "dma200" : 260.30,
    "volume" : 253586.00
  }, {
    "date" : "2025-08-04",
    "price" : 228.39,
    "dma50" : 238.08,
    "dma100" : 234.58,
    "dma200" : 259.99,
    "volume" : 165982.00
  }, {
    "date" : "2025-08-05",
    "price" : 220.31,
    "dma50" : 237.38,
    "dma100" : 234.53,
    "dma200" : 259.59,
    "volume" : 287025.00
  }, {
    "date" : "2025-08-06",
    "price" : 220.64,
    "dma50" : 236.72,
    "dma100" : 234.55,
    "dma200" : 259.20,
    "volume" : 527792.00
  }, {
    "date" : "2025-08-07",
    "price" : 218.18,
    "dma50" : 236.00,
    "dma100" : 234.52,
    "dma200" : 258.80,
    "volume" : 260746.00
  }, {
    "date" : "2025-08-08",
    "price" : 220.64,
    "dma50" : 235.39,
    "dma100" : 234.59,
    "dma200" : 258.42,
    "volume" : 187043.00
  }, {
    "date" : "2025-08-11",
    "price" : 221.18,
    "dma50" : 234.84,
    "dma100" : 234.74,
    "dma200" : 258.05,
    "volume" : 206748.00
  }, {
    "date" : "2025-08-12",
    "price" : 216.63,
    "dma50" : 234.12,
    "dma100" : 234.76,
    "dma200" : 257.63,
    "volume" : 183487.00
  }, {
    "date" : "2025-08-13",
    "price" : 216.95,
    "dma50" : 233.45,
    "dma100" : 234.72,
    "dma200" : 257.23,
    "volume" : 146651.00
  }, {
    "date" : "2025-08-14",
    "price" : 213.33,
    "dma50" : 232.66,
    "dma100" : 234.59,
    "dma200" : 256.79,
    "volume" : 209748.00
  }, {
    "date" : "2025-08-18",
    "price" : 221.16,
    "dma50" : 232.21,
    "dma100" : 234.46,
    "dma200" : 256.44,
    "volume" : 247951.00
  }, {
    "date" : "2025-08-19",
    "price" : 222.27,
    "dma50" : 231.82,
    "dma100" : 234.33,
    "dma200" : 256.10,
    "volume" : 108440.00
  }, {
    "date" : "2025-08-20",
    "price" : 224.50,
    "dma50" : 231.53,
    "dma100" : 234.30,
    "dma200" : 255.78,
    "volume" : 141918.00
  }, {
    "date" : "2025-08-21",
    "price" : 219.62,
    "dma50" : 231.07,
    "dma100" : 234.26,
    "dma200" : 255.42,
    "volume" : 204899.00
  }, {
    "date" : "2025-08-22",
    "price" : 217.43,
    "dma50" : 230.53,
    "dma100" : 234.21,
    "dma200" : 255.05,
    "volume" : 115850.00
  }, {
    "date" : "2025-08-25",
    "price" : 215.66,
    "dma50" : 229.95,
    "dma100" : 234.18,
    "dma200" : 254.65,
    "volume" : 107835.00
  }, {
    "date" : "2025-08-26",
    "price" : 207.71,
    "dma50" : 229.08,
    "dma100" : 233.99,
    "dma200" : 254.19,
    "volume" : 335842.00
  }, {
    "date" : "2025-08-28",
    "price" : 211.24,
    "dma50" : 228.38,
    "dma100" : 233.80,
    "dma200" : 253.76,
    "volume" : 1203619.00
  }, {
    "date" : "2025-08-29",
    "price" : 204.26,
    "dma50" : 227.43,
    "dma100" : 233.51,
    "dma200" : 253.27,
    "volume" : 250056.00
  }, {
    "date" : "2025-09-01",
    "price" : 218.09,
    "dma50" : 227.06,
    "dma100" : 233.54,
    "dma200" : 252.92,
    "volume" : 1999723.00
  }, {
    "date" : "2025-09-02",
    "price" : 219.59,
    "dma50" : 226.77,
    "dma100" : 233.73,
    "dma200" : 252.58,
    "volume" : 238019.00
  }, {
    "date" : "2025-09-03",
    "price" : 220.72,
    "dma50" : 226.53,
    "dma100" : 233.84,
    "dma200" : 252.27,
    "volume" : 154844.00
  }, {
    "date" : "2025-09-04",
    "price" : 220.18,
    "dma50" : 226.28,
    "dma100" : 234.03,
    "dma200" : 251.95,
    "volume" : 146224.00
  }, {
    "date" : "2025-09-05",
    "price" : 216.51,
    "dma50" : 225.90,
    "dma100" : 234.09,
    "dma200" : 251.60,
    "volume" : 169823.00
  }, {
    "date" : "2025-09-08",
    "price" : 228.32,
    "dma50" : 226.00,
    "dma100" : 234.15,
    "dma200" : 251.36,
    "volume" : 317282.00
  }, {
    "date" : "2025-09-09",
    "price" : 238.19,
    "dma50" : 226.47,
    "dma100" : 234.32,
    "dma200" : 251.23,
    "volume" : 1814441.00
  }, {
    "date" : "2025-09-10",
    "price" : 238.60,
    "dma50" : 226.95,
    "dma100" : 234.44,
    "dma200" : 251.11,
    "volume" : 362808.00
  }, {
    "date" : "2025-09-11",
    "price" : 233.12,
    "dma50" : 227.19,
    "dma100" : 234.51,
    "dma200" : 250.93,
    "volume" : 313510.00
  }, {
    "date" : "2025-09-12",
    "price" : 233.03,
    "dma50" : 227.42,
    "dma100" : 234.55,
    "dma200" : 250.75,
    "volume" : 154580.00
  }, {
    "date" : "2025-09-15",
    "price" : 237.99,
    "dma50" : 227.83,
    "dma100" : 234.63,
    "dma200" : 250.62,
    "volume" : 320267.00
  }, {
    "date" : "2025-09-16",
    "price" : 249.55,
    "dma50" : 228.69,
    "dma100" : 234.67,
    "dma200" : 250.61,
    "volume" : 2867616.00
  }, {
    "date" : "2025-09-17",
    "price" : 253.18,
    "dma50" : 229.65,
    "dma100" : 234.86,
    "dma200" : 250.64,
    "volume" : 456864.00
  }, {
    "date" : "2025-09-18",
    "price" : 254.71,
    "dma50" : 230.63,
    "dma100" : 235.14,
    "dma200" : 250.68,
    "volume" : 449800.00
  }, {
    "date" : "2025-09-19",
    "price" : 247.34,
    "dma50" : 231.29,
    "dma100" : 235.36,
    "dma200" : 250.65,
    "volume" : 562564.00
  }, {
    "date" : "2025-09-22",
    "price" : 250.70,
    "dma50" : 232.05,
    "dma100" : 235.68,
    "dma200" : 250.65,
    "volume" : 366544.00
  }, {
    "date" : "2025-09-23",
    "price" : 247.16,
    "dma50" : 232.64,
    "dma100" : 235.93,
    "dma200" : 250.61,
    "volume" : 180757.00
  }, {
    "date" : "2025-09-24",
    "price" : 245.31,
    "dma50" : 233.14,
    "dma100" : 236.14,
    "dma200" : 250.56,
    "volume" : 137947.00
  }, {
    "date" : "2025-09-25",
    "price" : 241.02,
    "dma50" : 233.45,
    "dma100" : 236.42,
    "dma200" : 250.46,
    "volume" : 174244.00
  }, {
    "date" : "2025-09-26",
    "price" : 232.48,
    "dma50" : 233.41,
    "dma100" : 236.57,
    "dma200" : 250.28,
    "volume" : 253871.00
  }, {
    "date" : "2025-09-29",
    "price" : 226.87,
    "dma50" : 233.15,
    "dma100" : 236.64,
    "dma200" : 250.05,
    "volume" : 206780.00
  }, {
    "date" : "2025-09-30",
    "price" : 225.29,
    "dma50" : 232.84,
    "dma100" : 236.68,
    "dma200" : 249.81,
    "volume" : 193369.00
  }, {
    "date" : "2025-10-01",
    "price" : 227.05,
    "dma50" : 232.62,
    "dma100" : 236.61,
    "dma200" : 249.58,
    "volume" : 170493.00
  }, {
    "date" : "2025-10-03",
    "price" : 225.63,
    "dma50" : 232.34,
    "dma100" : 236.47,
    "dma200" : 249.34,
    "volume" : 292261.00
  }, {
    "date" : "2025-10-06",
    "price" : 222.59,
    "dma50" : 231.96,
    "dma100" : 236.26,
    "dma200" : 249.07,
    "volume" : 335282.00
  }, {
    "date" : "2025-10-07",
    "price" : 219.95,
    "dma50" : 231.49,
    "dma100" : 235.99,
    "dma200" : 248.78,
    "volume" : 233082.00
  }, {
    "date" : "2025-10-08",
    "price" : 218.77,
    "dma50" : 230.99,
    "dma100" : 235.67,
    "dma200" : 248.49,
    "volume" : 156807.00
  }, {
    "date" : "2025-10-09",
    "price" : 218.98,
    "dma50" : 230.52,
    "dma100" : 235.32,
    "dma200" : 248.19,
    "volume" : 257336.00
  }, {
    "date" : "2025-10-10",
    "price" : 224.97,
    "dma50" : 230.30,
    "dma100" : 235.11,
    "dma200" : 247.96,
    "volume" : 526113.00
  }, {
    "date" : "2025-10-13",
    "price" : 220.42,
    "dma50" : 229.91,
    "dma100" : 234.81,
    "dma200" : 247.69,
    "volume" : 166269.00
  }, {
    "date" : "2025-10-14",
    "price" : 218.24,
    "dma50" : 229.46,
    "dma100" : 234.51,
    "dma200" : 247.39,
    "volume" : 215333.00
  }, {
    "date" : "2025-10-15",
    "price" : 224.33,
    "dma50" : 229.25,
    "dma100" : 234.33,
    "dma200" : 247.16,
    "volume" : 464165.00
  }, {
    "date" : "2025-10-16",
    "price" : 222.77,
    "dma50" : 229.00,
    "dma100" : 233.96,
    "dma200" : 246.92,
    "volume" : 175723.00
  }, {
    "date" : "2025-10-17",
    "price" : 221.16,
    "dma50" : 228.69,
    "dma100" : 233.64,
    "dma200" : 246.67,
    "volume" : 146632.00
  }, {
    "date" : "2025-10-20",
    "price" : 223.82,
    "dma50" : 228.50,
    "dma100" : 233.34,
    "dma200" : 246.44,
    "volume" : 162897.00
  }, {
    "date" : "2025-10-21",
    "price" : 224.96,
    "dma50" : 228.36,
    "dma100" : 233.07,
    "dma200" : 246.22,
    "volume" : 36274.00
  }, {
    "date" : "2025-10-23",
    "price" : 234.22,
    "dma50" : 228.59,
    "dma100" : 232.87,
    "dma200" : 246.11,
    "volume" : 1467179.00
  }, {
    "date" : "2025-10-24",
    "price" : 238.73,
    "dma50" : 228.99,
    "dma100" : 232.73,
    "dma200" : 246.03,
    "volume" : 507878.00
  }, {
    "date" : "2025-10-27",
    "price" : 233.55,
    "dma50" : 229.17,
    "dma100" : 232.57,
    "dma200" : 245.91,
    "volume" : 226612.00
  }, {
    "date" : "2025-10-28",
    "price" : 239.92,
    "dma50" : 229.59,
    "dma100" : 232.44,
    "dma200" : 245.85,
    "volume" : 500301.00
  }, {
    "date" : "2025-10-29",
    "price" : 257.64,
    "dma50" : 230.69,
    "dma100" : 232.49,
    "dma200" : 245.97,
    "volume" : 2234950.00
  }, {
    "date" : "2025-10-30",
    "price" : 274.01,
    "dma50" : 232.39,
    "dma100" : 232.69,
    "dma200" : 246.24,
    "volume" : 30675621.00
  }, {
    "date" : "2025-10-31",
    "price" : 269.17,
    "dma50" : 233.83,
    "dma100" : 232.85,
    "dma200" : 246.47,
    "volume" : 1659919.00
  }, {
    "date" : "2025-11-03",
    "price" : 281.25,
    "dma50" : 235.69,
    "dma100" : 233.10,
    "dma200" : 246.82,
    "volume" : 2574283.00
  }, {
    "date" : "2025-11-04",
    "price" : 274.55,
    "dma50" : 237.22,
    "dma100" : 233.25,
    "dma200" : 247.09,
    "volume" : 574409.00
  }, {
    "date" : "2025-11-06",
    "price" : 265.95,
    "dma50" : 238.34,
    "dma100" : 233.36,
    "dma200" : 247.28,
    "volume" : 641505.00
  }, {
    "date" : "2025-11-07",
    "price" : 265.85,
    "dma50" : 239.42,
    "dma100" : 233.50,
    "dma200" : 247.47,
    "volume" : 483228.00
  }, {
    "date" : "2025-11-10",
    "price" : 262.20,
    "dma50" : 240.31,
    "dma100" : 233.66,
    "dma200" : 247.61,
    "volume" : 403714.00
  }, {
    "date" : "2025-11-11",
    "price" : 257.55,
    "dma50" : 240.99,
    "dma100" : 233.83,
    "dma200" : 247.71,
    "volume" : 823824.00
  }, {
    "date" : "2025-11-12",
    "price" : 264.90,
    "dma50" : 241.93,
    "dma100" : 234.11,
    "dma200" : 247.88,
    "volume" : 803778.00
  }, {
    "date" : "2025-11-13",
    "price" : 265.30,
    "dma50" : 242.84,
    "dma100" : 234.42,
    "dma200" : 248.06,
    "volume" : 549178.00
  }, {
    "date" : "2025-11-14",
    "price" : 265.10,
    "dma50" : 243.72,
    "dma100" : 234.74,
    "dma200" : 248.23,
    "volume" : 462682.00
  }, {
    "date" : "2025-11-17",
    "price" : 265.45,
    "dma50" : 244.57,
    "dma100" : 235.08,
    "dma200" : 248.40,
    "volume" : 250478.00
  }, {
    "date" : "2025-11-18",
    "price" : 256.30,
    "dma50" : 245.03,
    "dma100" : 235.31,
    "dma200" : 248.48,
    "volume" : 450936.00
  }, {
    "date" : "2025-11-19",
    "price" : 251.40,
    "dma50" : 245.28,
    "dma100" : 235.42,
    "dma200" : 248.51,
    "volume" : 407664.00
  }, {
    "date" : "2025-11-20",
    "price" : 244.60,
    "dma50" : 245.25,
    "dma100" : 235.48,
    "dma200" : 248.47,
    "volume" : 432218.00
  }, {
    "date" : "2025-11-21",
    "price" : 239.75,
    "dma50" : 245.04,
    "dma100" : 235.50,
    "dma200" : 248.38,
    "volume" : 437624.00
  }, {
    "date" : "2025-11-24",
    "price" : 233.75,
    "dma50" : 244.59,
    "dma100" : 235.46,
    "dma200" : 248.23,
    "volume" : 1243233.00
  }, {
    "date" : "2025-11-25",
    "price" : 236.75,
    "dma50" : 244.29,
    "dma100" : 235.46,
    "dma200" : 248.12,
    "volume" : 344034.00
  }, {
    "date" : "2025-11-26",
    "price" : 237.40,
    "dma50" : 244.02,
    "dma100" : 235.47,
    "dma200" : 248.01,
    "volume" : 366828.00
  }, {
    "date" : "2025-11-27",
    "price" : 238.80,
    "dma50" : 243.81,
    "dma100" : 235.49,
    "dma200" : 247.92,
    "volume" : 337602.00
  }, {
    "date" : "2025-11-28",
    "price" : 239.75,
    "dma50" : 243.65,
    "dma100" : 235.51,
    "dma200" : 247.84,
    "volume" : 218262.00
  }, {
    "date" : "2025-12-01",
    "price" : 241.22,
    "dma50" : 243.56,
    "dma100" : 235.56,
    "dma200" : 247.77,
    "volume" : 744111.00
  }, {
    "date" : "2025-12-02",
    "price" : 236.49,
    "dma50" : 243.28,
    "dma100" : 235.54,
    "dma200" : 247.66,
    "volume" : 300066.00
  }, {
    "date" : "2025-12-03",
    "price" : 234.49,
    "dma50" : 242.94,
    "dma100" : 235.49,
    "dma200" : 247.53,
    "volume" : 263670.00
  }, {
    "date" : "2025-12-04",
    "price" : 234.87,
    "dma50" : 242.62,
    "dma100" : 235.43,
    "dma200" : 247.41,
    "volume" : 238555.00
  }, {
    "date" : "2025-12-05",
    "price" : 234.90,
    "dma50" : 242.32,
    "dma100" : 235.41,
    "dma200" : 247.28,
    "volume" : 173798.00
  }, {
    "date" : "2025-12-08",
    "price" : 228.46,
    "dma50" : 241.77,
    "dma100" : 235.33,
    "dma200" : 247.09,
    "volume" : 473425.00
  }, {
    "date" : "2025-12-09",
    "price" : 236.70,
    "dma50" : 241.57,
    "dma100" : 235.30,
    "dma200" : 246.99,
    "volume" : 365847.00
  }, {
    "date" : "2025-12-10",
    "price" : 235.04,
    "dma50" : 241.32,
    "dma100" : 235.24,
    "dma200" : 246.87,
    "volume" : 185058.00
  }, {
    "date" : "2025-12-11",
    "price" : 238.87,
    "dma50" : 241.22,
    "dma100" : 235.19,
    "dma200" : 246.79,
    "volume" : 383152.00
  }, {
    "date" : "2025-12-12",
    "price" : 236.21,
    "dma50" : 241.03,
    "dma100" : 235.09,
    "dma200" : 246.69,
    "volume" : 253234.00
  }, {
    "date" : "2025-12-15",
    "price" : 241.83,
    "dma50" : 241.06,
    "dma100" : 235.11,
    "dma200" : 246.64,
    "volume" : 266478.00
  }, {
    "date" : "2025-12-16",
    "price" : 238.00,
    "dma50" : 240.94,
    "dma100" : 235.13,
    "dma200" : 246.55,
    "volume" : 134304.00
  }, {
    "date" : "2025-12-17",
    "price" : 233.65,
    "dma50" : 240.65,
    "dma100" : 235.06,
    "dma200" : 246.42,
    "volume" : 179502.00
  }, {
    "date" : "2025-12-18",
    "price" : 231.39,
    "dma50" : 240.29,
    "dma100" : 234.96,
    "dma200" : 246.27,
    "volume" : 463630.00
  }, {
    "date" : "2025-12-19",
    "price" : 237.13,
    "dma50" : 240.16,
    "dma100" : 235.00,
    "dma200" : 246.18,
    "volume" : 239830.00
  }, {
    "date" : "2025-12-22",
    "price" : 234.89,
    "dma50" : 239.96,
    "dma100" : 235.01,
    "dma200" : 246.07,
    "volume" : 437278.00
  }, {
    "date" : "2025-12-23",
    "price" : 241.10,
    "dma50" : 240.00,
    "dma100" : 235.08,
    "dma200" : 246.02,
    "volume" : 445733.00
  }, {
    "date" : "2025-12-24",
    "price" : 239.30,
    "dma50" : 239.97,
    "dma100" : 235.12,
    "dma200" : 245.95,
    "volume" : 231453.00
  }, {
    "date" : "2025-12-26",
    "price" : 234.94,
    "dma50" : 239.78,
    "dma100" : 235.19,
    "dma200" : 245.84,
    "volume" : 158025.00
  }, {
    "date" : "2025-12-29",
    "price" : 231.99,
    "dma50" : 239.47,
    "dma100" : 235.27,
    "dma200" : 245.71,
    "volume" : 211890.00
  }, {
    "date" : "2025-12-30",
    "price" : 233.48,
    "dma50" : 239.24,
    "dma100" : 235.32,
    "dma200" : 245.59,
    "volume" : 195713.00
  }, {
    "date" : "2025-12-31",
    "price" : 233.67,
    "dma50" : 239.02,
    "dma100" : 235.45,
    "dma200" : 245.47,
    "volume" : 209172.00
  }, {
    "date" : "2026-01-01",
    "price" : 239.83,
    "dma50" : 239.05,
    "dma100" : 235.65,
    "dma200" : 245.41,
    "volume" : 172744.00
  }, {
    "date" : "2026-01-02",
    "price" : 237.86,
    "dma50" : 239.00,
    "dma100" : 235.84,
    "dma200" : 245.34,
    "volume" : 133747.00
  } ],
  "latestTechnicalAttributes" : {
    "date" : "2026-01-02",
    "price" : 237.86,
    "dma50" : 239.00,
    "dma100" : 235.84,
    "dma200" : 245.34,
    "volume" : 133747.00
  },
  "quarterlyResults" : [ {
    "date" : "2005-03-31",
    "sales" : 36.78,
    "salesGrowthYoY" : null,
    "grossProfitMargin" : 31.16,
    "grossProfit" : 11.46,
    "operatingProfitMargin" : 17.29,
    "operatingProfit" : 6.36,
    "netProfitMargin" : 15.82,
    "netProfit" : 5.82
  }, {
    "date" : "2005-06-30",
    "sales" : 37.01,
    "salesGrowthYoY" : null,
    "grossProfitMargin" : 21.97,
    "grossProfit" : 8.13,
    "operatingProfitMargin" : 8.05,
    "operatingProfit" : 2.98,
    "netProfitMargin" : 6.78,
    "netProfit" : 2.51
  }, {
    "date" : "2005-09-30",
    "sales" : 50.91,
    "salesGrowthYoY" : null,
    "grossProfitMargin" : 24.32,
    "grossProfit" : 12.38,
    "operatingProfitMargin" : 11.37,
    "operatingProfit" : 5.79,
    "netProfitMargin" : 9.76,
    "netProfit" : 4.97
  }, {
    "date" : "2005-12-31",
    "sales" : 81.28,
    "salesGrowthYoY" : null,
    "grossProfitMargin" : 24.51,
    "grossProfit" : 19.92,
    "operatingProfitMargin" : 15.56,
    "operatingProfit" : 12.65,
    "netProfitMargin" : 13.75,
    "netProfit" : 11.18
  }, {
    "date" : "2006-03-31",
    "sales" : 50.67,
    "salesGrowthYoY" : 37.77,
    "grossProfitMargin" : 49.65,
    "grossProfit" : 25.16,
    "operatingProfitMargin" : 35.21,
    "operatingProfit" : 17.84,
    "netProfitMargin" : 34.91,
    "netProfit" : 17.69
  }, {
    "date" : "2006-06-30",
    "sales" : 49.04,
    "salesGrowthYoY" : 32.50,
    "grossProfitMargin" : 23.10,
    "grossProfit" : 11.33,
    "operatingProfitMargin" : 8.56,
    "operatingProfit" : 4.20,
    "netProfitMargin" : 9.14,
    "netProfit" : 4.48
  }, {
    "date" : "2006-09-30",
    "sales" : 79.13,
    "salesGrowthYoY" : 55.43,
    "grossProfitMargin" : 24.69,
    "grossProfit" : 19.54,
    "operatingProfitMargin" : 10.92,
    "operatingProfit" : 8.64,
    "netProfitMargin" : 10.17,
    "netProfit" : 8.05
  }, {
    "date" : "2006-12-31",
    "sales" : 66.95,
    "salesGrowthYoY" : -17.63,
    "grossProfitMargin" : 28.24,
    "grossProfit" : 18.91,
    "operatingProfitMargin" : 12.11,
    "operatingProfit" : 8.11,
    "netProfitMargin" : 9.96,
    "netProfit" : 6.67
  }, {
    "date" : "2007-03-31",
    "sales" : 83.50,
    "salesGrowthYoY" : 64.79,
    "grossProfitMargin" : 19.39,
    "grossProfit" : 16.19,
    "operatingProfitMargin" : 7.54,
    "operatingProfit" : 6.30,
    "netProfitMargin" : 6.08,
    "netProfit" : 5.08
  }, {
    "date" : "2007-06-30",
    "sales" : 59.64,
    "salesGrowthYoY" : 21.62,
    "grossProfitMargin" : 22.38,
    "grossProfit" : 13.35,
    "operatingProfitMargin" : 6.51,
    "operatingProfit" : 3.88,
    "netProfitMargin" : 3.12,
    "netProfit" : 1.86
  }, {
    "date" : "2007-09-30",
    "sales" : 85.28,
    "salesGrowthYoY" : 7.77,
    "grossProfitMargin" : 19.61,
    "grossProfit" : 16.72,
    "operatingProfitMargin" : 8.69,
    "operatingProfit" : 7.41,
    "netProfitMargin" : 6.11,
    "netProfit" : 5.21
  }, {
    "date" : "2007-12-31",
    "sales" : 95.74,
    "salesGrowthYoY" : 43.00,
    "grossProfitMargin" : 13.52,
    "grossProfit" : 12.94,
    "operatingProfitMargin" : 3.33,
    "operatingProfit" : 3.19,
    "netProfitMargin" : 0.93,
    "netProfit" : 0.89
  }, {
    "date" : "2008-03-31",
    "sales" : 71.12,
    "salesGrowthYoY" : -14.83,
    "grossProfitMargin" : 24.47,
    "grossProfit" : 17.40,
    "operatingProfitMargin" : 12.89,
    "operatingProfit" : 9.17,
    "netProfitMargin" : 9.94,
    "netProfit" : 7.07
  }, {
    "date" : "2008-06-30",
    "sales" : 33.34,
    "salesGrowthYoY" : -44.10,
    "grossProfitMargin" : 16.80,
    "grossProfit" : 5.60,
    "operatingProfitMargin" : -7.38,
    "operatingProfit" : -2.46,
    "netProfitMargin" : -17.82,
    "netProfit" : -5.94
  }, {
    "date" : "2008-09-30",
    "sales" : 62.72,
    "salesGrowthYoY" : -26.45,
    "grossProfitMargin" : 24.79,
    "grossProfit" : 15.55,
    "operatingProfitMargin" : 12.99,
    "operatingProfit" : 8.15,
    "netProfitMargin" : 6.89,
    "netProfit" : 4.32
  }, {
    "date" : "2008-12-31",
    "sales" : 69.96,
    "salesGrowthYoY" : -26.93,
    "grossProfitMargin" : 25.87,
    "grossProfit" : 18.10,
    "operatingProfitMargin" : 7.48,
    "operatingProfit" : 5.23,
    "netProfitMargin" : 0.39,
    "netProfit" : 0.27
  }, {
    "date" : "2009-03-31",
    "sales" : 19.30,
    "salesGrowthYoY" : -72.86,
    "grossProfitMargin" : -68.65,
    "grossProfit" : -13.25,
    "operatingProfitMargin" : -86.01,
    "operatingProfit" : -16.60,
    "netProfitMargin" : -111.40,
    "netProfit" : -21.50
  }, {
    "date" : "2009-06-30",
    "sales" : 17.50,
    "salesGrowthYoY" : -47.51,
    "grossProfitMargin" : 1.94,
    "grossProfit" : 0.34,
    "operatingProfitMargin" : -26.86,
    "operatingProfit" : -4.70,
    "netProfitMargin" : -55.94,
    "netProfit" : -9.79
  }, {
    "date" : "2009-09-30",
    "sales" : 28.06,
    "salesGrowthYoY" : -55.26,
    "grossProfitMargin" : 21.17,
    "grossProfit" : 5.94,
    "operatingProfitMargin" : 6.02,
    "operatingProfit" : 1.69,
    "netProfitMargin" : -6.91,
    "netProfit" : -1.94
  }, {
    "date" : "2009-12-31",
    "sales" : 42.78,
    "salesGrowthYoY" : -38.85,
    "grossProfitMargin" : 22.67,
    "grossProfit" : 9.70,
    "operatingProfitMargin" : 7.97,
    "operatingProfit" : 3.41,
    "netProfitMargin" : 0.61,
    "netProfit" : 0.26
  }, {
    "date" : "2010-03-31",
    "sales" : 28.09,
    "salesGrowthYoY" : 45.54,
    "grossProfitMargin" : 29.26,
    "grossProfit" : 8.22,
    "operatingProfitMargin" : 3.74,
    "operatingProfit" : 1.05,
    "netProfitMargin" : -7.01,
    "netProfit" : -1.97
  }, {
    "date" : "2010-06-30",
    "sales" : 37.53,
    "salesGrowthYoY" : 114.46,
    "grossProfitMargin" : 23.63,
    "grossProfit" : 8.87,
    "operatingProfitMargin" : 4.34,
    "operatingProfit" : 1.63,
    "netProfitMargin" : -4.42,
    "netProfit" : -1.66
  }, {
    "date" : "2010-09-30",
    "sales" : 43.62,
    "salesGrowthYoY" : 55.45,
    "grossProfitMargin" : 26.73,
    "grossProfit" : 11.66,
    "operatingProfitMargin" : 9.19,
    "operatingProfit" : 4.01,
    "netProfitMargin" : 1.67,
    "netProfit" : 0.73
  }, {
    "date" : "2010-12-31",
    "sales" : 33.40,
    "salesGrowthYoY" : -21.93,
    "grossProfitMargin" : 33.89,
    "grossProfit" : 11.32,
    "operatingProfitMargin" : 11.71,
    "operatingProfit" : 3.91,
    "netProfitMargin" : 2.28,
    "netProfit" : 0.76
  }, {
    "date" : "2011-03-31",
    "sales" : 32.57,
    "salesGrowthYoY" : 15.95,
    "grossProfitMargin" : 39.02,
    "grossProfit" : 12.71,
    "operatingProfitMargin" : 21.40,
    "operatingProfit" : 6.97,
    "netProfitMargin" : 9.82,
    "netProfit" : 3.20
  }, {
    "date" : "2011-06-30",
    "sales" : 36.42,
    "salesGrowthYoY" : -2.96,
    "grossProfitMargin" : 32.07,
    "grossProfit" : 11.68,
    "operatingProfitMargin" : 7.94,
    "operatingProfit" : 2.89,
    "netProfitMargin" : 1.10,
    "netProfit" : 0.40
  }, {
    "date" : "2011-09-30",
    "sales" : 43.49,
    "salesGrowthYoY" : -0.30,
    "grossProfitMargin" : 24.19,
    "grossProfit" : 10.52,
    "operatingProfitMargin" : 6.60,
    "operatingProfit" : 2.87,
    "netProfitMargin" : 9.82,
    "netProfit" : 4.27
  }, {
    "date" : "2011-12-31",
    "sales" : 52.95,
    "salesGrowthYoY" : 58.53,
    "grossProfitMargin" : 29.27,
    "grossProfit" : 15.50,
    "operatingProfitMargin" : 14.43,
    "operatingProfit" : 7.64,
    "netProfitMargin" : 16.54,
    "netProfit" : 8.76
  }, {
    "date" : "2012-03-31",
    "sales" : 44.88,
    "salesGrowthYoY" : 37.80,
    "grossProfitMargin" : 28.07,
    "grossProfit" : 12.60,
    "operatingProfitMargin" : 7.73,
    "operatingProfit" : 3.47,
    "netProfitMargin" : 2.07,
    "netProfit" : 0.93
  }, {
    "date" : "2012-06-30",
    "sales" : 63.93,
    "salesGrowthYoY" : 75.54,
    "grossProfitMargin" : 28.58,
    "grossProfit" : 18.27,
    "operatingProfitMargin" : 11.22,
    "operatingProfit" : 7.17,
    "netProfitMargin" : 9.53,
    "netProfit" : 6.09
  }, {
    "date" : "2012-09-30",
    "sales" : 47.16,
    "salesGrowthYoY" : 8.44,
    "grossProfitMargin" : 39.80,
    "grossProfit" : 18.77,
    "operatingProfitMargin" : 15.90,
    "operatingProfit" : 7.50,
    "netProfitMargin" : 8.59,
    "netProfit" : 4.05
  }, {
    "date" : "2012-12-31",
    "sales" : 79.04,
    "salesGrowthYoY" : 49.27,
    "grossProfitMargin" : 36.80,
    "grossProfit" : 29.09,
    "operatingProfitMargin" : 14.07,
    "operatingProfit" : 11.12,
    "netProfitMargin" : 6.72,
    "netProfit" : 5.31
  }, {
    "date" : "2013-03-31",
    "sales" : 61.11,
    "salesGrowthYoY" : 36.16,
    "grossProfitMargin" : 19.90,
    "grossProfit" : 12.16,
    "operatingProfitMargin" : -1.28,
    "operatingProfit" : -0.78,
    "netProfitMargin" : 3.19,
    "netProfit" : 1.95
  }, {
    "date" : "2013-06-30",
    "sales" : 68.70,
    "salesGrowthYoY" : 7.46,
    "grossProfitMargin" : 32.87,
    "grossProfit" : 22.58,
    "operatingProfitMargin" : 11.14,
    "operatingProfit" : 7.65,
    "netProfitMargin" : 1.02,
    "netProfit" : 0.70
  }, {
    "date" : "2013-09-30",
    "sales" : 92.47,
    "salesGrowthYoY" : 96.08,
    "grossProfitMargin" : 30.85,
    "grossProfit" : 28.53,
    "operatingProfitMargin" : 10.30,
    "operatingProfit" : 9.52,
    "netProfitMargin" : 7.53,
    "netProfit" : 6.96
  }, {
    "date" : "2013-12-31",
    "sales" : 87.22,
    "salesGrowthYoY" : 10.35,
    "grossProfitMargin" : 38.43,
    "grossProfit" : 33.52,
    "operatingProfitMargin" : 14.58,
    "operatingProfit" : 12.72,
    "netProfitMargin" : 28.11,
    "netProfit" : 24.52
  }, {
    "date" : "2014-03-31",
    "sales" : 108.76,
    "salesGrowthYoY" : 77.97,
    "grossProfitMargin" : 33.94,
    "grossProfit" : 36.91,
    "operatingProfitMargin" : 11.02,
    "operatingProfit" : 11.99,
    "netProfitMargin" : 16.17,
    "netProfit" : 17.59
  }, {
    "date" : "2014-06-30",
    "sales" : 83.56,
    "salesGrowthYoY" : 21.63,
    "grossProfitMargin" : 35.54,
    "grossProfit" : 29.70,
    "operatingProfitMargin" : 8.58,
    "operatingProfit" : 7.17,
    "netProfitMargin" : 9.53,
    "netProfit" : 7.96
  }, {
    "date" : "2014-09-30",
    "sales" : 101.82,
    "salesGrowthYoY" : 10.11,
    "grossProfitMargin" : 35.01,
    "grossProfit" : 35.65,
    "operatingProfitMargin" : 12.09,
    "operatingProfit" : 12.31,
    "netProfitMargin" : 9.63,
    "netProfit" : 9.81
  }, {
    "date" : "2014-12-31",
    "sales" : 132.62,
    "salesGrowthYoY" : 52.05,
    "grossProfitMargin" : 28.20,
    "grossProfit" : 37.40,
    "operatingProfitMargin" : 10.52,
    "operatingProfit" : 13.95,
    "netProfitMargin" : 7.92,
    "netProfit" : 10.50
  }, {
    "date" : "2015-03-31",
    "sales" : 86.92,
    "salesGrowthYoY" : -20.08,
    "grossProfitMargin" : 32.28,
    "grossProfit" : 28.06,
    "operatingProfitMargin" : 7.29,
    "operatingProfit" : 6.34,
    "netProfitMargin" : 1.94,
    "netProfit" : 1.69
  }, {
    "date" : "2015-06-30",
    "sales" : 83.52,
    "salesGrowthYoY" : -0.05,
    "grossProfitMargin" : 39.73,
    "grossProfit" : 33.18,
    "operatingProfitMargin" : 12.14,
    "operatingProfit" : 10.14,
    "netProfitMargin" : 8.20,
    "netProfit" : 6.85
  }, {
    "date" : "2015-09-30",
    "sales" : 81.48,
    "salesGrowthYoY" : -19.98,
    "grossProfitMargin" : 38.50,
    "grossProfit" : 31.37,
    "operatingProfitMargin" : 9.60,
    "operatingProfit" : 7.82,
    "netProfitMargin" : 6.33,
    "netProfit" : 5.16
  }, {
    "date" : "2015-12-31",
    "sales" : 98.06,
    "salesGrowthYoY" : -26.06,
    "grossProfitMargin" : 33.72,
    "grossProfit" : 33.07,
    "operatingProfitMargin" : 9.59,
    "operatingProfit" : 9.40,
    "netProfitMargin" : 4.94,
    "netProfit" : 4.84
  }, {
    "date" : "2016-03-31",
    "sales" : 98.36,
    "salesGrowthYoY" : 13.16,
    "grossProfitMargin" : 29.70,
    "grossProfit" : 29.21,
    "operatingProfitMargin" : 4.35,
    "operatingProfit" : 4.28,
    "netProfitMargin" : 1.32,
    "netProfit" : 1.30
  }, {
    "date" : "2016-06-30",
    "sales" : 106.39,
    "salesGrowthYoY" : 27.38,
    "grossProfitMargin" : 32.90,
    "grossProfit" : 35.00,
    "operatingProfitMargin" : 8.03,
    "operatingProfit" : 8.54,
    "netProfitMargin" : 3.24,
    "netProfit" : 3.45
  }, {
    "date" : "2016-09-30",
    "sales" : 124.58,
    "salesGrowthYoY" : 52.90,
    "grossProfitMargin" : 26.71,
    "grossProfit" : 33.28,
    "operatingProfitMargin" : 5.51,
    "operatingProfit" : 6.86,
    "netProfitMargin" : 3.07,
    "netProfit" : 3.82
  }, {
    "date" : "2016-12-31",
    "sales" : 131.12,
    "salesGrowthYoY" : 33.71,
    "grossProfitMargin" : 28.75,
    "grossProfit" : 37.70,
    "operatingProfitMargin" : 6.19,
    "operatingProfit" : 8.12,
    "netProfitMargin" : 4.44,
    "netProfit" : 5.82
  }, {
    "date" : "2017-03-31",
    "sales" : 117.56,
    "salesGrowthYoY" : 19.52,
    "grossProfitMargin" : 34.35,
    "grossProfit" : 40.38,
    "operatingProfitMargin" : 11.06,
    "operatingProfit" : 13.00,
    "netProfitMargin" : 7.86,
    "netProfit" : 9.24
  }, {
    "date" : "2017-06-30",
    "sales" : 108.69,
    "salesGrowthYoY" : 2.16,
    "grossProfitMargin" : 35.84,
    "grossProfit" : 38.95,
    "operatingProfitMargin" : 11.33,
    "operatingProfit" : 12.31,
    "netProfitMargin" : 7.28,
    "netProfit" : 7.91
  }, {
    "date" : "2017-09-30",
    "sales" : 102.60,
    "salesGrowthYoY" : -17.64,
    "grossProfitMargin" : 35.53,
    "grossProfit" : 36.45,
    "operatingProfitMargin" : 9.90,
    "operatingProfit" : 10.16,
    "netProfitMargin" : 9.47,
    "netProfit" : 9.72
  }, {
    "date" : "2017-12-31",
    "sales" : 133.38,
    "salesGrowthYoY" : 1.72,
    "grossProfitMargin" : 29.52,
    "grossProfit" : 39.37,
    "operatingProfitMargin" : 9.12,
    "operatingProfit" : 12.16,
    "netProfitMargin" : 7.93,
    "netProfit" : 10.58
  }, {
    "date" : "2018-03-31",
    "sales" : 125.38,
    "salesGrowthYoY" : 6.65,
    "grossProfitMargin" : 26.19,
    "grossProfit" : 32.84,
    "operatingProfitMargin" : 3.28,
    "operatingProfit" : 4.11,
    "netProfitMargin" : 2.06,
    "netProfit" : 2.58
  }, {
    "date" : "2018-06-30",
    "sales" : 120.59,
    "salesGrowthYoY" : 10.95,
    "grossProfitMargin" : 32.49,
    "grossProfit" : 39.18,
    "operatingProfitMargin" : 11.24,
    "operatingProfit" : 13.55,
    "netProfitMargin" : 8.65,
    "netProfit" : 10.43
  }, {
    "date" : "2018-09-30",
    "sales" : 107.61,
    "salesGrowthYoY" : 4.88,
    "grossProfitMargin" : 34.76,
    "grossProfit" : 37.41,
    "operatingProfitMargin" : 6.66,
    "operatingProfit" : 7.17,
    "netProfitMargin" : 5.06,
    "netProfit" : 5.45
  }, {
    "date" : "2018-12-31",
    "sales" : 125.91,
    "salesGrowthYoY" : -5.60,
    "grossProfitMargin" : 32.81,
    "grossProfit" : 41.31,
    "operatingProfitMargin" : 6.25,
    "operatingProfit" : 7.87,
    "netProfitMargin" : 5.92,
    "netProfit" : 7.45
  }, {
    "date" : "2019-03-31",
    "sales" : 126.29,
    "salesGrowthYoY" : 0.73,
    "grossProfitMargin" : 33.66,
    "grossProfit" : 42.51,
    "operatingProfitMargin" : 8.88,
    "operatingProfit" : 11.21,
    "netProfitMargin" : 7.63,
    "netProfit" : 9.64
  }, {
    "date" : "2019-06-30",
    "sales" : 106.64,
    "salesGrowthYoY" : -11.57,
    "grossProfitMargin" : 35.51,
    "grossProfit" : 37.87,
    "operatingProfitMargin" : 8.24,
    "operatingProfit" : 8.79,
    "netProfitMargin" : 7.80,
    "netProfit" : 8.32
  }, {
    "date" : "2019-09-30",
    "sales" : 106.71,
    "salesGrowthYoY" : -0.84,
    "grossProfitMargin" : 37.78,
    "grossProfit" : 40.32,
    "operatingProfitMargin" : 8.61,
    "operatingProfit" : 9.19,
    "netProfitMargin" : 7.88,
    "netProfit" : 8.41
  }, {
    "date" : "2019-12-31",
    "sales" : 125.05,
    "salesGrowthYoY" : -0.68,
    "grossProfitMargin" : 29.52,
    "grossProfit" : 36.91,
    "operatingProfitMargin" : 5.40,
    "operatingProfit" : 6.75,
    "netProfitMargin" : 3.55,
    "netProfit" : 4.44
  }, {
    "date" : "2020-03-31",
    "sales" : 92.28,
    "salesGrowthYoY" : -26.93,
    "grossProfitMargin" : 36.42,
    "grossProfit" : 33.61,
    "operatingProfitMargin" : 6.86,
    "operatingProfit" : 6.33,
    "netProfitMargin" : 115.03,
    "netProfit" : 106.15
  }, {
    "date" : "2020-06-30",
    "sales" : 75.00,
    "salesGrowthYoY" : -29.67,
    "grossProfitMargin" : 32.11,
    "grossProfit" : 24.08,
    "operatingProfitMargin" : -1.59,
    "operatingProfit" : -1.19,
    "netProfitMargin" : -0.41,
    "netProfit" : -0.31
  }, {
    "date" : "2020-09-30",
    "sales" : 110.01,
    "salesGrowthYoY" : 3.09,
    "grossProfitMargin" : 30.82,
    "grossProfit" : 33.91,
    "operatingProfitMargin" : 4.49,
    "operatingProfit" : 4.94,
    "netProfitMargin" : 12.04,
    "netProfit" : 13.25
  }, {
    "date" : "2020-12-31",
    "sales" : 117.84,
    "salesGrowthYoY" : -5.77,
    "grossProfitMargin" : 27.26,
    "grossProfit" : 32.12,
    "operatingProfitMargin" : 1.67,
    "operatingProfit" : 1.97,
    "netProfitMargin" : 10.90,
    "netProfit" : 12.84
  }, {
    "date" : "2021-03-31",
    "sales" : 113.04,
    "salesGrowthYoY" : 22.50,
    "grossProfitMargin" : 33.43,
    "grossProfit" : 37.79,
    "operatingProfitMargin" : 5.77,
    "operatingProfit" : 6.52,
    "netProfitMargin" : 18.61,
    "netProfit" : 21.04
  }, {
    "date" : "2021-06-30",
    "sales" : 129.52,
    "salesGrowthYoY" : 72.69,
    "grossProfitMargin" : 36.09,
    "grossProfit" : 46.74,
    "operatingProfitMargin" : 7.17,
    "operatingProfit" : 9.29,
    "netProfitMargin" : 7.28,
    "netProfit" : 9.43
  }, {
    "date" : "2021-09-30",
    "sales" : 121.30,
    "salesGrowthYoY" : 10.26,
    "grossProfitMargin" : 37.36,
    "grossProfit" : 45.32,
    "operatingProfitMargin" : 7.79,
    "operatingProfit" : 9.45,
    "netProfitMargin" : 36.82,
    "netProfit" : 44.66
  }, {
    "date" : "2021-12-31",
    "sales" : 128.45,
    "salesGrowthYoY" : 9.00,
    "grossProfitMargin" : 29.05,
    "grossProfit" : 37.31,
    "operatingProfitMargin" : 1.74,
    "operatingProfit" : 2.24,
    "netProfitMargin" : 33.94,
    "netProfit" : 43.60
  }, {
    "date" : "2022-03-31",
    "sales" : 109.82,
    "salesGrowthYoY" : -2.85,
    "grossProfitMargin" : 29.99,
    "grossProfit" : 32.94,
    "operatingProfitMargin" : -0.76,
    "operatingProfit" : -0.83,
    "netProfitMargin" : 28.86,
    "netProfit" : 31.69
  }, {
    "date" : "2022-06-30",
    "sales" : 108.26,
    "salesGrowthYoY" : -16.41,
    "grossProfitMargin" : 38.12,
    "grossProfit" : 41.27,
    "operatingProfitMargin" : 6.63,
    "operatingProfit" : 7.18,
    "netProfitMargin" : 4.95,
    "netProfit" : 5.36
  }, {
    "date" : "2022-09-30",
    "sales" : 90.43,
    "salesGrowthYoY" : -25.45,
    "grossProfitMargin" : 36.43,
    "grossProfit" : 32.94,
    "operatingProfitMargin" : 1.79,
    "operatingProfit" : 1.62,
    "netProfitMargin" : 42.12,
    "netProfit" : 38.09
  }, {
    "date" : "2022-12-31",
    "sales" : 112.98,
    "salesGrowthYoY" : -12.04,
    "grossProfitMargin" : 31.51,
    "grossProfit" : 35.60,
    "operatingProfitMargin" : -0.68,
    "operatingProfit" : -0.77,
    "netProfitMargin" : 21.84,
    "netProfit" : 24.67
  }, {
    "date" : "2023-03-31",
    "sales" : 124.74,
    "salesGrowthYoY" : 13.59,
    "grossProfitMargin" : 36.34,
    "grossProfit" : 45.33,
    "operatingProfitMargin" : 5.15,
    "operatingProfit" : 6.42,
    "netProfitMargin" : 25.47,
    "netProfit" : 31.77
  }, {
    "date" : "2023-06-30",
    "sales" : 126.25,
    "salesGrowthYoY" : 16.62,
    "grossProfitMargin" : 35.71,
    "grossProfit" : 45.08,
    "operatingProfitMargin" : 6.25,
    "operatingProfit" : 7.89,
    "netProfitMargin" : 5.54,
    "netProfit" : 6.99
  }, {
    "date" : "2023-09-30",
    "sales" : 116.38,
    "salesGrowthYoY" : 28.70,
    "grossProfitMargin" : 36.45,
    "grossProfit" : 42.42,
    "operatingProfitMargin" : 2.93,
    "operatingProfit" : 3.41,
    "netProfitMargin" : 17.71,
    "netProfit" : 20.61
  }, {
    "date" : "2023-12-31",
    "sales" : 128.91,
    "salesGrowthYoY" : 14.10,
    "grossProfitMargin" : 33.50,
    "grossProfit" : 43.18,
    "operatingProfitMargin" : 2.35,
    "operatingProfit" : 3.03,
    "netProfitMargin" : 13.19,
    "netProfit" : 17.00
  }, {
    "date" : "2024-03-31",
    "sales" : 117.69,
    "salesGrowthYoY" : -5.65,
    "grossProfitMargin" : 36.73,
    "grossProfit" : 43.23,
    "operatingProfitMargin" : 1.70,
    "operatingProfit" : 2.00,
    "netProfitMargin" : 23.62,
    "netProfit" : 27.80
  }, {
    "date" : "2024-06-30",
    "sales" : 148.07,
    "salesGrowthYoY" : 17.28,
    "grossProfitMargin" : 37.65,
    "grossProfit" : 55.75,
    "operatingProfitMargin" : 8.05,
    "operatingProfit" : 11.92,
    "netProfitMargin" : 8.04,
    "netProfit" : 11.90
  }, {
    "date" : "2024-09-30",
    "sales" : 165.27,
    "salesGrowthYoY" : 42.01,
    "grossProfitMargin" : 34.05,
    "grossProfit" : 56.27,
    "operatingProfitMargin" : 6.37,
    "operatingProfit" : 10.53,
    "netProfitMargin" : 33.91,
    "netProfit" : 56.04
  }, {
    "date" : "2024-12-31",
    "sales" : 189.68,
    "salesGrowthYoY" : 47.14,
    "grossProfitMargin" : 29.54,
    "grossProfit" : 56.03,
    "operatingProfitMargin" : 6.68,
    "operatingProfit" : 12.67,
    "netProfitMargin" : 19.28,
    "netProfit" : 36.57
  }, {
    "date" : "2025-03-31",
    "sales" : 170.62,
    "salesGrowthYoY" : 44.97,
    "grossProfitMargin" : 25.21,
    "grossProfit" : 43.01,
    "operatingProfitMargin" : 0.97,
    "operatingProfit" : 1.66,
    "netProfitMargin" : 19.32,
    "netProfit" : 32.96
  }, {
    "date" : "2025-06-30",
    "sales" : 142.15,
    "salesGrowthYoY" : -4.00,
    "grossProfitMargin" : 31.30,
    "grossProfit" : 44.49,
    "operatingProfitMargin" : 3.49,
    "operatingProfit" : 4.96,
    "netProfitMargin" : 6.35,
    "netProfit" : 9.03
  }, {
    "date" : "2025-09-30",
    "sales" : 139.94,
    "salesGrowthYoY" : -15.33,
    "grossProfitMargin" : 34.98,
    "grossProfit" : 48.95,
    "operatingProfitMargin" : 7.37,
    "operatingProfit" : 10.31,
    "netProfitMargin" : 47.78,
    "netProfit" : 66.86
  } ],
  "latestQuarterlyResult" : {
    "date" : "2025-09-30",
    "sales" : 139.94,
    "salesGrowthYoY" : -15.33,
    "grossProfitMargin" : 34.98,
    "grossProfit" : 48.95,
    "operatingProfitMargin" : 7.37,
    "operatingProfit" : 10.31,
    "netProfitMargin" : 47.78,
    "netProfit" : 66.86
  },
  "companyScore" : {
    "priceHigherThanDma50" : 0.00,
    "priceHigherThanDma100" : 5.00,
    "priceHigherThanDma200" : 0.00,
    "dma50HigherThanDma100" : 5.00,
    "dma50HigherThanDma200" : 0.00,
    "dma100HigherThanDma200" : 0.00,
    "pricePercentageAboveDma50" : 5.02,
    "pricePercentageAboveDma100" : 4.96,
    "pricePercentageAboveDma200" : 5.15,
    "weeklyVolumeHigherThanYearlyVolume" : 0.00,
    "salesGrowthPercentile" : 6.14,
    "operatingProfitMarginPercentile" : 15.41,
    "netProfitMarginPercentile" : 9.88,
    "totalTechnicalScore" : 25.13,
    "totalFundamentalScore" : 31.43,
    "totalScore" : 56.56
  }
}