{
  "metadata" : {
    "screenerCompanyId" : "3630",
    "companyCode" : "VENKEYS",
    "companyName" : "Venky's (India)",
    "screenerCompanyLink" : "https://www.screener.in/company/VENKEYS/",
    "screenerTechnicalHistoryLink" : "https://www.screener.in/api/company/3630/chart/?q=Price-DMA50-DMA200-Volume&days=365",
    "screenerQuarterlyResultsLink" : "https://www.screener.in/api/company/3630/chart/?q=GPM-OPM-NPM-Quarter+Sales&days=10000",
    "attributes" : {
      "companyCode" : "VENKEYS",
      "companyName" : "Venky's (India)",
      "marketCap" : 2098.00,
      "peRatio" : 41.00,
      "description" : "Venky’s India Ltd, a part of the VH group, is majorly engaged in poultry breeding and chicken meat processing. [1]"
    },
    "companyScore" : {
      "priceHigherThanDma50" : 0.00,
      "priceHigherThanDma100" : 5.00,
      "priceHigherThanDma200" : 0.00,
      "dma50HigherThanDma100" : 5.00,
      "dma50HigherThanDma200" : 0.00,
      "dma100HigherThanDma200" : 0.00,
      "pricePercentageAboveDma50" : 5.03,
      "pricePercentageAboveDma100" : 4.92,
      "pricePercentageAboveDma200" : 5.14,
      "weeklyVolumeHigherThanYearlyVolume" : 5.00,
      "salesGrowthPercentile" : 8.00,
      "operatingProfitMarginPercentile" : 13.54,
      "netProfitMarginPercentile" : 7.07,
      "totalTechnicalScore" : 30.09,
      "totalFundamentalScore" : 28.62,
      "totalScore" : 58.71
    }
  },
  "attributes" : {
    "companyCode" : "VENKEYS",
    "companyName" : "Venky's (India)",
    "marketCap" : 2098.00,
    "peRatio" : 41.00,
    "description" : "Venky’s India Ltd, a part of the VH group, is majorly engaged in poultry breeding and chicken meat processing. [1]"
  },
  "technicalHistory" : [ {
    "date" : "2025-02-10",
    "price" : 1765.40,
    "dma50" : 1781.02,
    "dma100" : null,
    "dma200" : 1864.17,
    "volume" : 75346.00
  }, {
    "date" : "2025-02-11",
    "price" : 1684.70,
    "dma50" : 1777.24,
    "dma100" : null,
    "dma200" : 1862.39,
    "volume" : 65260.00
  }, {
    "date" : "2025-02-12",
    "price" : 1668.80,
    "dma50" : 1772.99,
    "dma100" : null,
    "dma200" : 1860.46,
    "volume" : 64364.00
  }, {
    "date" : "2025-02-13",
    "price" : 1714.10,
    "dma50" : 1770.68,
    "dma100" : null,
    "dma200" : 1859.01,
    "volume" : 46035.00
  }, {
    "date" : "2025-02-14",
    "price" : 1677.10,
    "dma50" : 1767.01,
    "dma100" : null,
    "dma200" : 1857.20,
    "volume" : 32027.00
  }, {
    "date" : "2025-02-17",
    "price" : 1669.10,
    "dma50" : 1763.17,
    "dma100" : null,
    "dma200" : 1855.32,
    "volume" : 43196.00
  }, {
    "date" : "2025-02-18",
    "price" : 1637.30,
    "dma50" : 1758.24,
    "dma100" : null,
    "dma200" : 1853.15,
    "volume" : 23313.00
  }, {
    "date" : "2025-02-19",
    "price" : 1659.30,
    "dma50" : 1754.36,
    "dma100" : null,
    "dma200" : 1851.23,
    "volume" : 19191.00
  }, {
    "date" : "2025-02-20",
    "price" : 1663.10,
    "dma50" : 1750.78,
    "dma100" : null,
    "dma200" : 1849.35,
    "volume" : 13176.00
  }, {
    "date" : "2025-02-21",
    "price" : 1657.90,
    "dma50" : 1747.14,
    "dma100" : null,
    "dma200" : 1847.45,
    "volume" : 10350.00
  }, {
    "date" : "2025-02-24",
    "price" : 1672.80,
    "dma50" : 1744.22,
    "dma100" : null,
    "dma200" : 1845.71,
    "volume" : 16602.00
  }, {
    "date" : "2025-02-25",
    "price" : 1667.90,
    "dma50" : 1741.23,
    "dma100" : null,
    "dma200" : 1843.94,
    "volume" : 10900.00
  }, {
    "date" : "2025-02-27",
    "price" : 1652.00,
    "dma50" : 1737.73,
    "dma100" : null,
    "dma200" : 1842.03,
    "volume" : 11955.00
  }, {
    "date" : "2025-02-28",
    "price" : 1635.90,
    "dma50" : 1733.73,
    "dma100" : null,
    "dma200" : 1839.98,
    "volume" : 16799.00
  }, {
    "date" : "2025-03-03",
    "price" : 1589.55,
    "dma50" : 1728.08,
    "dma100" : null,
    "dma200" : 1837.49,
    "volume" : 41189.00
  }, {
    "date" : "2025-03-04",
    "price" : 1635.00,
    "dma50" : 1724.43,
    "dma100" : null,
    "dma200" : 1835.47,
    "volume" : 30023.00
  }, {
    "date" : "2025-03-05",
    "price" : 1655.05,
    "dma50" : 1721.71,
    "dma100" : null,
    "dma200" : 1833.68,
    "volume" : 23730.00
  }, {
    "date" : "2025-03-06",
    "price" : 1645.95,
    "dma50" : 1718.74,
    "dma100" : null,
    "dma200" : 1831.81,
    "volume" : 28972.00
  }, {
    "date" : "2025-03-07",
    "price" : 1649.60,
    "dma50" : 1716.03,
    "dma100" : null,
    "dma200" : 1830.00,
    "volume" : 20332.00
  }, {
    "date" : "2025-03-10",
    "price" : 1621.70,
    "dma50" : 1712.33,
    "dma100" : null,
    "dma200" : 1827.93,
    "volume" : 20786.00
  }, {
    "date" : "2025-03-11",
    "price" : 1603.70,
    "dma50" : 1708.07,
    "dma100" : null,
    "dma200" : 1825.69,
    "volume" : 23037.00
  }, {
    "date" : "2025-03-12",
    "price" : 1599.20,
    "dma50" : 1703.80,
    "dma100" : null,
    "dma200" : 1823.44,
    "volume" : 19339.00
  }, {
    "date" : "2025-03-13",
    "price" : 1591.40,
    "dma50" : 1699.39,
    "dma100" : null,
    "dma200" : 1821.13,
    "volume" : 27290.00
  }, {
    "date" : "2025-03-17",
    "price" : 1549.10,
    "dma50" : 1693.50,
    "dma100" : null,
    "dma200" : 1818.42,
    "volume" : 43643.00
  }, {
    "date" : "2025-03-18",
    "price" : 1544.75,
    "dma50" : 1687.66,
    "dma100" : null,
    "dma200" : 1815.70,
    "volume" : 36387.00
  }, {
    "date" : "2025-03-19",
    "price" : 1570.55,
    "dma50" : 1683.07,
    "dma100" : null,
    "dma200" : 1813.26,
    "volume" : 36867.00
  }, {
    "date" : "2025-03-20",
    "price" : 1653.75,
    "dma50" : 1681.92,
    "dma100" : null,
    "dma200" : 1811.68,
    "volume" : 47328.00
  }, {
    "date" : "2025-03-21",
    "price" : 1679.70,
    "dma50" : 1681.83,
    "dma100" : null,
    "dma200" : 1810.36,
    "volume" : 29461.00
  }, {
    "date" : "2025-03-24",
    "price" : 1715.75,
    "dma50" : 1683.16,
    "dma100" : null,
    "dma200" : 1809.42,
    "volume" : 35190.00
  }, {
    "date" : "2025-03-25",
    "price" : 1691.10,
    "dma50" : 1683.48,
    "dma100" : null,
    "dma200" : 1808.24,
    "volume" : 47697.00
  }, {
    "date" : "2025-03-26",
    "price" : 1613.50,
    "dma50" : 1680.73,
    "dma100" : null,
    "dma200" : 1806.31,
    "volume" : 49420.00
  }, {
    "date" : "2025-03-27",
    "price" : 1588.40,
    "dma50" : 1677.11,
    "dma100" : null,
    "dma200" : 1804.14,
    "volume" : 90017.00
  }, {
    "date" : "2025-03-28",
    "price" : 1617.30,
    "dma50" : 1674.77,
    "dma100" : null,
    "dma200" : 1802.28,
    "volume" : 130397.00
  }, {
    "date" : "2025-04-01",
    "price" : 1669.40,
    "dma50" : 1674.55,
    "dma100" : null,
    "dma200" : 1800.96,
    "volume" : 40913.00
  }, {
    "date" : "2025-04-02",
    "price" : 1665.50,
    "dma50" : 1674.20,
    "dma100" : null,
    "dma200" : 1799.61,
    "volume" : 15424.00
  }, {
    "date" : "2025-04-03",
    "price" : 1662.50,
    "dma50" : 1673.74,
    "dma100" : null,
    "dma200" : 1798.24,
    "volume" : 23846.00
  }, {
    "date" : "2025-04-04",
    "price" : 1628.25,
    "dma50" : 1671.96,
    "dma100" : null,
    "dma200" : 1796.55,
    "volume" : 24278.00
  }, {
    "date" : "2025-04-07",
    "price" : 1582.25,
    "dma50" : 1668.44,
    "dma100" : null,
    "dma200" : 1794.42,
    "volume" : 40936.00
  }, {
    "date" : "2025-04-08",
    "price" : 1630.85,
    "dma50" : 1666.96,
    "dma100" : null,
    "dma200" : 1792.79,
    "volume" : 22372.00
  }, {
    "date" : "2025-04-09",
    "price" : 1625.25,
    "dma50" : 1665.33,
    "dma100" : null,
    "dma200" : 1791.13,
    "volume" : 8618.00
  }, {
    "date" : "2025-04-11",
    "price" : 1663.35,
    "dma50" : 1665.25,
    "dma100" : null,
    "dma200" : 1789.85,
    "volume" : 18913.00
  }, {
    "date" : "2025-04-15",
    "price" : 1692.40,
    "dma50" : 1666.32,
    "dma100" : null,
    "dma200" : 1788.88,
    "volume" : 28699.00
  }, {
    "date" : "2025-04-16",
    "price" : 1698.80,
    "dma50" : 1667.59,
    "dma100" : null,
    "dma200" : 1787.99,
    "volume" : 16285.00
  }, {
    "date" : "2025-04-17",
    "price" : 1713.30,
    "dma50" : 1669.38,
    "dma100" : null,
    "dma200" : 1787.24,
    "volume" : 33574.00
  }, {
    "date" : "2025-04-21",
    "price" : 1723.30,
    "dma50" : 1671.50,
    "dma100" : null,
    "dma200" : 1786.61,
    "volume" : 17660.00
  }, {
    "date" : "2025-04-22",
    "price" : 1736.30,
    "dma50" : 1674.04,
    "dma100" : null,
    "dma200" : 1786.11,
    "volume" : 19818.00
  }, {
    "date" : "2025-04-23",
    "price" : 1744.40,
    "dma50" : 1676.80,
    "dma100" : null,
    "dma200" : 1785.69,
    "volume" : 22567.00
  }, {
    "date" : "2025-04-24",
    "price" : 1731.70,
    "dma50" : 1678.95,
    "dma100" : null,
    "dma200" : 1785.16,
    "volume" : 20057.00
  }, {
    "date" : "2025-04-25",
    "price" : 1698.20,
    "dma50" : 1679.71,
    "dma100" : null,
    "dma200" : 1784.29,
    "volume" : 30438.00
  }, {
    "date" : "2025-04-28",
    "price" : 1701.60,
    "dma50" : 1680.56,
    "dma100" : null,
    "dma200" : 1783.47,
    "volume" : 19235.00
  }, {
    "date" : "2025-04-29",
    "price" : 1713.60,
    "dma50" : 1681.86,
    "dma100" : null,
    "dma200" : 1782.77,
    "volume" : 14282.00
  }, {
    "date" : "2025-04-30",
    "price" : 1699.00,
    "dma50" : 1682.53,
    "dma100" : null,
    "dma200" : 1781.94,
    "volume" : 13584.00
  }, {
    "date" : "2025-05-02",
    "price" : 1709.00,
    "dma50" : 1683.57,
    "dma100" : null,
    "dma200" : 1781.21,
    "volume" : 21513.00
  }, {
    "date" : "2025-05-05",
    "price" : 1725.40,
    "dma50" : 1685.21,
    "dma100" : null,
    "dma200" : 1780.66,
    "volume" : 18025.00
  }, {
    "date" : "2025-05-06",
    "price" : 1708.90,
    "dma50" : 1686.14,
    "dma100" : null,
    "dma200" : 1779.94,
    "volume" : 22638.00
  }, {
    "date" : "2025-05-07",
    "price" : 1728.60,
    "dma50" : 1687.80,
    "dma100" : null,
    "dma200" : 1779.43,
    "volume" : 14962.00
  }, {
    "date" : "2025-05-08",
    "price" : 1677.60,
    "dma50" : 1687.40,
    "dma100" : null,
    "dma200" : 1778.42,
    "volume" : 39215.00
  }, {
    "date" : "2025-05-09",
    "price" : 1663.60,
    "dma50" : 1686.47,
    "dma100" : null,
    "dma200" : 1777.28,
    "volume" : 16892.00
  }, {
    "date" : "2025-05-12",
    "price" : 1641.90,
    "dma50" : 1684.72,
    "dma100" : null,
    "dma200" : 1775.93,
    "volume" : 204799.00
  }, {
    "date" : "2025-05-13",
    "price" : 1631.80,
    "dma50" : 1682.65,
    "dma100" : null,
    "dma200" : 1774.50,
    "volume" : 33996.00
  }, {
    "date" : "2025-05-14",
    "price" : 1634.60,
    "dma50" : 1680.76,
    "dma100" : null,
    "dma200" : 1773.10,
    "volume" : 22179.00
  }, {
    "date" : "2025-05-15",
    "price" : 1632.50,
    "dma50" : 1678.87,
    "dma100" : null,
    "dma200" : 1771.70,
    "volume" : 17748.00
  }, {
    "date" : "2025-05-16",
    "price" : 1628.70,
    "dma50" : 1676.90,
    "dma100" : null,
    "dma200" : 1770.28,
    "volume" : 26456.00
  }, {
    "date" : "2025-05-19",
    "price" : 1632.00,
    "dma50" : 1675.14,
    "dma100" : null,
    "dma200" : 1768.91,
    "volume" : 28351.00
  }, {
    "date" : "2025-05-20",
    "price" : 1616.80,
    "dma50" : 1672.85,
    "dma100" : null,
    "dma200" : 1767.39,
    "volume" : 27736.00
  }, {
    "date" : "2025-05-21",
    "price" : 1613.20,
    "dma50" : 1670.51,
    "dma100" : null,
    "dma200" : 1765.86,
    "volume" : 23186.00
  }, {
    "date" : "2025-05-22",
    "price" : 1600.90,
    "dma50" : 1667.78,
    "dma100" : null,
    "dma200" : 1764.22,
    "volume" : 27696.00
  }, {
    "date" : "2025-05-23",
    "price" : 1607.10,
    "dma50" : 1665.40,
    "dma100" : null,
    "dma200" : 1762.65,
    "volume" : 14257.00
  }, {
    "date" : "2025-05-26",
    "price" : 1602.20,
    "dma50" : 1662.93,
    "dma100" : null,
    "dma200" : 1761.06,
    "volume" : 20568.00
  }, {
    "date" : "2025-05-27",
    "price" : 1609.50,
    "dma50" : 1660.83,
    "dma100" : null,
    "dma200" : 1759.55,
    "volume" : 15711.00
  }, {
    "date" : "2025-05-28",
    "price" : 1600.50,
    "dma50" : 1658.47,
    "dma100" : null,
    "dma200" : 1757.97,
    "volume" : 23375.00
  }, {
    "date" : "2025-05-29",
    "price" : 1621.60,
    "dma50" : 1657.02,
    "dma100" : null,
    "dma200" : 1756.61,
    "volume" : 24541.00
  }, {
    "date" : "2025-05-30",
    "price" : 1617.50,
    "dma50" : 1655.47,
    "dma100" : null,
    "dma200" : 1755.23,
    "volume" : 21194.00
  }, {
    "date" : "2025-06-02",
    "price" : 1623.00,
    "dma50" : 1654.20,
    "dma100" : null,
    "dma200" : 1753.91,
    "volume" : 18584.00
  }, {
    "date" : "2025-06-03",
    "price" : 1609.30,
    "dma50" : 1652.44,
    "dma100" : null,
    "dma200" : 1752.47,
    "volume" : 17766.00
  }, {
    "date" : "2025-06-04",
    "price" : 1625.10,
    "dma50" : 1651.36,
    "dma100" : null,
    "dma200" : 1751.20,
    "volume" : 17685.00
  }, {
    "date" : "2025-06-05",
    "price" : 1630.80,
    "dma50" : 1650.56,
    "dma100" : null,
    "dma200" : 1750.01,
    "volume" : 33861.00
  }, {
    "date" : "2025-06-06",
    "price" : 1630.20,
    "dma50" : 1649.76,
    "dma100" : null,
    "dma200" : 1748.81,
    "volume" : 24265.00
  }, {
    "date" : "2025-06-09",
    "price" : 1632.00,
    "dma50" : 1649.06,
    "dma100" : null,
    "dma200" : 1747.65,
    "volume" : 15482.00
  }, {
    "date" : "2025-06-10",
    "price" : 1639.10,
    "dma50" : 1648.67,
    "dma100" : null,
    "dma200" : 1746.57,
    "volume" : 14800.00
  }, {
    "date" : "2025-06-11",
    "price" : 1645.40,
    "dma50" : 1648.54,
    "dma100" : null,
    "dma200" : 1745.56,
    "volume" : 29438.00
  }, {
    "date" : "2025-06-12",
    "price" : 1637.50,
    "dma50" : 1648.11,
    "dma100" : null,
    "dma200" : 1744.49,
    "volume" : 21430.00
  }, {
    "date" : "2025-06-13",
    "price" : 1641.40,
    "dma50" : 1647.85,
    "dma100" : null,
    "dma200" : 1743.46,
    "volume" : 15119.00
  }, {
    "date" : "2025-06-16",
    "price" : 1630.20,
    "dma50" : 1647.16,
    "dma100" : null,
    "dma200" : 1742.34,
    "volume" : 13548.00
  }, {
    "date" : "2025-06-17",
    "price" : 1623.50,
    "dma50" : 1646.23,
    "dma100" : null,
    "dma200" : 1741.15,
    "volume" : 14499.00
  }, {
    "date" : "2025-06-18",
    "price" : 1615.50,
    "dma50" : 1645.02,
    "dma100" : null,
    "dma200" : 1739.90,
    "volume" : 8848.00
  }, {
    "date" : "2025-06-19",
    "price" : 1606.80,
    "dma50" : 1643.52,
    "dma100" : null,
    "dma200" : 1738.58,
    "volume" : 16273.00
  }, {
    "date" : "2025-06-20",
    "price" : 1608.80,
    "dma50" : 1642.16,
    "dma100" : null,
    "dma200" : 1737.29,
    "volume" : 10399.00
  }, {
    "date" : "2025-06-23",
    "price" : 1600.20,
    "dma50" : 1640.52,
    "dma100" : null,
    "dma200" : 1735.92,
    "volume" : 10160.00
  }, {
    "date" : "2025-06-24",
    "price" : 1612.70,
    "dma50" : 1639.43,
    "dma100" : null,
    "dma200" : 1734.70,
    "volume" : 11368.00
  }, {
    "date" : "2025-06-25",
    "price" : 1612.80,
    "dma50" : 1638.38,
    "dma100" : null,
    "dma200" : 1733.48,
    "volume" : 18414.00
  }, {
    "date" : "2025-06-26",
    "price" : 1607.20,
    "dma50" : 1637.16,
    "dma100" : null,
    "dma200" : 1732.23,
    "volume" : 37270.00
  }, {
    "date" : "2025-06-27",
    "price" : 1605.60,
    "dma50" : 1635.92,
    "dma100" : null,
    "dma200" : 1730.97,
    "volume" : 19818.00
  }, {
    "date" : "2025-06-30",
    "price" : 1599.70,
    "dma50" : 1634.50,
    "dma100" : null,
    "dma200" : 1729.66,
    "volume" : 28226.00
  }, {
    "date" : "2025-07-01",
    "price" : 1601.30,
    "dma50" : 1633.20,
    "dma100" : null,
    "dma200" : 1728.38,
    "volume" : 20852.00
  }, {
    "date" : "2025-07-02",
    "price" : 1612.30,
    "dma50" : 1632.38,
    "dma100" : null,
    "dma200" : 1727.23,
    "volume" : 28875.00
  }, {
    "date" : "2025-07-03",
    "price" : 1615.60,
    "dma50" : 1631.72,
    "dma100" : null,
    "dma200" : 1726.12,
    "volume" : 32861.00
  }, {
    "date" : "2025-07-04",
    "price" : 1615.60,
    "dma50" : 1631.09,
    "dma100" : null,
    "dma200" : 1725.02,
    "volume" : 12977.00
  }, {
    "date" : "2025-07-07",
    "price" : 1604.40,
    "dma50" : 1630.04,
    "dma100" : null,
    "dma200" : 1723.82,
    "volume" : 28974.00
  }, {
    "date" : "2025-07-08",
    "price" : 1608.00,
    "dma50" : 1629.18,
    "dma100" : null,
    "dma200" : 1722.67,
    "volume" : 21131.00
  }, {
    "date" : "2025-07-09",
    "price" : 1600.90,
    "dma50" : 1628.07,
    "dma100" : 1642.54,
    "dma200" : 1721.45,
    "volume" : 17272.00
  }, {
    "date" : "2025-07-10",
    "price" : 1598.80,
    "dma50" : 1626.92,
    "dma100" : 1641.68,
    "dma200" : 1720.23,
    "volume" : 16260.00
  }, {
    "date" : "2025-07-11",
    "price" : 1595.10,
    "dma50" : 1625.67,
    "dma100" : 1640.94,
    "dma200" : 1718.99,
    "volume" : 17644.00
  }, {
    "date" : "2025-07-14",
    "price" : 1593.00,
    "dma50" : 1624.39,
    "dma100" : 1639.73,
    "dma200" : 1717.74,
    "volume" : 14138.00
  }, {
    "date" : "2025-07-15",
    "price" : 1586.90,
    "dma50" : 1622.92,
    "dma100" : 1638.83,
    "dma200" : 1716.43,
    "volume" : 24838.00
  }, {
    "date" : "2025-07-16",
    "price" : 1586.70,
    "dma50" : 1621.50,
    "dma100" : 1638.01,
    "dma200" : 1715.14,
    "volume" : 17928.00
  }, {
    "date" : "2025-07-17",
    "price" : 1572.70,
    "dma50" : 1619.59,
    "dma100" : 1637.36,
    "dma200" : 1713.73,
    "volume" : 19017.00
  }, {
    "date" : "2025-07-18",
    "price" : 1580.90,
    "dma50" : 1618.07,
    "dma100" : 1636.58,
    "dma200" : 1712.40,
    "volume" : 26999.00
  }, {
    "date" : "2025-07-21",
    "price" : 1564.00,
    "dma50" : 1615.95,
    "dma100" : 1635.58,
    "dma200" : 1710.93,
    "volume" : 16974.00
  }, {
    "date" : "2025-07-22",
    "price" : 1562.80,
    "dma50" : 1613.87,
    "dma100" : 1634.63,
    "dma200" : 1709.45,
    "volume" : 18969.00
  }, {
    "date" : "2025-07-23",
    "price" : 1555.60,
    "dma50" : 1611.58,
    "dma100" : 1633.46,
    "dma200" : 1707.92,
    "volume" : 19069.00
  }, {
    "date" : "2025-07-24",
    "price" : 1551.90,
    "dma50" : 1609.24,
    "dma100" : 1632.30,
    "dma200" : 1706.37,
    "volume" : 13662.00
  }, {
    "date" : "2025-07-25",
    "price" : 1545.80,
    "dma50" : 1606.75,
    "dma100" : 1631.24,
    "dma200" : 1704.77,
    "volume" : 16059.00
  }, {
    "date" : "2025-07-28",
    "price" : 1528.90,
    "dma50" : 1603.70,
    "dma100" : 1630.17,
    "dma200" : 1703.02,
    "volume" : 16765.00
  }, {
    "date" : "2025-07-29",
    "price" : 1517.50,
    "dma50" : 1600.32,
    "dma100" : 1629.45,
    "dma200" : 1701.18,
    "volume" : 17301.00
  }, {
    "date" : "2025-07-30",
    "price" : 1504.10,
    "dma50" : 1596.55,
    "dma100" : 1628.14,
    "dma200" : 1699.22,
    "volume" : 22398.00
  }, {
    "date" : "2025-07-31",
    "price" : 1511.60,
    "dma50" : 1593.21,
    "dma100" : 1626.71,
    "dma200" : 1697.35,
    "volume" : 15706.00
  }, {
    "date" : "2025-08-01",
    "price" : 1504.00,
    "dma50" : 1589.72,
    "dma100" : 1625.29,
    "dma200" : 1695.42,
    "volume" : 25198.00
  }, {
    "date" : "2025-08-04",
    "price" : 1500.40,
    "dma50" : 1586.21,
    "dma100" : 1623.79,
    "dma200" : 1693.48,
    "volume" : 13454.00
  }, {
    "date" : "2025-08-05",
    "price" : 1499.00,
    "dma50" : 1582.79,
    "dma100" : 1622.57,
    "dma200" : 1691.55,
    "volume" : 7316.00
  }, {
    "date" : "2025-08-06",
    "price" : 1509.60,
    "dma50" : 1579.92,
    "dma100" : 1621.63,
    "dma200" : 1689.74,
    "volume" : 15502.00
  }, {
    "date" : "2025-08-07",
    "price" : 1488.20,
    "dma50" : 1576.33,
    "dma100" : 1620.52,
    "dma200" : 1687.73,
    "volume" : 21619.00
  }, {
    "date" : "2025-08-08",
    "price" : 1507.80,
    "dma50" : 1573.64,
    "dma100" : 1619.68,
    "dma200" : 1685.94,
    "volume" : 150444.00
  }, {
    "date" : "2025-08-11",
    "price" : 1470.40,
    "dma50" : 1569.59,
    "dma100" : 1618.89,
    "dma200" : 1683.80,
    "volume" : 19749.00
  }, {
    "date" : "2025-08-12",
    "price" : 1442.00,
    "dma50" : 1564.59,
    "dma100" : 1617.87,
    "dma200" : 1681.39,
    "volume" : 26958.00
  }, {
    "date" : "2025-08-13",
    "price" : 1424.80,
    "dma50" : 1559.10,
    "dma100" : 1616.41,
    "dma200" : 1678.84,
    "volume" : 21462.00
  }, {
    "date" : "2025-08-14",
    "price" : 1398.70,
    "dma50" : 1552.81,
    "dma100" : 1613.86,
    "dma200" : 1676.05,
    "volume" : 25332.00
  }, {
    "date" : "2025-08-18",
    "price" : 1405.90,
    "dma50" : 1547.05,
    "dma100" : 1611.12,
    "dma200" : 1673.36,
    "volume" : 20822.00
  }, {
    "date" : "2025-08-19",
    "price" : 1413.70,
    "dma50" : 1541.82,
    "dma100" : 1608.10,
    "dma200" : 1670.78,
    "volume" : 15908.00
  }, {
    "date" : "2025-08-20",
    "price" : 1418.70,
    "dma50" : 1537.00,
    "dma100" : 1605.37,
    "dma200" : 1668.27,
    "volume" : 17423.00
  }, {
    "date" : "2025-08-21",
    "price" : 1479.90,
    "dma50" : 1534.76,
    "dma100" : 1604.04,
    "dma200" : 1666.40,
    "volume" : 1145437.00
  }, {
    "date" : "2025-08-22",
    "price" : 1506.50,
    "dma50" : 1533.65,
    "dma100" : 1603.22,
    "dma200" : 1664.81,
    "volume" : 184451.00
  }, {
    "date" : "2025-08-25",
    "price" : 1496.10,
    "dma50" : 1532.18,
    "dma100" : 1602.01,
    "dma200" : 1663.13,
    "volume" : 27325.00
  }, {
    "date" : "2025-08-26",
    "price" : 1485.10,
    "dma50" : 1530.33,
    "dma100" : 1600.16,
    "dma200" : 1661.36,
    "volume" : 34493.00
  }, {
    "date" : "2025-08-28",
    "price" : 1475.80,
    "dma50" : 1528.19,
    "dma100" : 1598.27,
    "dma200" : 1659.51,
    "volume" : 17437.00
  }, {
    "date" : "2025-08-29",
    "price" : 1465.20,
    "dma50" : 1525.72,
    "dma100" : 1596.29,
    "dma200" : 1657.58,
    "volume" : 16726.00
  }, {
    "date" : "2025-09-01",
    "price" : 1469.00,
    "dma50" : 1523.50,
    "dma100" : 1594.70,
    "dma200" : 1655.70,
    "volume" : 20877.00
  }, {
    "date" : "2025-09-02",
    "price" : 1495.70,
    "dma50" : 1522.41,
    "dma100" : 1593.84,
    "dma200" : 1654.11,
    "volume" : 27100.00
  }, {
    "date" : "2025-09-03",
    "price" : 1513.70,
    "dma50" : 1522.06,
    "dma100" : 1592.67,
    "dma200" : 1652.71,
    "volume" : 30405.00
  }, {
    "date" : "2025-09-04",
    "price" : 1494.60,
    "dma50" : 1520.99,
    "dma100" : 1591.36,
    "dma200" : 1651.14,
    "volume" : 16654.00
  }, {
    "date" : "2025-09-05",
    "price" : 1492.80,
    "dma50" : 1519.88,
    "dma100" : 1589.65,
    "dma200" : 1649.56,
    "volume" : 10556.00
  }, {
    "date" : "2025-09-08",
    "price" : 1482.00,
    "dma50" : 1518.40,
    "dma100" : 1587.55,
    "dma200" : 1647.89,
    "volume" : 10245.00
  }, {
    "date" : "2025-09-09",
    "price" : 1463.80,
    "dma50" : 1516.26,
    "dma100" : 1585.20,
    "dma200" : 1646.06,
    "volume" : 15296.00
  }, {
    "date" : "2025-09-10",
    "price" : 1516.20,
    "dma50" : 1516.25,
    "dma100" : 1583.23,
    "dma200" : 1644.77,
    "volume" : 153859.00
  }, {
    "date" : "2025-09-11",
    "price" : 1496.80,
    "dma50" : 1515.49,
    "dma100" : 1580.96,
    "dma200" : 1643.30,
    "volume" : 27620.00
  }, {
    "date" : "2025-09-12",
    "price" : 1494.40,
    "dma50" : 1514.66,
    "dma100" : 1578.54,
    "dma200" : 1641.82,
    "volume" : 27919.00
  }, {
    "date" : "2025-09-15",
    "price" : 1495.60,
    "dma50" : 1513.92,
    "dma100" : 1576.06,
    "dma200" : 1640.36,
    "volume" : 24639.00
  }, {
    "date" : "2025-09-16",
    "price" : 1493.20,
    "dma50" : 1513.10,
    "dma100" : 1573.67,
    "dma200" : 1638.90,
    "volume" : 16005.00
  }, {
    "date" : "2025-09-17",
    "price" : 1513.40,
    "dma50" : 1513.12,
    "dma100" : 1571.82,
    "dma200" : 1637.65,
    "volume" : 22479.00
  }, {
    "date" : "2025-09-18",
    "price" : 1523.60,
    "dma50" : 1513.53,
    "dma100" : 1570.04,
    "dma200" : 1636.51,
    "volume" : 21051.00
  }, {
    "date" : "2025-09-19",
    "price" : 1520.80,
    "dma50" : 1513.81,
    "dma100" : 1568.12,
    "dma200" : 1635.36,
    "volume" : 11524.00
  }, {
    "date" : "2025-09-22",
    "price" : 1504.60,
    "dma50" : 1513.45,
    "dma100" : 1566.17,
    "dma200" : 1634.06,
    "volume" : 11921.00
  }, {
    "date" : "2025-09-23",
    "price" : 1494.10,
    "dma50" : 1512.69,
    "dma100" : 1564.02,
    "dma200" : 1632.67,
    "volume" : 11099.00
  }, {
    "date" : "2025-09-24",
    "price" : 1484.00,
    "dma50" : 1511.57,
    "dma100" : 1561.61,
    "dma200" : 1631.19,
    "volume" : 9754.00
  }, {
    "date" : "2025-09-25",
    "price" : 1470.90,
    "dma50" : 1509.97,
    "dma100" : 1559.23,
    "dma200" : 1629.59,
    "volume" : 15801.00
  }, {
    "date" : "2025-09-26",
    "price" : 1460.90,
    "dma50" : 1508.05,
    "dma100" : 1556.55,
    "dma200" : 1627.92,
    "volume" : 12721.00
  }, {
    "date" : "2025-09-29",
    "price" : 1487.20,
    "dma50" : 1507.23,
    "dma100" : 1554.65,
    "dma200" : 1626.52,
    "volume" : 27769.00
  }, {
    "date" : "2025-09-30",
    "price" : 1489.60,
    "dma50" : 1506.54,
    "dma100" : 1552.91,
    "dma200" : 1625.15,
    "volume" : 9121.00
  }, {
    "date" : "2025-10-01",
    "price" : 1495.60,
    "dma50" : 1506.11,
    "dma100" : 1551.44,
    "dma200" : 1623.86,
    "volume" : 12776.00
  }, {
    "date" : "2025-10-03",
    "price" : 1498.10,
    "dma50" : 1505.80,
    "dma100" : 1550.11,
    "dma200" : 1622.61,
    "volume" : 11701.00
  }, {
    "date" : "2025-10-06",
    "price" : 1518.60,
    "dma50" : 1506.30,
    "dma100" : 1548.95,
    "dma200" : 1621.58,
    "volume" : 61482.00
  }, {
    "date" : "2025-10-07",
    "price" : 1514.70,
    "dma50" : 1506.63,
    "dma100" : 1547.77,
    "dma200" : 1620.51,
    "volume" : 9611.00
  }, {
    "date" : "2025-10-08",
    "price" : 1493.70,
    "dma50" : 1506.12,
    "dma100" : 1546.42,
    "dma200" : 1619.25,
    "volume" : 11592.00
  }, {
    "date" : "2025-10-09",
    "price" : 1488.60,
    "dma50" : 1505.43,
    "dma100" : 1544.99,
    "dma200" : 1617.95,
    "volume" : 9712.00
  }, {
    "date" : "2025-10-10",
    "price" : 1490.30,
    "dma50" : 1504.84,
    "dma100" : 1543.72,
    "dma200" : 1616.68,
    "volume" : 7395.00
  }, {
    "date" : "2025-10-13",
    "price" : 1479.90,
    "dma50" : 1503.86,
    "dma100" : 1542.39,
    "dma200" : 1615.32,
    "volume" : 10226.00
  }, {
    "date" : "2025-10-14",
    "price" : 1467.90,
    "dma50" : 1502.45,
    "dma100" : 1541.06,
    "dma200" : 1613.85,
    "volume" : 16961.00
  }, {
    "date" : "2025-10-15",
    "price" : 1467.10,
    "dma50" : 1501.06,
    "dma100" : 1539.66,
    "dma200" : 1612.39,
    "volume" : 11185.00
  }, {
    "date" : "2025-10-16",
    "price" : 1465.40,
    "dma50" : 1499.67,
    "dma100" : 1538.29,
    "dma200" : 1610.93,
    "volume" : 10639.00
  }, {
    "date" : "2025-10-17",
    "price" : 1448.30,
    "dma50" : 1497.65,
    "dma100" : 1536.68,
    "dma200" : 1609.31,
    "volume" : 15256.00
  }, {
    "date" : "2025-10-20",
    "price" : 1451.50,
    "dma50" : 1495.84,
    "dma100" : 1535.19,
    "dma200" : 1607.74,
    "volume" : 14227.00
  }, {
    "date" : "2025-10-21",
    "price" : 1461.80,
    "dma50" : 1494.51,
    "dma100" : 1533.59,
    "dma200" : 1606.29,
    "volume" : 3223.00
  }, {
    "date" : "2025-10-23",
    "price" : 1463.10,
    "dma50" : 1493.28,
    "dma100" : 1532.05,
    "dma200" : 1604.87,
    "volume" : 13057.00
  }, {
    "date" : "2025-10-24",
    "price" : 1457.20,
    "dma50" : 1491.86,
    "dma100" : 1530.39,
    "dma200" : 1603.40,
    "volume" : 11725.00
  }, {
    "date" : "2025-10-27",
    "price" : 1458.90,
    "dma50" : 1490.57,
    "dma100" : 1528.88,
    "dma200" : 1601.96,
    "volume" : 11507.00
  }, {
    "date" : "2025-10-28",
    "price" : 1453.10,
    "dma50" : 1489.10,
    "dma100" : 1527.16,
    "dma200" : 1600.48,
    "volume" : 14598.00
  }, {
    "date" : "2025-10-29",
    "price" : 1465.90,
    "dma50" : 1488.19,
    "dma100" : 1525.51,
    "dma200" : 1599.14,
    "volume" : 13530.00
  }, {
    "date" : "2025-10-30",
    "price" : 1547.60,
    "dma50" : 1490.52,
    "dma100" : 1524.69,
    "dma200" : 1598.63,
    "volume" : 286387.00
  }, {
    "date" : "2025-10-31",
    "price" : 1512.60,
    "dma50" : 1491.38,
    "dma100" : 1523.49,
    "dma200" : 1597.77,
    "volume" : 35684.00
  }, {
    "date" : "2025-11-03",
    "price" : 1528.50,
    "dma50" : 1492.84,
    "dma100" : 1522.39,
    "dma200" : 1597.08,
    "volume" : 27091.00
  }, {
    "date" : "2025-11-04",
    "price" : 1538.00,
    "dma50" : 1494.61,
    "dma100" : 1521.31,
    "dma200" : 1596.49,
    "volume" : 57608.00
  }, {
    "date" : "2025-11-06",
    "price" : 1522.20,
    "dma50" : 1495.69,
    "dma100" : 1520.16,
    "dma200" : 1595.75,
    "volume" : 23828.00
  }, {
    "date" : "2025-11-07",
    "price" : 1391.60,
    "dma50" : 1491.61,
    "dma100" : 1517.66,
    "dma200" : 1593.72,
    "volume" : 319475.00
  }, {
    "date" : "2025-11-10",
    "price" : 1359.30,
    "dma50" : 1486.42,
    "dma100" : 1514.95,
    "dma200" : 1591.39,
    "volume" : 76655.00
  }, {
    "date" : "2025-11-11",
    "price" : 1333.70,
    "dma50" : 1480.43,
    "dma100" : 1512.06,
    "dma200" : 1588.83,
    "volume" : 60990.00
  }, {
    "date" : "2025-11-12",
    "price" : 1332.40,
    "dma50" : 1474.63,
    "dma100" : 1509.23,
    "dma200" : 1586.27,
    "volume" : 45825.00
  }, {
    "date" : "2025-11-13",
    "price" : 1347.80,
    "dma50" : 1469.65,
    "dma100" : 1506.64,
    "dma200" : 1583.90,
    "volume" : 25104.00
  }, {
    "date" : "2025-11-14",
    "price" : 1354.70,
    "dma50" : 1465.15,
    "dma100" : 1504.09,
    "dma200" : 1581.62,
    "volume" : 17759.00
  }, {
    "date" : "2025-11-17",
    "price" : 1352.80,
    "dma50" : 1460.74,
    "dma100" : 1501.62,
    "dma200" : 1579.34,
    "volume" : 21542.00
  }, {
    "date" : "2025-11-18",
    "price" : 1340.90,
    "dma50" : 1456.04,
    "dma100" : 1498.90,
    "dma200" : 1576.97,
    "volume" : 15149.00
  }, {
    "date" : "2025-11-19",
    "price" : 1353.80,
    "dma50" : 1452.03,
    "dma100" : 1496.31,
    "dma200" : 1574.75,
    "volume" : 18879.00
  }, {
    "date" : "2025-11-20",
    "price" : 1348.10,
    "dma50" : 1447.96,
    "dma100" : 1493.72,
    "dma200" : 1572.50,
    "volume" : 18746.00
  }, {
    "date" : "2025-11-21",
    "price" : 1329.00,
    "dma50" : 1443.29,
    "dma100" : 1490.96,
    "dma200" : 1570.07,
    "volume" : 42619.00
  }, {
    "date" : "2025-11-24",
    "price" : 1339.00,
    "dma50" : 1439.20,
    "dma100" : 1488.35,
    "dma200" : 1567.77,
    "volume" : 19903.00
  }, {
    "date" : "2025-11-25",
    "price" : 1340.30,
    "dma50" : 1435.32,
    "dma100" : 1485.74,
    "dma200" : 1565.51,
    "volume" : 13074.00
  }, {
    "date" : "2025-11-26",
    "price" : 1337.80,
    "dma50" : 1431.50,
    "dma100" : 1482.99,
    "dma200" : 1563.24,
    "volume" : 11526.00
  }, {
    "date" : "2025-11-27",
    "price" : 1339.20,
    "dma50" : 1427.88,
    "dma100" : 1480.23,
    "dma200" : 1561.02,
    "volume" : 8105.00
  }, {
    "date" : "2025-11-28",
    "price" : 1343.80,
    "dma50" : 1424.58,
    "dma100" : 1477.51,
    "dma200" : 1558.85,
    "volume" : 10159.00
  }, {
    "date" : "2025-12-01",
    "price" : 1358.00,
    "dma50" : 1421.97,
    "dma100" : 1475.05,
    "dma200" : 1556.86,
    "volume" : 31214.00
  }, {
    "date" : "2025-12-02",
    "price" : 1348.00,
    "dma50" : 1419.07,
    "dma100" : 1472.45,
    "dma200" : 1554.78,
    "volume" : 9975.00
  }, {
    "date" : "2025-12-03",
    "price" : 1352.80,
    "dma50" : 1416.47,
    "dma100" : 1469.97,
    "dma200" : 1552.77,
    "volume" : 14578.00
  }, {
    "date" : "2025-12-04",
    "price" : 1343.70,
    "dma50" : 1413.62,
    "dma100" : 1467.42,
    "dma200" : 1550.69,
    "volume" : 11130.00
  }, {
    "date" : "2025-12-05",
    "price" : 1332.70,
    "dma50" : 1410.44,
    "dma100" : 1464.79,
    "dma200" : 1548.52,
    "volume" : 24008.00
  }, {
    "date" : "2025-12-08",
    "price" : 1358.90,
    "dma50" : 1408.42,
    "dma100" : 1462.45,
    "dma200" : 1546.63,
    "volume" : 40875.00
  }, {
    "date" : "2025-12-09",
    "price" : 1396.20,
    "dma50" : 1407.94,
    "dma100" : 1460.54,
    "dma200" : 1545.13,
    "volume" : 71181.00
  }, {
    "date" : "2025-12-10",
    "price" : 1539.00,
    "dma50" : 1413.08,
    "dma100" : 1460.07,
    "dma200" : 1545.07,
    "volume" : 5820821.00
  }, {
    "date" : "2025-12-11",
    "price" : 1439.00,
    "dma50" : 1414.10,
    "dma100" : 1458.73,
    "dma200" : 1544.02,
    "volume" : 723639.00
  }, {
    "date" : "2025-12-12",
    "price" : 1420.70,
    "dma50" : 1414.36,
    "dma100" : 1457.13,
    "dma200" : 1542.79,
    "volume" : 145699.00
  }, {
    "date" : "2025-12-15",
    "price" : 1425.60,
    "dma50" : 1414.80,
    "dma100" : 1455.74,
    "dma200" : 1541.62,
    "volume" : 89978.00
  }, {
    "date" : "2025-12-16",
    "price" : 1439.80,
    "dma50" : 1415.78,
    "dma100" : 1454.51,
    "dma200" : 1540.61,
    "volume" : 36594.00
  }, {
    "date" : "2025-12-17",
    "price" : 1421.30,
    "dma50" : 1416.00,
    "dma100" : 1453.17,
    "dma200" : 1539.42,
    "volume" : 33099.00
  }, {
    "date" : "2025-12-18",
    "price" : 1410.50,
    "dma50" : 1415.78,
    "dma100" : 1451.76,
    "dma200" : 1538.14,
    "volume" : 28042.00
  }, {
    "date" : "2025-12-19",
    "price" : 1406.10,
    "dma50" : 1415.40,
    "dma100" : 1450.36,
    "dma200" : 1536.83,
    "volume" : 24488.00
  }, {
    "date" : "2025-12-22",
    "price" : 1429.30,
    "dma50" : 1415.95,
    "dma100" : 1449.36,
    "dma200" : 1535.76,
    "volume" : 23950.00
  }, {
    "date" : "2025-12-23",
    "price" : 1450.40,
    "dma50" : 1417.30,
    "dma100" : 1448.69,
    "dma200" : 1534.91,
    "volume" : 25079.00
  }, {
    "date" : "2025-12-24",
    "price" : 1479.40,
    "dma50" : 1419.73,
    "dma100" : 1448.45,
    "dma200" : 1534.36,
    "volume" : 50828.00
  }, {
    "date" : "2025-12-26",
    "price" : 1480.40,
    "dma50" : 1422.11,
    "dma100" : 1448.13,
    "dma200" : 1533.82,
    "volume" : 31039.00
  }, {
    "date" : "2025-12-29",
    "price" : 1466.10,
    "dma50" : 1423.84,
    "dma100" : 1447.75,
    "dma200" : 1533.15,
    "volume" : 17373.00
  }, {
    "date" : "2025-12-30",
    "price" : 1487.40,
    "dma50" : 1426.33,
    "dma100" : 1447.62,
    "dma200" : 1532.69,
    "volume" : 28165.00
  }, {
    "date" : "2025-12-31",
    "price" : 1517.70,
    "dma50" : 1429.91,
    "dma100" : 1447.81,
    "dma200" : 1532.54,
    "volume" : 50662.00
  }, {
    "date" : "2026-01-01",
    "price" : 1573.70,
    "dma50" : 1435.55,
    "dma100" : 1448.45,
    "dma200" : 1532.95,
    "volume" : 152109.00
  }, {
    "date" : "2026-01-02",
    "price" : 1606.20,
    "dma50" : 1442.24,
    "dma100" : 1449.63,
    "dma200" : 1533.68,
    "volume" : 84833.00
  }, {
    "date" : "2026-01-05",
    "price" : 1587.60,
    "dma50" : 1447.94,
    "dma100" : 1450.43,
    "dma200" : 1534.22,
    "volume" : 65000.00
  }, {
    "date" : "2026-01-06",
    "price" : 1577.00,
    "dma50" : 1453.00,
    "dma100" : 1451.50,
    "dma200" : 1534.64,
    "volume" : 22681.00
  }, {
    "date" : "2026-01-07",
    "price" : 1567.00,
    "dma50" : 1457.47,
    "dma100" : 1452.75,
    "dma200" : 1534.96,
    "volume" : 22102.00
  }, {
    "date" : "2026-01-08",
    "price" : 1533.80,
    "dma50" : 1460.47,
    "dma100" : 1453.84,
    "dma200" : 1534.95,
    "volume" : 30652.00
  }, {
    "date" : "2026-01-09",
    "price" : 1534.40,
    "dma50" : 1463.37,
    "dma100" : 1455.19,
    "dma200" : 1534.95,
    "volume" : 32984.00
  }, {
    "date" : "2026-01-12",
    "price" : 1611.70,
    "dma50" : 1469.18,
    "dma100" : 1457.25,
    "dma200" : 1535.71,
    "volume" : 112019.00
  }, {
    "date" : "2026-01-13",
    "price" : 1577.10,
    "dma50" : 1473.42,
    "dma100" : 1458.89,
    "dma200" : 1536.12,
    "volume" : 43281.00
  }, {
    "date" : "2026-01-14",
    "price" : 1554.70,
    "dma50" : 1476.60,
    "dma100" : 1460.25,
    "dma200" : 1536.31,
    "volume" : 21693.00
  }, {
    "date" : "2026-01-16",
    "price" : 1519.90,
    "dma50" : 1478.30,
    "dma100" : 1460.65,
    "dma200" : 1536.14,
    "volume" : 27413.00
  }, {
    "date" : "2026-01-19",
    "price" : 1502.30,
    "dma50" : 1479.24,
    "dma100" : 1460.60,
    "dma200" : 1535.81,
    "volume" : 14725.00
  }, {
    "date" : "2026-01-20",
    "price" : 1471.50,
    "dma50" : 1478.94,
    "dma100" : 1460.36,
    "dma200" : 1535.17,
    "volume" : 23041.00
  }, {
    "date" : "2026-01-21",
    "price" : 1459.80,
    "dma50" : 1478.19,
    "dma100" : 1460.10,
    "dma200" : 1534.42,
    "volume" : 24736.00
  }, {
    "date" : "2026-01-22",
    "price" : 1495.90,
    "dma50" : 1478.88,
    "dma100" : 1460.31,
    "dma200" : 1534.03,
    "volume" : 16411.00
  }, {
    "date" : "2026-01-23",
    "price" : 1480.50,
    "dma50" : 1478.95,
    "dma100" : 1460.46,
    "dma200" : 1533.50,
    "volume" : 14522.00
  }, {
    "date" : "2026-01-27",
    "price" : 1490.50,
    "dma50" : 1479.40,
    "dma100" : 1460.67,
    "dma200" : 1533.07,
    "volume" : 17478.00
  }, {
    "date" : "2026-01-28",
    "price" : 1498.30,
    "dma50" : 1480.14,
    "dma100" : 1460.70,
    "dma200" : 1532.73,
    "volume" : 18570.00
  }, {
    "date" : "2026-01-29",
    "price" : 1521.10,
    "dma50" : 1481.75,
    "dma100" : 1460.77,
    "dma200" : 1532.61,
    "volume" : 25808.00
  }, {
    "date" : "2026-01-30",
    "price" : 1536.90,
    "dma50" : 1483.91,
    "dma100" : 1461.20,
    "dma200" : 1532.65,
    "volume" : 19363.00
  }, {
    "date" : "2026-02-01",
    "price" : 1511.80,
    "dma50" : 1485.00,
    "dma100" : 1461.39,
    "dma200" : 1532.45,
    "volume" : 41201.00
  }, {
    "date" : "2026-02-02",
    "price" : 1519.40,
    "dma50" : 1486.35,
    "dma100" : 1461.76,
    "dma200" : 1532.32,
    "volume" : 98892.00
  }, {
    "date" : "2026-02-03",
    "price" : 1550.80,
    "dma50" : 1488.88,
    "dma100" : 1462.63,
    "dma200" : 1532.50,
    "volume" : 100914.00
  }, {
    "date" : "2026-02-04",
    "price" : 1579.20,
    "dma50" : 1492.42,
    "dma100" : 1463.26,
    "dma200" : 1532.97,
    "volume" : 129830.00
  }, {
    "date" : "2026-02-05",
    "price" : 1569.00,
    "dma50" : 1495.42,
    "dma100" : 1463.98,
    "dma200" : 1533.32,
    "volume" : 33652.00
  }, {
    "date" : "2026-02-06",
    "price" : 1600.40,
    "dma50" : 1499.54,
    "dma100" : 1465.04,
    "dma200" : 1533.99,
    "volume" : 70562.00
  }, {
    "date" : "2026-02-09",
    "price" : 1489.70,
    "dma50" : 1499.16,
    "dma100" : 1464.98,
    "dma200" : 1533.55,
    "volume" : 1841941.00
  } ],
  "latestTechnicalAttributes" : {
    "date" : "2026-02-09",
    "price" : 1489.70,
    "dma50" : 1499.16,
    "dma100" : 1464.98,
    "dma200" : 1533.55,
    "volume" : 1841941.00
  },
  "quarterlyResults" : [ {
    "date" : "2005-03-31",
    "sales" : 87.13,
    "salesGrowthYoY" : null,
    "grossProfitMargin" : 36.78,
    "grossProfit" : 32.05,
    "operatingProfitMargin" : 9.92,
    "operatingProfit" : 8.64,
    "netProfitMargin" : 7.78,
    "netProfit" : 6.78
  }, {
    "date" : "2005-06-30",
    "sales" : 96.61,
    "salesGrowthYoY" : null,
    "grossProfitMargin" : 40.05,
    "grossProfit" : 38.69,
    "operatingProfitMargin" : 13.36,
    "operatingProfit" : 12.91,
    "netProfitMargin" : 8.33,
    "netProfit" : 8.05
  }, {
    "date" : "2005-09-30",
    "sales" : 86.94,
    "salesGrowthYoY" : null,
    "grossProfitMargin" : 37.14,
    "grossProfit" : 32.29,
    "operatingProfitMargin" : 8.11,
    "operatingProfit" : 7.05,
    "netProfitMargin" : 4.38,
    "netProfit" : 3.81
  }, {
    "date" : "2005-12-31",
    "sales" : 106.66,
    "salesGrowthYoY" : null,
    "grossProfitMargin" : 37.15,
    "grossProfit" : 39.62,
    "operatingProfitMargin" : 7.68,
    "operatingProfit" : 8.19,
    "netProfitMargin" : 4.05,
    "netProfit" : 4.32
  }, {
    "date" : "2006-03-31",
    "sales" : 91.48,
    "salesGrowthYoY" : 4.99,
    "grossProfitMargin" : 25.61,
    "grossProfit" : 23.43,
    "operatingProfitMargin" : -3.40,
    "operatingProfit" : -3.11,
    "netProfitMargin" : -4.63,
    "netProfit" : -4.24
  }, {
    "date" : "2006-06-30",
    "sales" : 88.54,
    "salesGrowthYoY" : -8.35,
    "grossProfitMargin" : 35.63,
    "grossProfit" : 31.55,
    "operatingProfitMargin" : 6.55,
    "operatingProfit" : 5.80,
    "netProfitMargin" : 3.44,
    "netProfit" : 3.05
  }, {
    "date" : "2006-09-30",
    "sales" : 98.95,
    "salesGrowthYoY" : 13.81,
    "grossProfitMargin" : 26.34,
    "grossProfit" : 26.06,
    "operatingProfitMargin" : -2.76,
    "operatingProfit" : -2.73,
    "netProfitMargin" : -4.16,
    "netProfit" : -4.12
  }, {
    "date" : "2006-12-31",
    "sales" : 114.10,
    "salesGrowthYoY" : 6.98,
    "grossProfitMargin" : 31.87,
    "grossProfit" : 36.36,
    "operatingProfitMargin" : 6.72,
    "operatingProfit" : 7.67,
    "netProfitMargin" : 3.51,
    "netProfit" : 4.00
  }, {
    "date" : "2007-03-31",
    "sales" : 108.89,
    "salesGrowthYoY" : 19.03,
    "grossProfitMargin" : 39.85,
    "grossProfit" : 43.39,
    "operatingProfitMargin" : 12.09,
    "operatingProfit" : 13.16,
    "netProfitMargin" : 6.37,
    "netProfit" : 6.94
  }, {
    "date" : "2007-06-30",
    "sales" : 120.86,
    "salesGrowthYoY" : 36.50,
    "grossProfitMargin" : 36.46,
    "grossProfit" : 44.07,
    "operatingProfitMargin" : 11.56,
    "operatingProfit" : 13.97,
    "netProfitMargin" : 7.50,
    "netProfit" : 9.06
  }, {
    "date" : "2007-09-30",
    "sales" : 127.17,
    "salesGrowthYoY" : 28.52,
    "grossProfitMargin" : 33.08,
    "grossProfit" : 42.07,
    "operatingProfitMargin" : 8.36,
    "operatingProfit" : 10.63,
    "netProfitMargin" : 3.44,
    "netProfit" : 4.37
  }, {
    "date" : "2007-12-31",
    "sales" : 145.62,
    "salesGrowthYoY" : 27.62,
    "grossProfitMargin" : 36.22,
    "grossProfit" : 52.74,
    "operatingProfitMargin" : 13.22,
    "operatingProfit" : 19.25,
    "netProfitMargin" : 7.07,
    "netProfit" : 10.30
  }, {
    "date" : "2008-03-31",
    "sales" : 129.51,
    "salesGrowthYoY" : 18.94,
    "grossProfitMargin" : 32.35,
    "grossProfit" : 41.90,
    "operatingProfitMargin" : 7.46,
    "operatingProfit" : 9.66,
    "netProfitMargin" : 2.22,
    "netProfit" : 2.88
  }, {
    "date" : "2008-06-30",
    "sales" : 141.37,
    "salesGrowthYoY" : 16.97,
    "grossProfitMargin" : 33.69,
    "grossProfit" : 47.63,
    "operatingProfitMargin" : 9.97,
    "operatingProfit" : 14.09,
    "netProfitMargin" : 6.85,
    "netProfit" : 9.68
  }, {
    "date" : "2008-09-30",
    "sales" : 124.33,
    "salesGrowthYoY" : -2.23,
    "grossProfitMargin" : 25.33,
    "grossProfit" : 31.49,
    "operatingProfitMargin" : -1.43,
    "operatingProfit" : -1.78,
    "netProfitMargin" : -2.86,
    "netProfit" : -3.56
  }, {
    "date" : "2008-12-31",
    "sales" : 150.46,
    "salesGrowthYoY" : 3.32,
    "grossProfitMargin" : 32.42,
    "grossProfit" : 48.78,
    "operatingProfitMargin" : 9.91,
    "operatingProfit" : 14.91,
    "netProfitMargin" : 4.73,
    "netProfit" : 7.12
  }, {
    "date" : "2009-03-31",
    "sales" : 153.10,
    "salesGrowthYoY" : 18.21,
    "grossProfitMargin" : 32.87,
    "grossProfit" : 50.32,
    "operatingProfitMargin" : 9.35,
    "operatingProfit" : 14.31,
    "netProfitMargin" : 4.77,
    "netProfit" : 7.30
  }, {
    "date" : "2009-06-30",
    "sales" : 169.61,
    "salesGrowthYoY" : 19.98,
    "grossProfitMargin" : 30.42,
    "grossProfit" : 51.60,
    "operatingProfitMargin" : 10.18,
    "operatingProfit" : 17.27,
    "netProfitMargin" : 6.55,
    "netProfit" : 11.11
  }, {
    "date" : "2009-09-30",
    "sales" : 162.15,
    "salesGrowthYoY" : 30.42,
    "grossProfitMargin" : 32.16,
    "grossProfit" : 52.15,
    "operatingProfitMargin" : 9.47,
    "operatingProfit" : 15.36,
    "netProfitMargin" : 5.19,
    "netProfit" : 8.42
  }, {
    "date" : "2009-12-31",
    "sales" : 175.31,
    "salesGrowthYoY" : 16.52,
    "grossProfitMargin" : 35.94,
    "grossProfit" : 63.01,
    "operatingProfitMargin" : 12.93,
    "operatingProfit" : 22.67,
    "netProfitMargin" : 7.53,
    "netProfit" : 13.20
  }, {
    "date" : "2010-03-31",
    "sales" : 198.40,
    "salesGrowthYoY" : 29.59,
    "grossProfitMargin" : 37.94,
    "grossProfit" : 75.27,
    "operatingProfitMargin" : 18.19,
    "operatingProfit" : 36.09,
    "netProfitMargin" : 10.88,
    "netProfit" : 21.59
  }, {
    "date" : "2010-06-30",
    "sales" : 213.01,
    "salesGrowthYoY" : 25.59,
    "grossProfitMargin" : 39.75,
    "grossProfit" : 84.67,
    "operatingProfitMargin" : 19.23,
    "operatingProfit" : 40.96,
    "netProfitMargin" : 13.21,
    "netProfit" : 28.14
  }, {
    "date" : "2010-09-30",
    "sales" : 204.05,
    "salesGrowthYoY" : 25.84,
    "grossProfitMargin" : 34.58,
    "grossProfit" : 70.56,
    "operatingProfitMargin" : 11.23,
    "operatingProfit" : 22.91,
    "netProfitMargin" : 6.99,
    "netProfit" : 14.26
  }, {
    "date" : "2010-12-31",
    "sales" : 210.13,
    "salesGrowthYoY" : 19.86,
    "grossProfitMargin" : 34.23,
    "grossProfit" : 71.93,
    "operatingProfitMargin" : 11.38,
    "operatingProfit" : 23.91,
    "netProfitMargin" : 7.22,
    "netProfit" : 15.17
  }, {
    "date" : "2011-03-31",
    "sales" : 223.72,
    "salesGrowthYoY" : 12.76,
    "grossProfitMargin" : 33.93,
    "grossProfit" : 75.91,
    "operatingProfitMargin" : 11.30,
    "operatingProfit" : 25.28,
    "netProfitMargin" : 6.91,
    "netProfit" : 15.46
  }, {
    "date" : "2011-06-30",
    "sales" : 231.27,
    "salesGrowthYoY" : 8.57,
    "grossProfitMargin" : 29.67,
    "grossProfit" : 68.62,
    "operatingProfitMargin" : 7.35,
    "operatingProfit" : 17.00,
    "netProfitMargin" : 4.48,
    "netProfit" : 10.36
  }, {
    "date" : "2011-09-30",
    "sales" : 241.43,
    "salesGrowthYoY" : 18.32,
    "grossProfitMargin" : 31.78,
    "grossProfit" : 76.73,
    "operatingProfitMargin" : 8.04,
    "operatingProfit" : 19.41,
    "netProfitMargin" : 4.00,
    "netProfit" : 9.66
  }, {
    "date" : "2011-12-31",
    "sales" : 250.17,
    "salesGrowthYoY" : 19.05,
    "grossProfitMargin" : 31.08,
    "grossProfit" : 77.75,
    "operatingProfitMargin" : 3.98,
    "operatingProfit" : 9.96,
    "netProfitMargin" : 1.17,
    "netProfit" : 2.93
  }, {
    "date" : "2012-03-31",
    "sales" : 267.42,
    "salesGrowthYoY" : 19.53,
    "grossProfitMargin" : 33.31,
    "grossProfit" : 89.08,
    "operatingProfitMargin" : 8.26,
    "operatingProfit" : 22.09,
    "netProfitMargin" : 6.78,
    "netProfit" : 18.13
  }, {
    "date" : "2012-06-30",
    "sales" : 314.78,
    "salesGrowthYoY" : 36.11,
    "grossProfitMargin" : 31.45,
    "grossProfit" : 99.00,
    "operatingProfitMargin" : 10.89,
    "operatingProfit" : 34.28,
    "netProfitMargin" : 6.39,
    "netProfit" : 20.11
  }, {
    "date" : "2012-09-30",
    "sales" : 334.84,
    "salesGrowthYoY" : 38.69,
    "grossProfitMargin" : 22.77,
    "grossProfit" : 76.24,
    "operatingProfitMargin" : 2.66,
    "operatingProfit" : 8.91,
    "netProfitMargin" : 0.69,
    "netProfit" : 2.31
  }, {
    "date" : "2012-12-31",
    "sales" : 349.22,
    "salesGrowthYoY" : 39.59,
    "grossProfitMargin" : 17.15,
    "grossProfit" : 59.89,
    "operatingProfitMargin" : -4.59,
    "operatingProfit" : -16.03,
    "netProfitMargin" : -4.10,
    "netProfit" : -14.32
  }, {
    "date" : "2013-03-31",
    "sales" : 427.59,
    "salesGrowthYoY" : 59.89,
    "grossProfitMargin" : 26.35,
    "grossProfit" : 112.67,
    "operatingProfitMargin" : 7.79,
    "operatingProfit" : 33.31,
    "netProfitMargin" : 4.03,
    "netProfit" : 17.23
  }, {
    "date" : "2013-06-30",
    "sales" : 429.25,
    "salesGrowthYoY" : 36.37,
    "grossProfitMargin" : 21.40,
    "grossProfit" : 91.86,
    "operatingProfitMargin" : 3.86,
    "operatingProfit" : 16.57,
    "netProfitMargin" : 1.60,
    "netProfit" : 6.87
  }, {
    "date" : "2013-09-30",
    "sales" : 409.90,
    "salesGrowthYoY" : 22.42,
    "grossProfitMargin" : 24.98,
    "grossProfit" : 102.39,
    "operatingProfitMargin" : 4.44,
    "operatingProfit" : 18.20,
    "netProfitMargin" : 1.57,
    "netProfit" : 6.44
  }, {
    "date" : "2013-12-31",
    "sales" : 455.17,
    "salesGrowthYoY" : 30.34,
    "grossProfitMargin" : 20.77,
    "grossProfit" : 94.54,
    "operatingProfitMargin" : 2.39,
    "operatingProfit" : 10.88,
    "netProfitMargin" : 0.76,
    "netProfit" : 3.46
  }, {
    "date" : "2014-03-31",
    "sales" : 441.80,
    "salesGrowthYoY" : 3.32,
    "grossProfitMargin" : 25.17,
    "grossProfit" : 111.20,
    "operatingProfitMargin" : 4.66,
    "operatingProfit" : 20.59,
    "netProfitMargin" : 1.82,
    "netProfit" : 8.04
  }, {
    "date" : "2014-06-30",
    "sales" : 440.53,
    "salesGrowthYoY" : 2.63,
    "grossProfitMargin" : 23.35,
    "grossProfit" : 102.86,
    "operatingProfitMargin" : 3.97,
    "operatingProfit" : 17.49,
    "netProfitMargin" : 0.36,
    "netProfit" : 1.59
  }, {
    "date" : "2014-09-30",
    "sales" : 354.65,
    "salesGrowthYoY" : -13.48,
    "grossProfitMargin" : 26.82,
    "grossProfit" : 95.12,
    "operatingProfitMargin" : 1.91,
    "operatingProfit" : 6.77,
    "netProfitMargin" : -3.71,
    "netProfit" : -13.16
  }, {
    "date" : "2014-12-31",
    "sales" : 450.41,
    "salesGrowthYoY" : -1.05,
    "grossProfitMargin" : 30.81,
    "grossProfit" : 138.77,
    "operatingProfitMargin" : 10.02,
    "operatingProfit" : 45.13,
    "netProfitMargin" : 4.15,
    "netProfit" : 18.69
  }, {
    "date" : "2015-03-31",
    "sales" : 485.22,
    "salesGrowthYoY" : 9.83,
    "grossProfitMargin" : 27.12,
    "grossProfit" : 131.59,
    "operatingProfitMargin" : 6.11,
    "operatingProfit" : 29.65,
    "netProfitMargin" : 2.14,
    "netProfit" : 10.38
  }, {
    "date" : "2015-06-30",
    "sales" : 558.29,
    "salesGrowthYoY" : 26.73,
    "grossProfitMargin" : 24.62,
    "grossProfit" : 137.45,
    "operatingProfitMargin" : 7.62,
    "operatingProfit" : 42.54,
    "netProfitMargin" : 2.58,
    "netProfit" : 14.40
  }, {
    "date" : "2015-09-30",
    "sales" : 452.04,
    "salesGrowthYoY" : 27.46,
    "grossProfitMargin" : 26.59,
    "grossProfit" : 120.20,
    "operatingProfitMargin" : 5.17,
    "operatingProfit" : 23.37,
    "netProfitMargin" : 1.41,
    "netProfit" : 6.37
  }, {
    "date" : "2015-12-31",
    "sales" : 522.15,
    "salesGrowthYoY" : 15.93,
    "grossProfitMargin" : 23.08,
    "grossProfit" : 120.51,
    "operatingProfitMargin" : 3.99,
    "operatingProfit" : 20.83,
    "netProfitMargin" : -0.52,
    "netProfit" : -2.72
  }, {
    "date" : "2016-03-31",
    "sales" : 594.11,
    "salesGrowthYoY" : 22.44,
    "grossProfitMargin" : 25.46,
    "grossProfit" : 151.26,
    "operatingProfitMargin" : 8.42,
    "operatingProfit" : 50.02,
    "netProfitMargin" : 3.40,
    "netProfit" : 20.20
  }, {
    "date" : "2016-06-30",
    "sales" : 645.44,
    "salesGrowthYoY" : 15.61,
    "grossProfitMargin" : 27.80,
    "grossProfit" : 179.43,
    "operatingProfitMargin" : 13.09,
    "operatingProfit" : 84.49,
    "netProfitMargin" : 6.35,
    "netProfit" : 40.99
  }, {
    "date" : "2016-09-30",
    "sales" : 596.02,
    "salesGrowthYoY" : 31.85,
    "grossProfitMargin" : 19.64,
    "grossProfit" : 117.06,
    "operatingProfitMargin" : 3.17,
    "operatingProfit" : 18.89,
    "netProfitMargin" : 0.06,
    "netProfit" : 0.36
  }, {
    "date" : "2016-12-31",
    "sales" : 617.43,
    "salesGrowthYoY" : 18.25,
    "grossProfitMargin" : 30.11,
    "grossProfit" : 185.91,
    "operatingProfitMargin" : 13.66,
    "operatingProfit" : 84.34,
    "netProfitMargin" : 6.76,
    "netProfit" : 41.74
  }, {
    "date" : "2017-03-31",
    "sales" : 616.69,
    "salesGrowthYoY" : 3.80,
    "grossProfitMargin" : 33.35,
    "grossProfit" : 205.67,
    "operatingProfitMargin" : 14.54,
    "operatingProfit" : 89.67,
    "netProfitMargin" : 6.76,
    "netProfit" : 41.69
  }, {
    "date" : "2017-06-30",
    "sales" : 663.48,
    "salesGrowthYoY" : 2.79,
    "grossProfitMargin" : 32.12,
    "grossProfit" : 213.11,
    "operatingProfitMargin" : 16.37,
    "operatingProfit" : 108.61,
    "netProfitMargin" : 7.83,
    "netProfit" : 51.95
  }, {
    "date" : "2017-09-30",
    "sales" : 587.90,
    "salesGrowthYoY" : -1.36,
    "grossProfitMargin" : 27.67,
    "grossProfit" : 162.67,
    "operatingProfitMargin" : 9.49,
    "operatingProfit" : 55.79,
    "netProfitMargin" : 4.62,
    "netProfit" : 27.16
  }, {
    "date" : "2017-12-31",
    "sales" : 695.85,
    "salesGrowthYoY" : 12.70,
    "grossProfitMargin" : 34.51,
    "grossProfit" : 240.14,
    "operatingProfitMargin" : 17.72,
    "operatingProfit" : 123.30,
    "netProfitMargin" : 9.98,
    "netProfit" : 69.45
  }, {
    "date" : "2018-03-31",
    "sales" : 741.58,
    "salesGrowthYoY" : 20.25,
    "grossProfitMargin" : 29.92,
    "grossProfit" : 221.88,
    "operatingProfitMargin" : 13.51,
    "operatingProfit" : 100.19,
    "netProfitMargin" : 6.90,
    "netProfit" : 51.17
  }, {
    "date" : "2018-06-30",
    "sales" : 755.55,
    "salesGrowthYoY" : 13.88,
    "grossProfitMargin" : 31.31,
    "grossProfit" : 236.56,
    "operatingProfitMargin" : 15.67,
    "operatingProfit" : 118.39,
    "netProfitMargin" : 9.40,
    "netProfit" : 71.02
  }, {
    "date" : "2018-09-30",
    "sales" : 645.54,
    "salesGrowthYoY" : 9.80,
    "grossProfitMargin" : 23.38,
    "grossProfit" : 150.93,
    "operatingProfitMargin" : 2.98,
    "operatingProfit" : 19.24,
    "netProfitMargin" : 0.85,
    "netProfit" : 5.49
  }, {
    "date" : "2018-12-31",
    "sales" : 812.00,
    "salesGrowthYoY" : 16.69,
    "grossProfitMargin" : 31.24,
    "grossProfit" : 253.67,
    "operatingProfitMargin" : 13.73,
    "operatingProfit" : 111.49,
    "netProfitMargin" : 8.33,
    "netProfit" : 67.64
  }, {
    "date" : "2019-03-31",
    "sales" : 830.39,
    "salesGrowthYoY" : 11.98,
    "grossProfitMargin" : 24.20,
    "grossProfit" : 200.95,
    "operatingProfitMargin" : 7.18,
    "operatingProfit" : 59.62,
    "netProfitMargin" : 3.61,
    "netProfit" : 29.98
  }, {
    "date" : "2019-06-30",
    "sales" : 905.30,
    "salesGrowthYoY" : 19.82,
    "grossProfitMargin" : 27.16,
    "grossProfit" : 245.88,
    "operatingProfitMargin" : 11.20,
    "operatingProfit" : 101.39,
    "netProfitMargin" : 6.83,
    "netProfit" : 61.83
  }, {
    "date" : "2019-09-30",
    "sales" : 814.66,
    "salesGrowthYoY" : 26.20,
    "grossProfitMargin" : 17.03,
    "grossProfit" : 138.74,
    "operatingProfitMargin" : -0.30,
    "operatingProfit" : -2.44,
    "netProfitMargin" : 1.67,
    "netProfit" : 13.60
  }, {
    "date" : "2019-12-31",
    "sales" : 880.20,
    "salesGrowthYoY" : 8.40,
    "grossProfitMargin" : 16.99,
    "grossProfit" : 149.55,
    "operatingProfitMargin" : -0.31,
    "operatingProfit" : -2.73,
    "netProfitMargin" : -0.67,
    "netProfit" : -5.90
  }, {
    "date" : "2020-03-31",
    "sales" : 660.86,
    "salesGrowthYoY" : -20.42,
    "grossProfitMargin" : 1.65,
    "grossProfit" : 10.90,
    "operatingProfitMargin" : -17.78,
    "operatingProfit" : -117.50,
    "netProfitMargin" : -14.64,
    "netProfit" : -96.75
  }, {
    "date" : "2020-06-30",
    "sales" : 541.54,
    "salesGrowthYoY" : -40.18,
    "grossProfitMargin" : 31.77,
    "grossProfit" : 172.05,
    "operatingProfitMargin" : 13.30,
    "operatingProfit" : 72.02,
    "netProfitMargin" : 8.68,
    "netProfit" : 47.01
  }, {
    "date" : "2020-09-30",
    "sales" : 702.06,
    "salesGrowthYoY" : -13.82,
    "grossProfitMargin" : 25.36,
    "grossProfit" : 178.04,
    "operatingProfitMargin" : 8.22,
    "operatingProfit" : 57.71,
    "netProfitMargin" : 5.18,
    "netProfit" : 36.37
  }, {
    "date" : "2020-12-31",
    "sales" : 931.68,
    "salesGrowthYoY" : 5.85,
    "grossProfitMargin" : 30.37,
    "grossProfit" : 282.95,
    "operatingProfitMargin" : 15.87,
    "operatingProfit" : 147.86,
    "netProfitMargin" : 11.43,
    "netProfit" : 106.49
  }, {
    "date" : "2021-03-31",
    "sales" : 941.35,
    "salesGrowthYoY" : 42.44,
    "grossProfitMargin" : 26.13,
    "grossProfit" : 245.97,
    "operatingProfitMargin" : 11.81,
    "operatingProfit" : 111.17,
    "netProfitMargin" : 8.28,
    "netProfit" : 77.94
  }, {
    "date" : "2021-06-30",
    "sales" : 1084.68,
    "salesGrowthYoY" : 100.30,
    "grossProfitMargin" : 19.26,
    "grossProfit" : 208.91,
    "operatingProfitMargin" : 7.30,
    "operatingProfit" : 79.18,
    "netProfitMargin" : 5.08,
    "netProfit" : 55.10
  }, {
    "date" : "2021-09-30",
    "sales" : 987.76,
    "salesGrowthYoY" : 40.69,
    "grossProfitMargin" : 18.82,
    "grossProfit" : 185.90,
    "operatingProfitMargin" : 4.75,
    "operatingProfit" : 46.92,
    "netProfitMargin" : 3.11,
    "netProfit" : 30.72
  }, {
    "date" : "2021-12-31",
    "sales" : 1098.50,
    "salesGrowthYoY" : 17.91,
    "grossProfitMargin" : 16.47,
    "grossProfit" : 180.92,
    "operatingProfitMargin" : 2.93,
    "operatingProfit" : 32.19,
    "netProfitMargin" : 1.97,
    "netProfit" : 21.64
  }, {
    "date" : "2022-03-31",
    "sales" : 1229.35,
    "salesGrowthYoY" : 30.59,
    "grossProfitMargin" : 19.45,
    "grossProfit" : 239.11,
    "operatingProfitMargin" : 7.01,
    "operatingProfit" : 86.18,
    "netProfitMargin" : 4.67,
    "netProfit" : 57.41
  }, {
    "date" : "2022-06-30",
    "sales" : 1196.44,
    "salesGrowthYoY" : 10.30,
    "grossProfitMargin" : 18.58,
    "grossProfit" : 222.30,
    "operatingProfitMargin" : 5.96,
    "operatingProfit" : 71.31,
    "netProfitMargin" : 4.12,
    "netProfit" : 49.29
  }, {
    "date" : "2022-09-30",
    "sales" : 959.03,
    "salesGrowthYoY" : -2.91,
    "grossProfitMargin" : 14.96,
    "grossProfit" : 143.47,
    "operatingProfitMargin" : -2.21,
    "operatingProfit" : -21.19,
    "netProfitMargin" : -2.14,
    "netProfit" : -20.52
  }, {
    "date" : "2022-12-31",
    "sales" : 1035.75,
    "salesGrowthYoY" : -5.71,
    "grossProfitMargin" : 18.37,
    "grossProfit" : 190.27,
    "operatingProfitMargin" : 2.65,
    "operatingProfit" : 27.45,
    "netProfitMargin" : 1.60,
    "netProfit" : 16.57
  }, {
    "date" : "2023-03-31",
    "sales" : 1042.47,
    "salesGrowthYoY" : -15.20,
    "grossProfitMargin" : 18.38,
    "grossProfit" : 191.61,
    "operatingProfitMargin" : 3.26,
    "operatingProfit" : 33.98,
    "netProfitMargin" : 2.42,
    "netProfit" : 25.23
  }, {
    "date" : "2023-06-30",
    "sales" : 976.44,
    "salesGrowthYoY" : -18.39,
    "grossProfitMargin" : 19.20,
    "grossProfit" : 187.48,
    "operatingProfitMargin" : 3.17,
    "operatingProfit" : 30.95,
    "netProfitMargin" : 1.99,
    "netProfit" : 19.43
  }, {
    "date" : "2023-09-30",
    "sales" : 912.60,
    "salesGrowthYoY" : -4.84,
    "grossProfitMargin" : 22.68,
    "grossProfit" : 206.98,
    "operatingProfitMargin" : 5.44,
    "operatingProfit" : 49.65,
    "netProfitMargin" : 3.74,
    "netProfit" : 34.13
  }, {
    "date" : "2023-12-31",
    "sales" : 953.17,
    "salesGrowthYoY" : -7.97,
    "grossProfitMargin" : 17.28,
    "grossProfit" : 164.71,
    "operatingProfitMargin" : -0.76,
    "operatingProfit" : -7.24,
    "netProfitMargin" : -0.83,
    "netProfit" : -7.91
  }, {
    "date" : "2024-03-31",
    "sales" : 895.94,
    "salesGrowthYoY" : -14.06,
    "grossProfitMargin" : 24.53,
    "grossProfit" : 219.77,
    "operatingProfitMargin" : 5.58,
    "operatingProfit" : 49.99,
    "netProfitMargin" : 3.74,
    "netProfit" : 33.51
  }, {
    "date" : "2024-06-30",
    "sales" : 808.02,
    "salesGrowthYoY" : -17.25,
    "grossProfitMargin" : 32.95,
    "grossProfit" : 266.24,
    "operatingProfitMargin" : 12.78,
    "operatingProfit" : 103.26,
    "netProfitMargin" : 9.30,
    "netProfit" : 75.15
  }, {
    "date" : "2024-09-30",
    "sales" : 774.20,
    "salesGrowthYoY" : -15.17,
    "grossProfitMargin" : 23.66,
    "grossProfit" : 183.18,
    "operatingProfitMargin" : 1.79,
    "operatingProfit" : 13.86,
    "netProfitMargin" : 1.00,
    "netProfit" : 7.74
  }, {
    "date" : "2024-12-31",
    "sales" : 881.61,
    "salesGrowthYoY" : -7.51,
    "grossProfitMargin" : 24.41,
    "grossProfit" : 215.20,
    "operatingProfitMargin" : 3.30,
    "operatingProfit" : 29.09,
    "netProfitMargin" : 2.31,
    "netProfit" : 20.37
  }, {
    "date" : "2025-03-31",
    "sales" : 843.16,
    "salesGrowthYoY" : -5.89,
    "grossProfitMargin" : 23.59,
    "grossProfit" : 198.90,
    "operatingProfitMargin" : 3.01,
    "operatingProfit" : 25.38,
    "netProfitMargin" : 1.58,
    "netProfit" : 13.32
  }, {
    "date" : "2025-06-30",
    "sales" : 865.83,
    "salesGrowthYoY" : 7.15,
    "grossProfitMargin" : 22.80,
    "grossProfit" : 197.41,
    "operatingProfitMargin" : 2.72,
    "operatingProfit" : 23.55,
    "netProfitMargin" : 1.83,
    "netProfit" : 15.84
  }, {
    "date" : "2025-09-30",
    "sales" : 800.87,
    "salesGrowthYoY" : 3.44,
    "grossProfitMargin" : 18.81,
    "grossProfit" : 150.64,
    "operatingProfitMargin" : -3.89,
    "operatingProfit" : -31.15,
    "netProfitMargin" : -3.31,
    "netProfit" : -26.51
  }, {
    "date" : "2025-12-31",
    "sales" : 960.15,
    "salesGrowthYoY" : 8.91,
    "grossProfitMargin" : 27.20,
    "grossProfit" : 261.16,
    "operatingProfitMargin" : 7.28,
    "operatingProfit" : 69.90,
    "netProfitMargin" : 5.06,
    "netProfit" : 48.58
  } ],
  "latestQuarterlyResult" : {
    "date" : "2025-12-31",
    "sales" : 960.15,
    "salesGrowthYoY" : 8.91,
    "grossProfitMargin" : 27.20,
    "grossProfit" : 261.16,
    "operatingProfitMargin" : 7.28,
    "operatingProfit" : 69.90,
    "netProfitMargin" : 5.06,
    "netProfit" : 48.58
  },
  "companyScore" : {
    "priceHigherThanDma50" : 0.00,
    "priceHigherThanDma100" : 5.00,
    "priceHigherThanDma200" : 0.00,
    "dma50HigherThanDma100" : 5.00,
    "dma50HigherThanDma200" : 0.00,
    "dma100HigherThanDma200" : 0.00,
    "pricePercentageAboveDma50" : 5.03,
    "pricePercentageAboveDma100" : 4.92,
    "pricePercentageAboveDma200" : 5.14,
    "weeklyVolumeHigherThanYearlyVolume" : 5.00,
    "salesGrowthPercentile" : 8.00,
    "operatingProfitMarginPercentile" : 13.54,
    "netProfitMarginPercentile" : 7.07,
    "totalTechnicalScore" : 30.09,
    "totalFundamentalScore" : 28.62,
    "totalScore" : 58.71
  }
}