{
  "metadata" : {
    "screenerCompanyId" : "3635",
    "companyCode" : "VENUSREM",
    "companyName" : "Venus Remedies",
    "screenerCompanyLink" : "https://www.screener.in/company/VENUSREM",
    "screenerTechnicalHistoryLink" : "https://www.screener.in/api/company/3635/chart/?q=Price-DMA50-DMA200-Volume&days=365",
    "screenerQuarterlyResultsLink" : "https://www.screener.in/api/company/3635/chart/?q=GPM-OPM-NPM-Quarter+Sales&days=10000",
    "attributes" : {
      "companyCode" : "VENUSREM",
      "companyName" : "Venus Remedies",
      "marketCap" : 1012.00,
      "peRatio" : 16.20,
      "description" : "Incorporated in 1989, Venus Remedies Ltd is a research based pharmaceutical company and an injectable manufacturer[1]"
    },
    "companyScore" : {
      "priceHigherThanDma50" : 5.00,
      "priceHigherThanDma100" : 5.00,
      "priceHigherThanDma200" : 5.00,
      "dma50HigherThanDma100" : 5.00,
      "dma50HigherThanDma200" : 5.00,
      "dma100HigherThanDma200" : 5.00,
      "pricePercentageAboveDma50" : 3.56,
      "pricePercentageAboveDma100" : 2.63,
      "pricePercentageAboveDma200" : 1.87,
      "weeklyVolumeHigherThanYearlyVolume" : 5.00,
      "salesGrowthPercentile" : 10.38,
      "operatingProfitMarginPercentile" : 9.69,
      "netProfitMarginPercentile" : 7.29,
      "totalTechnicalScore" : 43.06,
      "totalFundamentalScore" : 27.36,
      "totalScore" : 70.42
    }
  },
  "attributes" : {
    "companyCode" : "VENUSREM",
    "companyName" : "Venus Remedies",
    "marketCap" : 1012.00,
    "peRatio" : 16.20,
    "description" : "Incorporated in 1989, Venus Remedies Ltd is a research based pharmaceutical company and an injectable manufacturer[1]"
  },
  "technicalHistory" : [ {
    "date" : "2024-12-10",
    "price" : 337.85,
    "dma50" : 323.29,
    "dma100" : null,
    "dma200" : 333.72,
    "volume" : 68964.00
  }, {
    "date" : "2024-12-11",
    "price" : 338.25,
    "dma50" : 323.88,
    "dma100" : null,
    "dma200" : 333.76,
    "volume" : 33310.00
  }, {
    "date" : "2024-12-12",
    "price" : 340.45,
    "dma50" : 324.53,
    "dma100" : null,
    "dma200" : 333.83,
    "volume" : 22374.00
  }, {
    "date" : "2024-12-13",
    "price" : 333.55,
    "dma50" : 324.88,
    "dma100" : null,
    "dma200" : 333.83,
    "volume" : 13142.00
  }, {
    "date" : "2024-12-16",
    "price" : 324.65,
    "dma50" : 324.87,
    "dma100" : null,
    "dma200" : 333.73,
    "volume" : 21222.00
  }, {
    "date" : "2024-12-17",
    "price" : 328.25,
    "dma50" : 325.00,
    "dma100" : null,
    "dma200" : 333.68,
    "volume" : 26486.00
  }, {
    "date" : "2024-12-18",
    "price" : 326.00,
    "dma50" : 325.04,
    "dma100" : null,
    "dma200" : 333.60,
    "volume" : 11161.00
  }, {
    "date" : "2024-12-19",
    "price" : 322.20,
    "dma50" : 324.93,
    "dma100" : null,
    "dma200" : 333.49,
    "volume" : 10828.00
  }, {
    "date" : "2024-12-20",
    "price" : 312.75,
    "dma50" : 324.45,
    "dma100" : null,
    "dma200" : 333.28,
    "volume" : 14257.00
  }, {
    "date" : "2024-12-23",
    "price" : 310.25,
    "dma50" : 323.90,
    "dma100" : null,
    "dma200" : 333.05,
    "volume" : 17206.00
  }, {
    "date" : "2024-12-24",
    "price" : 308.35,
    "dma50" : 323.29,
    "dma100" : null,
    "dma200" : 332.81,
    "volume" : 13324.00
  }, {
    "date" : "2024-12-26",
    "price" : 305.70,
    "dma50" : 322.60,
    "dma100" : null,
    "dma200" : 332.54,
    "volume" : 10949.00
  }, {
    "date" : "2024-12-27",
    "price" : 306.55,
    "dma50" : 321.97,
    "dma100" : null,
    "dma200" : 332.28,
    "volume" : 9447.00
  }, {
    "date" : "2024-12-30",
    "price" : 310.05,
    "dma50" : 321.50,
    "dma100" : null,
    "dma200" : 332.06,
    "volume" : 24626.00
  }, {
    "date" : "2024-12-31",
    "price" : 318.45,
    "dma50" : 321.38,
    "dma100" : null,
    "dma200" : 331.92,
    "volume" : 69183.00
  }, {
    "date" : "2025-01-01",
    "price" : 318.35,
    "dma50" : 321.26,
    "dma100" : null,
    "dma200" : 331.79,
    "volume" : 16874.00
  }, {
    "date" : "2025-01-02",
    "price" : 317.65,
    "dma50" : 321.12,
    "dma100" : null,
    "dma200" : 331.65,
    "volume" : 13359.00
  }, {
    "date" : "2025-01-03",
    "price" : 318.10,
    "dma50" : 321.00,
    "dma100" : null,
    "dma200" : 331.51,
    "volume" : 30408.00
  }, {
    "date" : "2025-01-06",
    "price" : 301.65,
    "dma50" : 320.24,
    "dma100" : null,
    "dma200" : 331.22,
    "volume" : 40174.00
  }, {
    "date" : "2025-01-07",
    "price" : 306.40,
    "dma50" : 319.70,
    "dma100" : null,
    "dma200" : 330.97,
    "volume" : 33556.00
  }, {
    "date" : "2025-01-08",
    "price" : 302.55,
    "dma50" : 319.03,
    "dma100" : null,
    "dma200" : 330.69,
    "volume" : 30906.00
  }, {
    "date" : "2025-01-09",
    "price" : 301.40,
    "dma50" : 318.34,
    "dma100" : null,
    "dma200" : 330.39,
    "volume" : 8220.00
  }, {
    "date" : "2025-01-10",
    "price" : 296.60,
    "dma50" : 317.48,
    "dma100" : null,
    "dma200" : 330.06,
    "volume" : 21737.00
  }, {
    "date" : "2025-01-13",
    "price" : 288.85,
    "dma50" : 316.36,
    "dma100" : null,
    "dma200" : 329.65,
    "volume" : 18894.00
  }, {
    "date" : "2025-01-14",
    "price" : 294.65,
    "dma50" : 315.51,
    "dma100" : null,
    "dma200" : 329.30,
    "volume" : 10238.00
  }, {
    "date" : "2025-01-15",
    "price" : 295.00,
    "dma50" : 314.70,
    "dma100" : null,
    "dma200" : 328.96,
    "volume" : 11806.00
  }, {
    "date" : "2025-01-16",
    "price" : 299.40,
    "dma50" : 314.10,
    "dma100" : null,
    "dma200" : 328.66,
    "volume" : 13591.00
  }, {
    "date" : "2025-01-17",
    "price" : 297.75,
    "dma50" : 313.46,
    "dma100" : null,
    "dma200" : 328.36,
    "volume" : 7172.00
  }, {
    "date" : "2025-01-20",
    "price" : 295.35,
    "dma50" : 312.75,
    "dma100" : null,
    "dma200" : 328.03,
    "volume" : 14600.00
  }, {
    "date" : "2025-01-21",
    "price" : 301.15,
    "dma50" : 312.30,
    "dma100" : null,
    "dma200" : 327.76,
    "volume" : 154403.00
  }, {
    "date" : "2025-01-22",
    "price" : 294.00,
    "dma50" : 311.58,
    "dma100" : null,
    "dma200" : 327.43,
    "volume" : 22120.00
  }, {
    "date" : "2025-01-23",
    "price" : 294.10,
    "dma50" : 310.89,
    "dma100" : null,
    "dma200" : 327.09,
    "volume" : 15733.00
  }, {
    "date" : "2025-01-24",
    "price" : 292.10,
    "dma50" : 310.16,
    "dma100" : null,
    "dma200" : 326.75,
    "volume" : 13842.00
  }, {
    "date" : "2025-01-27",
    "price" : 286.10,
    "dma50" : 309.21,
    "dma100" : null,
    "dma200" : 326.34,
    "volume" : 15944.00
  }, {
    "date" : "2025-01-28",
    "price" : 275.90,
    "dma50" : 307.91,
    "dma100" : null,
    "dma200" : 325.84,
    "volume" : 27854.00
  }, {
    "date" : "2025-01-29",
    "price" : 291.70,
    "dma50" : 307.27,
    "dma100" : null,
    "dma200" : 325.50,
    "volume" : 27507.00
  }, {
    "date" : "2025-01-30",
    "price" : 295.85,
    "dma50" : 306.82,
    "dma100" : null,
    "dma200" : 325.20,
    "volume" : 10953.00
  }, {
    "date" : "2025-01-31",
    "price" : 300.80,
    "dma50" : 306.59,
    "dma100" : null,
    "dma200" : 324.96,
    "volume" : 11132.00
  }, {
    "date" : "2025-02-01",
    "price" : 296.45,
    "dma50" : 306.19,
    "dma100" : null,
    "dma200" : 324.68,
    "volume" : 12546.00
  }, {
    "date" : "2025-02-03",
    "price" : 288.35,
    "dma50" : 305.49,
    "dma100" : null,
    "dma200" : 324.32,
    "volume" : 38526.00
  }, {
    "date" : "2025-02-04",
    "price" : 292.75,
    "dma50" : 304.99,
    "dma100" : null,
    "dma200" : 324.00,
    "volume" : 11499.00
  }, {
    "date" : "2025-02-05",
    "price" : 351.30,
    "dma50" : 306.81,
    "dma100" : null,
    "dma200" : 324.27,
    "volume" : 175497.00
  }, {
    "date" : "2025-02-06",
    "price" : 351.95,
    "dma50" : 308.58,
    "dma100" : null,
    "dma200" : 324.55,
    "volume" : 913056.00
  }, {
    "date" : "2025-02-07",
    "price" : 360.55,
    "dma50" : 310.62,
    "dma100" : null,
    "dma200" : 324.91,
    "volume" : 328460.00
  }, {
    "date" : "2025-02-10",
    "price" : 356.45,
    "dma50" : 312.41,
    "dma100" : null,
    "dma200" : 325.22,
    "volume" : 131933.00
  }, {
    "date" : "2025-02-11",
    "price" : 313.50,
    "dma50" : 312.46,
    "dma100" : null,
    "dma200" : 325.10,
    "volume" : 194527.00
  }, {
    "date" : "2025-02-12",
    "price" : 321.10,
    "dma50" : 312.79,
    "dma100" : null,
    "dma200" : 325.06,
    "volume" : 128123.00
  }, {
    "date" : "2025-02-13",
    "price" : 318.40,
    "dma50" : 313.01,
    "dma100" : null,
    "dma200" : 325.00,
    "volume" : 34797.00
  }, {
    "date" : "2025-02-14",
    "price" : 317.70,
    "dma50" : 313.20,
    "dma100" : null,
    "dma200" : 324.93,
    "volume" : 62180.00
  }, {
    "date" : "2025-02-17",
    "price" : 309.20,
    "dma50" : 313.04,
    "dma100" : null,
    "dma200" : 324.77,
    "volume" : 52965.00
  }, {
    "date" : "2025-02-18",
    "price" : 305.40,
    "dma50" : 312.74,
    "dma100" : null,
    "dma200" : 324.58,
    "volume" : 23258.00
  }, {
    "date" : "2025-02-19",
    "price" : 308.80,
    "dma50" : 312.59,
    "dma100" : null,
    "dma200" : 324.42,
    "volume" : 22700.00
  }, {
    "date" : "2025-02-20",
    "price" : 312.15,
    "dma50" : 312.57,
    "dma100" : null,
    "dma200" : 324.30,
    "volume" : 15395.00
  }, {
    "date" : "2025-02-21",
    "price" : 310.20,
    "dma50" : 312.48,
    "dma100" : null,
    "dma200" : 324.16,
    "volume" : 16684.00
  }, {
    "date" : "2025-02-24",
    "price" : 306.45,
    "dma50" : 312.24,
    "dma100" : null,
    "dma200" : 323.98,
    "volume" : 34793.00
  }, {
    "date" : "2025-02-25",
    "price" : 312.75,
    "dma50" : 312.26,
    "dma100" : null,
    "dma200" : 323.87,
    "volume" : 58264.00
  }, {
    "date" : "2025-02-27",
    "price" : 304.75,
    "dma50" : 311.97,
    "dma100" : null,
    "dma200" : 323.68,
    "volume" : 26294.00
  }, {
    "date" : "2025-02-28",
    "price" : 296.35,
    "dma50" : 311.35,
    "dma100" : null,
    "dma200" : 323.41,
    "volume" : 44853.00
  }, {
    "date" : "2025-03-03",
    "price" : 286.85,
    "dma50" : 310.39,
    "dma100" : null,
    "dma200" : 323.04,
    "volume" : 37306.00
  }, {
    "date" : "2025-03-04",
    "price" : 285.05,
    "dma50" : 309.40,
    "dma100" : null,
    "dma200" : 322.67,
    "volume" : 23910.00
  }, {
    "date" : "2025-03-05",
    "price" : 294.10,
    "dma50" : 308.80,
    "dma100" : null,
    "dma200" : 322.38,
    "volume" : 20285.00
  }, {
    "date" : "2025-03-06",
    "price" : 302.05,
    "dma50" : 308.53,
    "dma100" : null,
    "dma200" : 322.18,
    "volume" : 72460.00
  }, {
    "date" : "2025-03-07",
    "price" : 305.50,
    "dma50" : 308.42,
    "dma100" : null,
    "dma200" : 322.01,
    "volume" : 44340.00
  }, {
    "date" : "2025-03-10",
    "price" : 298.25,
    "dma50" : 308.02,
    "dma100" : null,
    "dma200" : 321.78,
    "volume" : 26716.00
  }, {
    "date" : "2025-03-11",
    "price" : 292.00,
    "dma50" : 307.39,
    "dma100" : null,
    "dma200" : 321.48,
    "volume" : 13724.00
  }, {
    "date" : "2025-03-12",
    "price" : 290.75,
    "dma50" : 306.74,
    "dma100" : null,
    "dma200" : 321.17,
    "volume" : 45823.00
  }, {
    "date" : "2025-03-13",
    "price" : 290.40,
    "dma50" : 306.10,
    "dma100" : null,
    "dma200" : 320.87,
    "volume" : 23652.00
  }, {
    "date" : "2025-03-17",
    "price" : 286.00,
    "dma50" : 305.31,
    "dma100" : null,
    "dma200" : 320.52,
    "volume" : 32551.00
  }, {
    "date" : "2025-03-18",
    "price" : 292.75,
    "dma50" : 304.82,
    "dma100" : null,
    "dma200" : 320.24,
    "volume" : 32389.00
  }, {
    "date" : "2025-03-19",
    "price" : 295.45,
    "dma50" : 304.45,
    "dma100" : null,
    "dma200" : 320.00,
    "volume" : 38886.00
  }, {
    "date" : "2025-03-20",
    "price" : 291.55,
    "dma50" : 303.94,
    "dma100" : null,
    "dma200" : 319.72,
    "volume" : 43341.00
  }, {
    "date" : "2025-03-21",
    "price" : 299.45,
    "dma50" : 303.77,
    "dma100" : null,
    "dma200" : 319.51,
    "volume" : 134017.00
  }, {
    "date" : "2025-03-24",
    "price" : 297.60,
    "dma50" : 303.52,
    "dma100" : null,
    "dma200" : 319.30,
    "volume" : 52030.00
  }, {
    "date" : "2025-03-25",
    "price" : 290.70,
    "dma50" : 303.02,
    "dma100" : null,
    "dma200" : 319.01,
    "volume" : 111221.00
  }, {
    "date" : "2025-03-26",
    "price" : 279.45,
    "dma50" : 302.10,
    "dma100" : null,
    "dma200" : 318.62,
    "volume" : 124959.00
  }, {
    "date" : "2025-03-27",
    "price" : 289.65,
    "dma50" : 301.61,
    "dma100" : null,
    "dma200" : 318.33,
    "volume" : 158567.00
  }, {
    "date" : "2025-03-28",
    "price" : 299.45,
    "dma50" : 301.52,
    "dma100" : null,
    "dma200" : 318.14,
    "volume" : 82439.00
  }, {
    "date" : "2025-04-01",
    "price" : 316.25,
    "dma50" : 302.10,
    "dma100" : null,
    "dma200" : 318.12,
    "volume" : 87757.00
  }, {
    "date" : "2025-04-02",
    "price" : 310.85,
    "dma50" : 302.44,
    "dma100" : null,
    "dma200" : 318.05,
    "volume" : 17443.00
  }, {
    "date" : "2025-04-03",
    "price" : 323.15,
    "dma50" : 303.26,
    "dma100" : null,
    "dma200" : 318.10,
    "volume" : 66504.00
  }, {
    "date" : "2025-04-04",
    "price" : 311.70,
    "dma50" : 303.59,
    "dma100" : null,
    "dma200" : 318.04,
    "volume" : 37255.00
  }, {
    "date" : "2025-04-07",
    "price" : 294.05,
    "dma50" : 303.21,
    "dma100" : null,
    "dma200" : 317.80,
    "volume" : 63087.00
  }, {
    "date" : "2025-04-08",
    "price" : 301.10,
    "dma50" : 303.13,
    "dma100" : null,
    "dma200" : 317.63,
    "volume" : 16053.00
  }, {
    "date" : "2025-04-09",
    "price" : 298.40,
    "dma50" : 302.95,
    "dma100" : null,
    "dma200" : 317.44,
    "volume" : 12450.00
  }, {
    "date" : "2025-04-11",
    "price" : 305.85,
    "dma50" : 303.06,
    "dma100" : null,
    "dma200" : 317.33,
    "volume" : 13243.00
  }, {
    "date" : "2025-04-15",
    "price" : 311.50,
    "dma50" : 303.39,
    "dma100" : null,
    "dma200" : 317.27,
    "volume" : 20684.00
  }, {
    "date" : "2025-04-16",
    "price" : 312.65,
    "dma50" : 303.75,
    "dma100" : null,
    "dma200" : 317.22,
    "volume" : 14402.00
  }, {
    "date" : "2025-04-17",
    "price" : 338.60,
    "dma50" : 305.12,
    "dma100" : null,
    "dma200" : 317.43,
    "volume" : 283266.00
  }, {
    "date" : "2025-04-21",
    "price" : 334.50,
    "dma50" : 306.27,
    "dma100" : null,
    "dma200" : 317.60,
    "volume" : 39438.00
  }, {
    "date" : "2025-04-22",
    "price" : 337.30,
    "dma50" : 307.49,
    "dma100" : null,
    "dma200" : 317.80,
    "volume" : 20059.00
  }, {
    "date" : "2025-04-23",
    "price" : 338.45,
    "dma50" : 308.70,
    "dma100" : null,
    "dma200" : 318.01,
    "volume" : 31550.00
  }, {
    "date" : "2025-04-24",
    "price" : 334.65,
    "dma50" : 309.72,
    "dma100" : null,
    "dma200" : 318.17,
    "volume" : 19731.00
  }, {
    "date" : "2025-04-25",
    "price" : 318.65,
    "dma50" : 310.07,
    "dma100" : null,
    "dma200" : 318.18,
    "volume" : 50937.00
  }, {
    "date" : "2025-04-28",
    "price" : 313.20,
    "dma50" : 310.19,
    "dma100" : null,
    "dma200" : 318.13,
    "volume" : 21530.00
  }, {
    "date" : "2025-04-29",
    "price" : 311.55,
    "dma50" : 310.25,
    "dma100" : null,
    "dma200" : 318.06,
    "volume" : 22484.00
  }, {
    "date" : "2025-04-30",
    "price" : 302.85,
    "dma50" : 309.96,
    "dma100" : null,
    "dma200" : 317.91,
    "volume" : 23407.00
  }, {
    "date" : "2025-05-02",
    "price" : 303.10,
    "dma50" : 309.69,
    "dma100" : null,
    "dma200" : 317.76,
    "volume" : 20271.00
  }, {
    "date" : "2025-05-05",
    "price" : 306.65,
    "dma50" : 309.57,
    "dma100" : null,
    "dma200" : 317.65,
    "volume" : 15073.00
  }, {
    "date" : "2025-05-06",
    "price" : 299.20,
    "dma50" : 309.16,
    "dma100" : null,
    "dma200" : 317.47,
    "volume" : 18204.00
  }, {
    "date" : "2025-05-07",
    "price" : 303.25,
    "dma50" : 308.93,
    "dma100" : null,
    "dma200" : 317.33,
    "volume" : 18446.00
  }, {
    "date" : "2025-05-08",
    "price" : 301.90,
    "dma50" : 308.65,
    "dma100" : 307.82,
    "dma200" : 317.17,
    "volume" : 15586.00
  }, {
    "date" : "2025-05-09",
    "price" : 299.35,
    "dma50" : 308.29,
    "dma100" : 307.43,
    "dma200" : 317.00,
    "volume" : 8213.00
  }, {
    "date" : "2025-05-12",
    "price" : 311.70,
    "dma50" : 308.42,
    "dma100" : 307.14,
    "dma200" : 316.94,
    "volume" : 17104.00
  }, {
    "date" : "2025-05-13",
    "price" : 315.20,
    "dma50" : 308.69,
    "dma100" : 306.96,
    "dma200" : 316.93,
    "volume" : 11047.00
  }, {
    "date" : "2025-05-14",
    "price" : 316.55,
    "dma50" : 309.00,
    "dma100" : 306.88,
    "dma200" : 316.92,
    "volume" : 17911.00
  }, {
    "date" : "2025-05-15",
    "price" : 325.45,
    "dma50" : 309.64,
    "dma100" : 306.85,
    "dma200" : 317.01,
    "volume" : 57466.00
  }, {
    "date" : "2025-05-16",
    "price" : 342.75,
    "dma50" : 310.94,
    "dma100" : 307.02,
    "dma200" : 317.26,
    "volume" : 78891.00
  }, {
    "date" : "2025-05-19",
    "price" : 337.60,
    "dma50" : 311.99,
    "dma100" : 307.17,
    "dma200" : 317.47,
    "volume" : 30148.00
  }, {
    "date" : "2025-05-20",
    "price" : 333.75,
    "dma50" : 312.84,
    "dma100" : 307.38,
    "dma200" : 317.63,
    "volume" : 26545.00
  }, {
    "date" : "2025-05-21",
    "price" : 349.90,
    "dma50" : 314.29,
    "dma100" : 307.78,
    "dma200" : 317.95,
    "volume" : 41109.00
  }, {
    "date" : "2025-05-22",
    "price" : 355.05,
    "dma50" : 315.89,
    "dma100" : 308.24,
    "dma200" : 318.32,
    "volume" : 79542.00
  }, {
    "date" : "2025-05-23",
    "price" : 355.60,
    "dma50" : 317.45,
    "dma100" : 308.74,
    "dma200" : 318.69,
    "volume" : 24234.00
  }, {
    "date" : "2025-05-26",
    "price" : 363.45,
    "dma50" : 319.25,
    "dma100" : 309.31,
    "dma200" : 319.13,
    "volume" : 74360.00
  }, {
    "date" : "2025-05-27",
    "price" : 402.65,
    "dma50" : 322.52,
    "dma100" : 310.24,
    "dma200" : 319.97,
    "volume" : 924624.00
  }, {
    "date" : "2025-05-28",
    "price" : 396.45,
    "dma50" : 325.42,
    "dma100" : 311.02,
    "dma200" : 320.73,
    "volume" : 190785.00
  }, {
    "date" : "2025-05-29",
    "price" : 405.35,
    "dma50" : 328.56,
    "dma100" : 311.89,
    "dma200" : 321.57,
    "volume" : 105371.00
  }, {
    "date" : "2025-05-30",
    "price" : 435.20,
    "dma50" : 332.74,
    "dma100" : 313.06,
    "dma200" : 322.70,
    "volume" : 752696.00
  }, {
    "date" : "2025-06-02",
    "price" : 459.40,
    "dma50" : 337.71,
    "dma100" : 314.48,
    "dma200" : 324.06,
    "volume" : 543468.00
  }, {
    "date" : "2025-06-03",
    "price" : 459.75,
    "dma50" : 342.49,
    "dma100" : 316.06,
    "dma200" : 325.41,
    "volume" : 141778.00
  }, {
    "date" : "2025-06-04",
    "price" : 447.80,
    "dma50" : 346.62,
    "dma100" : 317.47,
    "dma200" : 326.63,
    "volume" : 174214.00
  }, {
    "date" : "2025-06-05",
    "price" : 435.60,
    "dma50" : 350.11,
    "dma100" : 318.80,
    "dma200" : 327.71,
    "volume" : 44511.00
  }, {
    "date" : "2025-06-06",
    "price" : 430.00,
    "dma50" : 353.24,
    "dma100" : 320.09,
    "dma200" : 328.73,
    "volume" : 28596.00
  }, {
    "date" : "2025-06-09",
    "price" : 442.70,
    "dma50" : 356.75,
    "dma100" : 321.55,
    "dma200" : 329.86,
    "volume" : 71613.00
  }, {
    "date" : "2025-06-10",
    "price" : 457.70,
    "dma50" : 360.71,
    "dma100" : 323.24,
    "dma200" : 331.14,
    "volume" : 90423.00
  }, {
    "date" : "2025-06-11",
    "price" : 461.25,
    "dma50" : 364.65,
    "dma100" : 324.90,
    "dma200" : 332.43,
    "volume" : 125651.00
  }, {
    "date" : "2025-06-12",
    "price" : 445.70,
    "dma50" : 367.83,
    "dma100" : 326.41,
    "dma200" : 333.56,
    "volume" : 19369.00
  }, {
    "date" : "2025-06-13",
    "price" : 457.30,
    "dma50" : 371.34,
    "dma100" : 327.99,
    "dma200" : 334.79,
    "volume" : 55438.00
  }, {
    "date" : "2025-06-16",
    "price" : 445.15,
    "dma50" : 374.23,
    "dma100" : 329.46,
    "dma200" : 335.89,
    "volume" : 15712.00
  }, {
    "date" : "2025-06-17",
    "price" : 439.30,
    "dma50" : 376.79,
    "dma100" : 330.90,
    "dma200" : 336.92,
    "volume" : 11634.00
  }, {
    "date" : "2025-06-18",
    "price" : 433.95,
    "dma50" : 379.03,
    "dma100" : 332.23,
    "dma200" : 337.88,
    "volume" : 10767.00
  }, {
    "date" : "2025-06-19",
    "price" : 425.80,
    "dma50" : 380.86,
    "dma100" : 333.55,
    "dma200" : 338.76,
    "volume" : 17720.00
  }, {
    "date" : "2025-06-20",
    "price" : 433.35,
    "dma50" : 382.92,
    "dma100" : 334.94,
    "dma200" : 339.70,
    "volume" : 7706.00
  }, {
    "date" : "2025-06-23",
    "price" : 429.90,
    "dma50" : 384.76,
    "dma100" : 336.32,
    "dma200" : 340.59,
    "volume" : 16806.00
  }, {
    "date" : "2025-06-24",
    "price" : 428.60,
    "dma50" : 386.48,
    "dma100" : 337.74,
    "dma200" : 341.47,
    "volume" : 16964.00
  }, {
    "date" : "2025-06-25",
    "price" : 434.85,
    "dma50" : 388.38,
    "dma100" : 339.33,
    "dma200" : 342.40,
    "volume" : 7865.00
  }, {
    "date" : "2025-06-26",
    "price" : 439.30,
    "dma50" : 390.38,
    "dma100" : 340.81,
    "dma200" : 343.36,
    "volume" : 18918.00
  }, {
    "date" : "2025-06-27",
    "price" : 458.95,
    "dma50" : 393.06,
    "dma100" : 342.44,
    "dma200" : 344.51,
    "volume" : 51872.00
  }, {
    "date" : "2025-06-30",
    "price" : 458.45,
    "dma50" : 395.63,
    "dma100" : 344.02,
    "dma200" : 345.65,
    "volume" : 40529.00
  }, {
    "date" : "2025-07-01",
    "price" : 449.20,
    "dma50" : 397.73,
    "dma100" : 345.54,
    "dma200" : 346.68,
    "volume" : 27552.00
  }, {
    "date" : "2025-07-02",
    "price" : 461.25,
    "dma50" : 400.22,
    "dma100" : 347.27,
    "dma200" : 347.82,
    "volume" : 42361.00
  }, {
    "date" : "2025-07-03",
    "price" : 455.15,
    "dma50" : 402.37,
    "dma100" : 348.90,
    "dma200" : 348.89,
    "volume" : 49176.00
  }, {
    "date" : "2025-07-04",
    "price" : 445.30,
    "dma50" : 404.06,
    "dma100" : 349.84,
    "dma200" : 349.85,
    "volume" : 9924.00
  }, {
    "date" : "2025-07-07",
    "price" : 431.90,
    "dma50" : 405.15,
    "dma100" : 350.64,
    "dma200" : 350.66,
    "volume" : 15919.00
  }, {
    "date" : "2025-07-08",
    "price" : 447.50,
    "dma50" : 406.81,
    "dma100" : 351.51,
    "dma200" : 351.63,
    "volume" : 27693.00
  }, {
    "date" : "2025-07-09",
    "price" : 469.85,
    "dma50" : 409.28,
    "dma100" : 352.64,
    "dma200" : 352.80,
    "volume" : 98518.00
  }, {
    "date" : "2025-07-10",
    "price" : 465.30,
    "dma50" : 411.48,
    "dma100" : 354.16,
    "dma200" : 353.92,
    "volume" : 37430.00
  }, {
    "date" : "2025-07-11",
    "price" : 455.05,
    "dma50" : 413.19,
    "dma100" : 355.50,
    "dma200" : 354.93,
    "volume" : 30419.00
  }, {
    "date" : "2025-07-14",
    "price" : 477.80,
    "dma50" : 415.72,
    "dma100" : 357.09,
    "dma200" : 356.15,
    "volume" : 30929.00
  }, {
    "date" : "2025-07-15",
    "price" : 501.45,
    "dma50" : 419.08,
    "dma100" : 358.93,
    "dma200" : 357.60,
    "volume" : 74842.00
  }, {
    "date" : "2025-07-16",
    "price" : 526.50,
    "dma50" : 423.30,
    "dma100" : 361.10,
    "dma200" : 359.28,
    "volume" : 170541.00
  }, {
    "date" : "2025-07-17",
    "price" : 552.80,
    "dma50" : 428.37,
    "dma100" : 363.58,
    "dma200" : 361.20,
    "volume" : 195756.00
  }, {
    "date" : "2025-07-18",
    "price" : 552.60,
    "dma50" : 433.25,
    "dma100" : 366.01,
    "dma200" : 363.11,
    "volume" : 69232.00
  }, {
    "date" : "2025-07-21",
    "price" : 541.55,
    "dma50" : 437.49,
    "dma100" : 368.31,
    "dma200" : 364.88,
    "volume" : 37933.00
  }, {
    "date" : "2025-07-22",
    "price" : 530.75,
    "dma50" : 441.15,
    "dma100" : 370.51,
    "dma200" : 366.53,
    "volume" : 5516.00
  }, {
    "date" : "2025-07-23",
    "price" : 520.15,
    "dma50" : 444.25,
    "dma100" : 372.65,
    "dma200" : 368.06,
    "volume" : 3467.00
  }, {
    "date" : "2025-07-24",
    "price" : 509.75,
    "dma50" : 446.82,
    "dma100" : 374.62,
    "dma200" : 369.47,
    "volume" : 4397.00
  }, {
    "date" : "2025-07-25",
    "price" : 519.00,
    "dma50" : 449.65,
    "dma100" : 376.76,
    "dma200" : 370.96,
    "volume" : 61495.00
  }, {
    "date" : "2025-07-28",
    "price" : 519.00,
    "dma50" : 452.37,
    "dma100" : 378.99,
    "dma200" : 372.43,
    "volume" : 17256.00
  }, {
    "date" : "2025-07-29",
    "price" : 515.00,
    "dma50" : 454.82,
    "dma100" : 381.27,
    "dma200" : 373.85,
    "volume" : 15211.00
  }, {
    "date" : "2025-07-30",
    "price" : 525.30,
    "dma50" : 457.59,
    "dma100" : 383.67,
    "dma200" : 375.36,
    "volume" : 15829.00
  }, {
    "date" : "2025-07-31",
    "price" : 532.10,
    "dma50" : 460.51,
    "dma100" : 386.05,
    "dma200" : 376.92,
    "volume" : 13119.00
  }, {
    "date" : "2025-08-01",
    "price" : 530.00,
    "dma50" : 463.23,
    "dma100" : 388.33,
    "dma200" : 378.44,
    "volume" : 24447.00
  }, {
    "date" : "2025-08-04",
    "price" : 519.40,
    "dma50" : 465.44,
    "dma100" : 390.47,
    "dma200" : 379.84,
    "volume" : 29145.00
  }, {
    "date" : "2025-08-05",
    "price" : 509.05,
    "dma50" : 467.15,
    "dma100" : 392.58,
    "dma200" : 381.13,
    "volume" : 2202.00
  }, {
    "date" : "2025-08-06",
    "price" : 498.90,
    "dma50" : 468.39,
    "dma100" : 394.65,
    "dma200" : 382.30,
    "volume" : 6970.00
  }, {
    "date" : "2025-08-07",
    "price" : 490.10,
    "dma50" : 469.24,
    "dma100" : 396.64,
    "dma200" : 383.37,
    "volume" : 13228.00
  }, {
    "date" : "2025-08-08",
    "price" : 480.30,
    "dma50" : 469.68,
    "dma100" : 398.54,
    "dma200" : 384.34,
    "volume" : 6005.00
  }, {
    "date" : "2025-08-11",
    "price" : 473.95,
    "dma50" : 469.85,
    "dma100" : 400.42,
    "dma200" : 385.23,
    "volume" : 3466.00
  }, {
    "date" : "2025-08-12",
    "price" : 473.95,
    "dma50" : 470.01,
    "dma100" : 402.23,
    "dma200" : 386.11,
    "volume" : 13811.00
  }, {
    "date" : "2025-08-13",
    "price" : 483.40,
    "dma50" : 470.53,
    "dma100" : 404.11,
    "dma200" : 387.08,
    "volume" : 32061.00
  }, {
    "date" : "2025-08-14",
    "price" : 473.75,
    "dma50" : 470.66,
    "dma100" : 405.94,
    "dma200" : 387.94,
    "volume" : 2138.00
  }, {
    "date" : "2025-08-18",
    "price" : 483.20,
    "dma50" : 471.15,
    "dma100" : 407.77,
    "dma200" : 388.89,
    "volume" : 24880.00
  }, {
    "date" : "2025-08-19",
    "price" : 484.00,
    "dma50" : 471.65,
    "dma100" : 409.64,
    "dma200" : 389.84,
    "volume" : 3839.00
  }, {
    "date" : "2025-08-20",
    "price" : 493.65,
    "dma50" : 472.52,
    "dma100" : 411.67,
    "dma200" : 390.87,
    "volume" : 13074.00
  }, {
    "date" : "2025-08-21",
    "price" : 502.00,
    "dma50" : 473.67,
    "dma100" : 413.89,
    "dma200" : 391.97,
    "volume" : 6262.00
  }, {
    "date" : "2025-08-22",
    "price" : 510.00,
    "dma50" : 475.10,
    "dma100" : 416.10,
    "dma200" : 393.15,
    "volume" : 16368.00
  }, {
    "date" : "2025-08-25",
    "price" : 491.95,
    "dma50" : 475.76,
    "dma100" : 418.02,
    "dma200" : 394.13,
    "volume" : 20384.00
  }, {
    "date" : "2025-08-26",
    "price" : 480.45,
    "dma50" : 475.94,
    "dma100" : 419.66,
    "dma200" : 394.99,
    "volume" : 19706.00
  }, {
    "date" : "2025-08-28",
    "price" : 460.30,
    "dma50" : 475.33,
    "dma100" : 421.16,
    "dma200" : 395.64,
    "volume" : 15942.00
  }, {
    "date" : "2025-08-29",
    "price" : 455.95,
    "dma50" : 474.57,
    "dma100" : 422.48,
    "dma200" : 396.24,
    "volume" : 16925.00
  }, {
    "date" : "2025-09-01",
    "price" : 455.05,
    "dma50" : 473.80,
    "dma100" : 423.92,
    "dma200" : 396.83,
    "volume" : 12877.00
  }, {
    "date" : "2025-09-02",
    "price" : 462.75,
    "dma50" : 473.37,
    "dma100" : 425.61,
    "dma200" : 397.48,
    "volume" : 12082.00
  }, {
    "date" : "2025-09-03",
    "price" : 468.15,
    "dma50" : 473.16,
    "dma100" : 427.28,
    "dma200" : 398.19,
    "volume" : 7596.00
  }, {
    "date" : "2025-09-04",
    "price" : 463.80,
    "dma50" : 472.80,
    "dma100" : 428.93,
    "dma200" : 398.84,
    "volume" : 6703.00
  }, {
    "date" : "2025-09-05",
    "price" : 459.35,
    "dma50" : 472.27,
    "dma100" : 430.46,
    "dma200" : 399.44,
    "volume" : 6818.00
  }, {
    "date" : "2025-09-08",
    "price" : 464.55,
    "dma50" : 471.97,
    "dma100" : 432.00,
    "dma200" : 400.09,
    "volume" : 17523.00
  }, {
    "date" : "2025-09-09",
    "price" : 461.75,
    "dma50" : 471.57,
    "dma100" : 433.49,
    "dma200" : 400.70,
    "volume" : 59707.00
  }, {
    "date" : "2025-09-10",
    "price" : 453.95,
    "dma50" : 470.88,
    "dma100" : 434.64,
    "dma200" : 401.23,
    "volume" : 19804.00
  }, {
    "date" : "2025-09-11",
    "price" : 453.00,
    "dma50" : 470.18,
    "dma100" : 435.82,
    "dma200" : 401.75,
    "volume" : 12138.00
  }, {
    "date" : "2025-09-12",
    "price" : 452.60,
    "dma50" : 469.49,
    "dma100" : 436.98,
    "dma200" : 402.25,
    "volume" : 21428.00
  }, {
    "date" : "2025-09-15",
    "price" : 453.10,
    "dma50" : 468.84,
    "dma100" : 438.12,
    "dma200" : 402.76,
    "volume" : 20973.00
  }, {
    "date" : "2025-09-16",
    "price" : 442.05,
    "dma50" : 467.79,
    "dma100" : 439.20,
    "dma200" : 403.15,
    "volume" : 53237.00
  }, {
    "date" : "2025-09-17",
    "price" : 440.75,
    "dma50" : 466.73,
    "dma100" : 440.42,
    "dma200" : 403.52,
    "volume" : 10685.00
  }, {
    "date" : "2025-09-18",
    "price" : 436.50,
    "dma50" : 465.55,
    "dma100" : 441.65,
    "dma200" : 403.85,
    "volume" : 31281.00
  }, {
    "date" : "2025-09-19",
    "price" : 431.30,
    "dma50" : 464.20,
    "dma100" : 442.85,
    "dma200" : 404.13,
    "volume" : 25831.00
  }, {
    "date" : "2025-09-22",
    "price" : 440.05,
    "dma50" : 463.26,
    "dma100" : 444.22,
    "dma200" : 404.48,
    "volume" : 12446.00
  }, {
    "date" : "2025-09-23",
    "price" : 457.40,
    "dma50" : 463.03,
    "dma100" : 445.76,
    "dma200" : 405.01,
    "volume" : 75765.00
  }, {
    "date" : "2025-09-24",
    "price" : 449.85,
    "dma50" : 462.51,
    "dma100" : 447.20,
    "dma200" : 405.46,
    "volume" : 28157.00
  }, {
    "date" : "2025-09-25",
    "price" : 446.25,
    "dma50" : 461.87,
    "dma100" : 448.67,
    "dma200" : 405.86,
    "volume" : 11833.00
  }, {
    "date" : "2025-09-26",
    "price" : 439.40,
    "dma50" : 460.99,
    "dma100" : 450.03,
    "dma200" : 406.19,
    "volume" : 29500.00
  }, {
    "date" : "2025-09-29",
    "price" : 432.30,
    "dma50" : 459.87,
    "dma100" : 451.33,
    "dma200" : 406.45,
    "volume" : 16227.00
  }, {
    "date" : "2025-09-30",
    "price" : 440.05,
    "dma50" : 459.09,
    "dma100" : 452.74,
    "dma200" : 406.79,
    "volume" : 27167.00
  }, {
    "date" : "2025-10-01",
    "price" : 453.95,
    "dma50" : 458.89,
    "dma100" : 454.16,
    "dma200" : 407.26,
    "volume" : 41194.00
  }, {
    "date" : "2025-10-03",
    "price" : 464.90,
    "dma50" : 459.12,
    "dma100" : 455.66,
    "dma200" : 407.83,
    "volume" : 42920.00
  }, {
    "date" : "2025-10-06",
    "price" : 470.35,
    "dma50" : 459.56,
    "dma100" : 457.20,
    "dma200" : 408.45,
    "volume" : 43059.00
  }, {
    "date" : "2025-10-07",
    "price" : 462.85,
    "dma50" : 459.69,
    "dma100" : 458.57,
    "dma200" : 409.00,
    "volume" : 26429.00
  }, {
    "date" : "2025-10-08",
    "price" : 455.10,
    "dma50" : 459.51,
    "dma100" : 459.69,
    "dma200" : 409.45,
    "volume" : 25108.00
  }, {
    "date" : "2025-10-09",
    "price" : 449.50,
    "dma50" : 459.12,
    "dma100" : 460.81,
    "dma200" : 409.85,
    "volume" : 23482.00
  }, {
    "date" : "2025-10-10",
    "price" : 460.40,
    "dma50" : 459.17,
    "dma100" : 462.08,
    "dma200" : 410.36,
    "volume" : 77337.00
  }, {
    "date" : "2025-10-13",
    "price" : 450.65,
    "dma50" : 458.84,
    "dma100" : 463.09,
    "dma200" : 410.76,
    "volume" : 159201.00
  }, {
    "date" : "2025-10-14",
    "price" : 452.10,
    "dma50" : 458.57,
    "dma100" : 464.06,
    "dma200" : 411.17,
    "volume" : 39903.00
  }, {
    "date" : "2025-10-15",
    "price" : 461.50,
    "dma50" : 458.69,
    "dma100" : 465.12,
    "dma200" : 411.67,
    "volume" : 64219.00
  }, {
    "date" : "2025-10-16",
    "price" : 456.40,
    "dma50" : 458.60,
    "dma100" : 466.05,
    "dma200" : 412.11,
    "volume" : 24441.00
  }, {
    "date" : "2025-10-17",
    "price" : 451.90,
    "dma50" : 458.33,
    "dma100" : 466.54,
    "dma200" : 412.51,
    "volume" : 21026.00
  }, {
    "date" : "2025-10-20",
    "price" : 454.10,
    "dma50" : 458.17,
    "dma100" : 467.12,
    "dma200" : 412.92,
    "volume" : 18053.00
  }, {
    "date" : "2025-10-21",
    "price" : 455.40,
    "dma50" : 458.06,
    "dma100" : 467.62,
    "dma200" : 413.35,
    "volume" : 6279.00
  }, {
    "date" : "2025-10-23",
    "price" : 449.85,
    "dma50" : 457.74,
    "dma100" : 467.76,
    "dma200" : 413.71,
    "volume" : 21174.00
  }, {
    "date" : "2025-10-24",
    "price" : 441.00,
    "dma50" : 457.08,
    "dma100" : 467.58,
    "dma200" : 413.98,
    "volume" : 28143.00
  }, {
    "date" : "2025-10-27",
    "price" : 437.80,
    "dma50" : 456.32,
    "dma100" : 467.36,
    "dma200" : 414.22,
    "volume" : 13136.00
  }, {
    "date" : "2025-10-28",
    "price" : 436.95,
    "dma50" : 455.57,
    "dma100" : 467.25,
    "dma200" : 414.44,
    "volume" : 11273.00
  }, {
    "date" : "2025-10-29",
    "price" : 437.80,
    "dma50" : 454.87,
    "dma100" : 467.27,
    "dma200" : 414.68,
    "volume" : 8995.00
  }, {
    "date" : "2025-10-30",
    "price" : 439.45,
    "dma50" : 454.26,
    "dma100" : 467.37,
    "dma200" : 414.92,
    "volume" : 7831.00
  }, {
    "date" : "2025-10-31",
    "price" : 434.35,
    "dma50" : 453.48,
    "dma100" : 467.28,
    "dma200" : 415.12,
    "volume" : 7012.00
  }, {
    "date" : "2025-11-03",
    "price" : 443.85,
    "dma50" : 453.11,
    "dma100" : 467.15,
    "dma200" : 415.40,
    "volume" : 18659.00
  }, {
    "date" : "2025-11-04",
    "price" : 443.25,
    "dma50" : 452.72,
    "dma100" : 466.97,
    "dma200" : 415.68,
    "volume" : 17781.00
  }, {
    "date" : "2025-11-06",
    "price" : 441.75,
    "dma50" : 452.29,
    "dma100" : 466.93,
    "dma200" : 415.94,
    "volume" : 13317.00
  }, {
    "date" : "2025-11-07",
    "price" : 446.30,
    "dma50" : 452.05,
    "dma100" : 466.82,
    "dma200" : 416.24,
    "volume" : 24984.00
  }, {
    "date" : "2025-11-10",
    "price" : 468.95,
    "dma50" : 452.72,
    "dma100" : 467.05,
    "dma200" : 416.77,
    "volume" : 53963.00
  }, {
    "date" : "2025-11-11",
    "price" : 531.05,
    "dma50" : 455.79,
    "dma100" : 467.97,
    "dma200" : 417.90,
    "volume" : 922809.00
  }, {
    "date" : "2025-11-12",
    "price" : 537.75,
    "dma50" : 459.00,
    "dma100" : 469.01,
    "dma200" : 419.09,
    "volume" : 210050.00
  }, {
    "date" : "2025-11-13",
    "price" : 563.60,
    "dma50" : 463.10,
    "dma100" : 470.39,
    "dma200" : 420.53,
    "volume" : 257135.00
  }, {
    "date" : "2025-11-14",
    "price" : 571.85,
    "dma50" : 467.37,
    "dma100" : 471.77,
    "dma200" : 422.04,
    "volume" : 77813.00
  }, {
    "date" : "2025-11-17",
    "price" : 554.80,
    "dma50" : 470.80,
    "dma100" : 473.02,
    "dma200" : 423.36,
    "volume" : 61510.00
  }, {
    "date" : "2025-11-18",
    "price" : 554.90,
    "dma50" : 474.10,
    "dma100" : 474.28,
    "dma200" : 424.67,
    "volume" : 57191.00
  }, {
    "date" : "2025-11-19",
    "price" : 644.85,
    "dma50" : 480.79,
    "dma100" : 476.38,
    "dma200" : 426.86,
    "volume" : 928482.00
  }, {
    "date" : "2025-11-20",
    "price" : 689.10,
    "dma50" : 488.96,
    "dma100" : 478.88,
    "dma200" : 429.47,
    "volume" : 526796.00
  }, {
    "date" : "2025-11-21",
    "price" : 700.95,
    "dma50" : 497.27,
    "dma100" : 481.30,
    "dma200" : 432.17,
    "volume" : 339896.00
  }, {
    "date" : "2025-11-24",
    "price" : 716.90,
    "dma50" : 505.89,
    "dma100" : 483.89,
    "dma200" : 435.00,
    "volume" : 200976.00
  }, {
    "date" : "2025-11-25",
    "price" : 677.30,
    "dma50" : 512.61,
    "dma100" : 486.17,
    "dma200" : 437.41,
    "volume" : 184534.00
  }, {
    "date" : "2025-11-26",
    "price" : 697.50,
    "dma50" : 519.86,
    "dma100" : 488.53,
    "dma200" : 440.00,
    "volume" : 122418.00
  }, {
    "date" : "2025-11-27",
    "price" : 719.35,
    "dma50" : 527.68,
    "dma100" : 491.17,
    "dma200" : 442.78,
    "volume" : 332707.00
  }, {
    "date" : "2025-11-28",
    "price" : 691.15,
    "dma50" : 534.09,
    "dma100" : 493.63,
    "dma200" : 445.25,
    "volume" : 101538.00
  }, {
    "date" : "2025-12-01",
    "price" : 727.05,
    "dma50" : 541.66,
    "dma100" : 496.58,
    "dma200" : 448.06,
    "volume" : 203711.00
  }, {
    "date" : "2025-12-02",
    "price" : 763.30,
    "dma50" : 550.35,
    "dma100" : 499.74,
    "dma200" : 451.19,
    "volume" : 122729.00
  }, {
    "date" : "2025-12-03",
    "price" : 771.05,
    "dma50" : 559.01,
    "dma100" : 502.75,
    "dma200" : 454.38,
    "volume" : 115496.00
  }, {
    "date" : "2025-12-04",
    "price" : 764.15,
    "dma50" : 567.05,
    "dma100" : 505.74,
    "dma200" : 457.46,
    "volume" : 66815.00
  }, {
    "date" : "2025-12-05",
    "price" : 745.05,
    "dma50" : 574.03,
    "dma100" : 508.64,
    "dma200" : 460.32,
    "volume" : 50794.00
  }, {
    "date" : "2025-12-08",
    "price" : 762.90,
    "dma50" : 581.44,
    "dma100" : 511.49,
    "dma200" : 463.33,
    "volume" : 70260.00
  }, {
    "date" : "2025-12-09",
    "price" : 758.00,
    "dma50" : 588.36,
    "dma100" : 514.06,
    "dma200" : 466.26,
    "volume" : 46877.00
  } ],
  "latestTechnicalAttributes" : {
    "date" : "2025-12-09",
    "price" : 758.00,
    "dma50" : 588.36,
    "dma100" : 514.06,
    "dma200" : 466.26,
    "volume" : 46877.00
  },
  "quarterlyResults" : [ {
    "date" : "2005-03-31",
    "sales" : 10.48,
    "salesGrowthYoY" : null,
    "grossProfitMargin" : 36.35,
    "grossProfit" : 3.81,
    "operatingProfitMargin" : 16.13,
    "operatingProfit" : 1.69,
    "netProfitMargin" : 14.12,
    "netProfit" : 1.48
  }, {
    "date" : "2005-06-30",
    "sales" : 15.38,
    "salesGrowthYoY" : null,
    "grossProfitMargin" : 37.97,
    "grossProfit" : 5.84,
    "operatingProfitMargin" : 18.99,
    "operatingProfit" : 2.92,
    "netProfitMargin" : 14.89,
    "netProfit" : 2.29
  }, {
    "date" : "2005-09-30",
    "sales" : 20.60,
    "salesGrowthYoY" : null,
    "grossProfitMargin" : 39.08,
    "grossProfit" : 8.05,
    "operatingProfitMargin" : 21.02,
    "operatingProfit" : 4.33,
    "netProfitMargin" : 16.70,
    "netProfit" : 3.44
  }, {
    "date" : "2005-12-31",
    "sales" : 26.08,
    "salesGrowthYoY" : null,
    "grossProfitMargin" : 40.84,
    "grossProfit" : 10.65,
    "operatingProfitMargin" : 24.35,
    "operatingProfit" : 6.35,
    "netProfitMargin" : 19.48,
    "netProfit" : 5.08
  }, {
    "date" : "2006-03-31",
    "sales" : 30.03,
    "salesGrowthYoY" : 186.55,
    "grossProfitMargin" : 40.76,
    "grossProfit" : 12.24,
    "operatingProfitMargin" : 25.01,
    "operatingProfit" : 7.51,
    "netProfitMargin" : 20.15,
    "netProfit" : 6.05
  }, {
    "date" : "2006-06-30",
    "sales" : 31.86,
    "salesGrowthYoY" : 107.15,
    "grossProfitMargin" : 39.92,
    "grossProfit" : 12.72,
    "operatingProfitMargin" : 23.89,
    "operatingProfit" : 7.61,
    "netProfitMargin" : 19.40,
    "netProfit" : 6.18
  }, {
    "date" : "2006-09-30",
    "sales" : 36.13,
    "salesGrowthYoY" : 75.39,
    "grossProfitMargin" : 39.97,
    "grossProfit" : 14.44,
    "operatingProfitMargin" : 23.97,
    "operatingProfit" : 8.66,
    "netProfitMargin" : 19.54,
    "netProfit" : 7.06
  }, {
    "date" : "2006-12-31",
    "sales" : 37.95,
    "salesGrowthYoY" : 45.51,
    "grossProfitMargin" : 40.29,
    "grossProfit" : 15.29,
    "operatingProfitMargin" : 24.35,
    "operatingProfit" : 9.24,
    "netProfitMargin" : 19.82,
    "netProfit" : 7.52
  }, {
    "date" : "2007-03-31",
    "sales" : 35.41,
    "salesGrowthYoY" : 17.92,
    "grossProfitMargin" : 41.57,
    "grossProfit" : 14.72,
    "operatingProfitMargin" : 24.85,
    "operatingProfit" : 8.80,
    "netProfitMargin" : 21.46,
    "netProfit" : 7.60
  }, {
    "date" : "2007-06-30",
    "sales" : 43.62,
    "salesGrowthYoY" : 36.91,
    "grossProfitMargin" : 41.59,
    "grossProfit" : 18.14,
    "operatingProfitMargin" : 26.20,
    "operatingProfit" : 11.43,
    "netProfitMargin" : 20.04,
    "netProfit" : 8.74
  }, {
    "date" : "2007-09-30",
    "sales" : 49.53,
    "salesGrowthYoY" : 37.09,
    "grossProfitMargin" : 41.75,
    "grossProfit" : 20.68,
    "operatingProfitMargin" : 25.92,
    "operatingProfit" : 12.84,
    "netProfitMargin" : 19.85,
    "netProfit" : 9.83
  }, {
    "date" : "2007-12-31",
    "sales" : 57.88,
    "salesGrowthYoY" : 52.52,
    "grossProfitMargin" : 40.91,
    "grossProfit" : 23.68,
    "operatingProfitMargin" : 26.02,
    "operatingProfit" : 15.06,
    "netProfitMargin" : 19.56,
    "netProfit" : 11.32
  }, {
    "date" : "2008-03-31",
    "sales" : 62.58,
    "salesGrowthYoY" : 76.73,
    "grossProfitMargin" : 42.83,
    "grossProfit" : 26.80,
    "operatingProfitMargin" : 26.69,
    "operatingProfit" : 16.70,
    "netProfitMargin" : 19.67,
    "netProfit" : 12.31
  }, {
    "date" : "2008-06-30",
    "sales" : 66.03,
    "salesGrowthYoY" : 51.38,
    "grossProfitMargin" : 43.81,
    "grossProfit" : 28.93,
    "operatingProfitMargin" : 24.23,
    "operatingProfit" : 16.00,
    "netProfitMargin" : 17.37,
    "netProfit" : 11.47
  }, {
    "date" : "2008-09-30",
    "sales" : 69.95,
    "salesGrowthYoY" : 41.23,
    "grossProfitMargin" : 41.67,
    "grossProfit" : 29.15,
    "operatingProfitMargin" : 23.30,
    "operatingProfit" : 16.30,
    "netProfitMargin" : 16.55,
    "netProfit" : 11.58
  }, {
    "date" : "2008-12-31",
    "sales" : 65.12,
    "salesGrowthYoY" : 12.51,
    "grossProfitMargin" : 41.58,
    "grossProfit" : 27.08,
    "operatingProfitMargin" : 22.62,
    "operatingProfit" : 14.73,
    "netProfitMargin" : 15.23,
    "netProfit" : 9.92
  }, {
    "date" : "2009-03-31",
    "sales" : 63.41,
    "salesGrowthYoY" : 1.33,
    "grossProfitMargin" : 44.68,
    "grossProfit" : 28.33,
    "operatingProfitMargin" : 23.53,
    "operatingProfit" : 14.92,
    "netProfitMargin" : 15.34,
    "netProfit" : 9.73
  }, {
    "date" : "2009-06-30",
    "sales" : 77.60,
    "salesGrowthYoY" : 17.52,
    "grossProfitMargin" : 42.01,
    "grossProfit" : 32.60,
    "operatingProfitMargin" : 22.42,
    "operatingProfit" : 17.40,
    "netProfitMargin" : 14.23,
    "netProfit" : 11.04
  }, {
    "date" : "2009-09-30",
    "sales" : 74.86,
    "salesGrowthYoY" : 7.02,
    "grossProfitMargin" : 41.05,
    "grossProfit" : 30.73,
    "operatingProfitMargin" : 22.13,
    "operatingProfit" : 16.57,
    "netProfitMargin" : 14.69,
    "netProfit" : 11.00
  }, {
    "date" : "2009-12-31",
    "sales" : 76.48,
    "salesGrowthYoY" : 17.44,
    "grossProfitMargin" : 40.94,
    "grossProfit" : 31.31,
    "operatingProfitMargin" : 21.42,
    "operatingProfit" : 16.38,
    "netProfitMargin" : 14.30,
    "netProfit" : 10.94
  }, {
    "date" : "2010-03-31",
    "sales" : 80.78,
    "salesGrowthYoY" : 27.39,
    "grossProfitMargin" : 43.98,
    "grossProfit" : 35.53,
    "operatingProfitMargin" : 22.99,
    "operatingProfit" : 18.57,
    "netProfitMargin" : 15.78,
    "netProfit" : 12.75
  }, {
    "date" : "2010-06-30",
    "sales" : 82.17,
    "salesGrowthYoY" : 5.89,
    "grossProfitMargin" : 43.18,
    "grossProfit" : 35.48,
    "operatingProfitMargin" : 23.09,
    "operatingProfit" : 18.97,
    "netProfitMargin" : 13.30,
    "netProfit" : 10.93
  }, {
    "date" : "2010-09-30",
    "sales" : 85.75,
    "salesGrowthYoY" : 14.55,
    "grossProfitMargin" : 45.46,
    "grossProfit" : 38.98,
    "operatingProfitMargin" : 25.47,
    "operatingProfit" : 21.84,
    "netProfitMargin" : 13.49,
    "netProfit" : 11.57
  }, {
    "date" : "2010-12-31",
    "sales" : 92.89,
    "salesGrowthYoY" : 21.46,
    "grossProfitMargin" : 45.81,
    "grossProfit" : 42.55,
    "operatingProfitMargin" : 25.50,
    "operatingProfit" : 23.69,
    "netProfitMargin" : 14.02,
    "netProfit" : 13.02
  }, {
    "date" : "2011-03-31",
    "sales" : 96.46,
    "salesGrowthYoY" : 19.41,
    "grossProfitMargin" : 45.94,
    "grossProfit" : 44.31,
    "operatingProfitMargin" : 25.54,
    "operatingProfit" : 24.64,
    "netProfitMargin" : 14.05,
    "netProfit" : 13.55
  }, {
    "date" : "2011-06-30",
    "sales" : 99.01,
    "salesGrowthYoY" : 20.49,
    "grossProfitMargin" : 45.06,
    "grossProfit" : 44.61,
    "operatingProfitMargin" : 28.40,
    "operatingProfit" : 28.12,
    "netProfitMargin" : 13.76,
    "netProfit" : 13.62
  }, {
    "date" : "2011-09-30",
    "sales" : 96.11,
    "salesGrowthYoY" : 12.08,
    "grossProfitMargin" : 46.46,
    "grossProfit" : 44.65,
    "operatingProfitMargin" : 26.43,
    "operatingProfit" : 25.40,
    "netProfitMargin" : 12.24,
    "netProfit" : 11.76
  }, {
    "date" : "2011-12-31",
    "sales" : 95.83,
    "salesGrowthYoY" : 3.17,
    "grossProfitMargin" : 45.14,
    "grossProfit" : 43.26,
    "operatingProfitMargin" : 24.78,
    "operatingProfit" : 23.75,
    "netProfitMargin" : 10.78,
    "netProfit" : 10.33
  }, {
    "date" : "2012-03-31",
    "sales" : 114.69,
    "salesGrowthYoY" : 18.90,
    "grossProfitMargin" : 43.61,
    "grossProfit" : 50.02,
    "operatingProfitMargin" : 24.64,
    "operatingProfit" : 28.26,
    "netProfitMargin" : 13.57,
    "netProfit" : 15.56
  }, {
    "date" : "2012-06-30",
    "sales" : 112.57,
    "salesGrowthYoY" : 13.70,
    "grossProfitMargin" : 44.70,
    "grossProfit" : 50.32,
    "operatingProfitMargin" : 26.41,
    "operatingProfit" : 29.73,
    "netProfitMargin" : 12.48,
    "netProfit" : 14.05
  }, {
    "date" : "2012-09-30",
    "sales" : 110.81,
    "salesGrowthYoY" : 15.29,
    "grossProfitMargin" : 44.02,
    "grossProfit" : 48.78,
    "operatingProfitMargin" : 25.98,
    "operatingProfit" : 28.79,
    "netProfitMargin" : 13.62,
    "netProfit" : 15.09
  }, {
    "date" : "2012-12-31",
    "sales" : 112.63,
    "salesGrowthYoY" : 17.53,
    "grossProfitMargin" : 43.53,
    "grossProfit" : 49.03,
    "operatingProfitMargin" : 26.54,
    "operatingProfit" : 29.89,
    "netProfitMargin" : 14.26,
    "netProfit" : 16.06
  }, {
    "date" : "2013-03-31",
    "sales" : 125.32,
    "salesGrowthYoY" : 9.27,
    "grossProfitMargin" : 39.84,
    "grossProfit" : 49.93,
    "operatingProfitMargin" : 24.00,
    "operatingProfit" : 30.08,
    "netProfitMargin" : 9.54,
    "netProfit" : 11.96
  }, {
    "date" : "2013-06-30",
    "sales" : 127.21,
    "salesGrowthYoY" : 13.01,
    "grossProfitMargin" : 41.07,
    "grossProfit" : 52.25,
    "operatingProfitMargin" : 24.84,
    "operatingProfit" : 31.60,
    "netProfitMargin" : 12.04,
    "netProfit" : 15.32
  }, {
    "date" : "2013-09-30",
    "sales" : 125.25,
    "salesGrowthYoY" : 13.03,
    "grossProfitMargin" : 41.99,
    "grossProfit" : 52.59,
    "operatingProfitMargin" : 25.87,
    "operatingProfit" : 32.40,
    "netProfitMargin" : 11.98,
    "netProfit" : 15.00
  }, {
    "date" : "2013-12-31",
    "sales" : 131.26,
    "salesGrowthYoY" : 16.54,
    "grossProfitMargin" : 47.06,
    "grossProfit" : 61.77,
    "operatingProfitMargin" : 27.27,
    "operatingProfit" : 35.79,
    "netProfitMargin" : 13.13,
    "netProfit" : 17.23
  }, {
    "date" : "2014-03-31",
    "sales" : 142.34,
    "salesGrowthYoY" : 13.58,
    "grossProfitMargin" : 42.50,
    "grossProfit" : 60.49,
    "operatingProfitMargin" : 23.48,
    "operatingProfit" : 33.42,
    "netProfitMargin" : 9.91,
    "netProfit" : 14.11
  }, {
    "date" : "2014-06-30",
    "sales" : 121.48,
    "salesGrowthYoY" : -4.50,
    "grossProfitMargin" : 44.15,
    "grossProfit" : 53.63,
    "operatingProfitMargin" : 24.40,
    "operatingProfit" : 29.64,
    "netProfitMargin" : 8.44,
    "netProfit" : 10.25
  }, {
    "date" : "2014-09-30",
    "sales" : 125.96,
    "salesGrowthYoY" : 0.57,
    "grossProfitMargin" : 37.67,
    "grossProfit" : 47.45,
    "operatingProfitMargin" : 21.21,
    "operatingProfit" : 26.72,
    "netProfitMargin" : 8.18,
    "netProfit" : 10.30
  }, {
    "date" : "2014-12-31",
    "sales" : 105.57,
    "salesGrowthYoY" : -19.57,
    "grossProfitMargin" : 40.09,
    "grossProfit" : 42.32,
    "operatingProfitMargin" : 17.73,
    "operatingProfit" : 18.72,
    "netProfitMargin" : 2.03,
    "netProfit" : 2.14
  }, {
    "date" : "2015-03-31",
    "sales" : 98.88,
    "salesGrowthYoY" : -30.53,
    "grossProfitMargin" : 38.00,
    "grossProfit" : 37.57,
    "operatingProfitMargin" : 11.98,
    "operatingProfit" : 11.85,
    "netProfitMargin" : -20.89,
    "netProfit" : -20.66
  }, {
    "date" : "2015-06-30",
    "sales" : 98.91,
    "salesGrowthYoY" : -18.58,
    "grossProfitMargin" : 39.78,
    "grossProfit" : 39.35,
    "operatingProfitMargin" : 19.41,
    "operatingProfit" : 19.20,
    "netProfitMargin" : 0.19,
    "netProfit" : 0.19
  }, {
    "date" : "2015-09-30",
    "sales" : 105.95,
    "salesGrowthYoY" : -15.89,
    "grossProfitMargin" : 38.93,
    "grossProfit" : 41.25,
    "operatingProfitMargin" : 19.19,
    "operatingProfit" : 20.33,
    "netProfitMargin" : 1.52,
    "netProfit" : 1.61
  }, {
    "date" : "2015-12-31",
    "sales" : 98.42,
    "salesGrowthYoY" : -6.77,
    "grossProfitMargin" : 39.72,
    "grossProfit" : 39.09,
    "operatingProfitMargin" : 18.30,
    "operatingProfit" : 18.01,
    "netProfitMargin" : -0.25,
    "netProfit" : -0.25
  }, {
    "date" : "2016-03-31",
    "sales" : 99.42,
    "salesGrowthYoY" : 0.55,
    "grossProfitMargin" : 43.43,
    "grossProfit" : 43.18,
    "operatingProfitMargin" : 22.14,
    "operatingProfit" : 22.01,
    "netProfitMargin" : -0.35,
    "netProfit" : -0.35
  }, {
    "date" : "2016-06-30",
    "sales" : 103.15,
    "salesGrowthYoY" : 4.29,
    "grossProfitMargin" : 37.57,
    "grossProfit" : 38.75,
    "operatingProfitMargin" : 17.39,
    "operatingProfit" : 17.94,
    "netProfitMargin" : 1.20,
    "netProfit" : 1.24
  }, {
    "date" : "2016-09-30",
    "sales" : 107.12,
    "salesGrowthYoY" : 1.10,
    "grossProfitMargin" : 37.41,
    "grossProfit" : 40.07,
    "operatingProfitMargin" : 17.67,
    "operatingProfit" : 18.93,
    "netProfitMargin" : 0.74,
    "netProfit" : 0.79
  }, {
    "date" : "2016-12-31",
    "sales" : 85.36,
    "salesGrowthYoY" : -13.27,
    "grossProfitMargin" : 43.84,
    "grossProfit" : 37.42,
    "operatingProfitMargin" : 22.83,
    "operatingProfit" : 19.49,
    "netProfitMargin" : -2.46,
    "netProfit" : -2.10
  }, {
    "date" : "2017-03-31",
    "sales" : 79.82,
    "salesGrowthYoY" : -19.71,
    "grossProfitMargin" : 47.07,
    "grossProfit" : 37.57,
    "operatingProfitMargin" : 17.13,
    "operatingProfit" : 13.67,
    "netProfitMargin" : 3.24,
    "netProfit" : 2.59
  }, {
    "date" : "2017-06-30",
    "sales" : 78.23,
    "salesGrowthYoY" : -24.16,
    "grossProfitMargin" : 46.11,
    "grossProfit" : 36.07,
    "operatingProfitMargin" : 19.25,
    "operatingProfit" : 15.06,
    "netProfitMargin" : -3.89,
    "netProfit" : -3.04
  }, {
    "date" : "2017-09-30",
    "sales" : 90.51,
    "salesGrowthYoY" : -15.51,
    "grossProfitMargin" : 43.97,
    "grossProfit" : 39.80,
    "operatingProfitMargin" : 6.79,
    "operatingProfit" : 6.15,
    "netProfitMargin" : -11.00,
    "netProfit" : -9.96
  }, {
    "date" : "2017-12-31",
    "sales" : 93.13,
    "salesGrowthYoY" : 9.10,
    "grossProfitMargin" : 41.49,
    "grossProfit" : 38.64,
    "operatingProfitMargin" : 13.91,
    "operatingProfit" : 12.95,
    "netProfitMargin" : -4.53,
    "netProfit" : -4.22
  }, {
    "date" : "2018-03-31",
    "sales" : 93.21,
    "salesGrowthYoY" : 16.78,
    "grossProfitMargin" : 37.70,
    "grossProfit" : 35.14,
    "operatingProfitMargin" : 10.08,
    "operatingProfit" : 9.40,
    "netProfitMargin" : -10.05,
    "netProfit" : -9.37
  }, {
    "date" : "2018-06-30",
    "sales" : 65.52,
    "salesGrowthYoY" : -16.25,
    "grossProfitMargin" : 41.51,
    "grossProfit" : 27.20,
    "operatingProfitMargin" : 15.48,
    "operatingProfit" : 10.14,
    "netProfitMargin" : -8.49,
    "netProfit" : -5.56
  }, {
    "date" : "2018-09-30",
    "sales" : 80.89,
    "salesGrowthYoY" : -10.63,
    "grossProfitMargin" : 43.50,
    "grossProfit" : 35.19,
    "operatingProfitMargin" : 20.42,
    "operatingProfit" : 16.52,
    "netProfitMargin" : 0.99,
    "netProfit" : 0.80
  }, {
    "date" : "2018-12-31",
    "sales" : 69.06,
    "salesGrowthYoY" : -25.85,
    "grossProfitMargin" : 40.27,
    "grossProfit" : 27.81,
    "operatingProfitMargin" : 6.86,
    "operatingProfit" : 4.74,
    "netProfitMargin" : -17.27,
    "netProfit" : -11.93
  }, {
    "date" : "2019-03-31",
    "sales" : 86.37,
    "salesGrowthYoY" : -7.34,
    "grossProfitMargin" : 34.57,
    "grossProfit" : 29.86,
    "operatingProfitMargin" : 3.35,
    "operatingProfit" : 2.89,
    "netProfitMargin" : -1.69,
    "netProfit" : -1.46
  }, {
    "date" : "2019-06-30",
    "sales" : 70.82,
    "salesGrowthYoY" : 8.09,
    "grossProfitMargin" : 44.56,
    "grossProfit" : 31.56,
    "operatingProfitMargin" : 14.36,
    "operatingProfit" : 10.17,
    "netProfitMargin" : -5.21,
    "netProfit" : -3.69
  }, {
    "date" : "2019-09-30",
    "sales" : 80.08,
    "salesGrowthYoY" : -1.00,
    "grossProfitMargin" : 44.73,
    "grossProfit" : 35.82,
    "operatingProfitMargin" : 18.16,
    "operatingProfit" : 14.54,
    "netProfitMargin" : 2.32,
    "netProfit" : 1.86
  }, {
    "date" : "2019-12-31",
    "sales" : 92.23,
    "salesGrowthYoY" : 33.55,
    "grossProfitMargin" : 41.70,
    "grossProfit" : 38.46,
    "operatingProfitMargin" : 12.97,
    "operatingProfit" : 11.96,
    "netProfitMargin" : 0.38,
    "netProfit" : 0.35
  }, {
    "date" : "2020-03-31",
    "sales" : 79.22,
    "salesGrowthYoY" : -8.28,
    "grossProfitMargin" : 50.11,
    "grossProfit" : 39.70,
    "operatingProfitMargin" : 8.08,
    "operatingProfit" : 6.40,
    "netProfitMargin" : 1.59,
    "netProfit" : 1.26
  }, {
    "date" : "2020-06-30",
    "sales" : 179.71,
    "salesGrowthYoY" : 153.76,
    "grossProfitMargin" : 34.52,
    "grossProfit" : 62.04,
    "operatingProfitMargin" : 11.57,
    "operatingProfit" : 20.79,
    "netProfitMargin" : 6.22,
    "netProfit" : 11.18
  }, {
    "date" : "2020-09-30",
    "sales" : 118.41,
    "salesGrowthYoY" : 47.86,
    "grossProfitMargin" : 32.50,
    "grossProfit" : 38.48,
    "operatingProfitMargin" : 4.36,
    "operatingProfit" : 5.16,
    "netProfitMargin" : 0.86,
    "netProfit" : 1.02
  }, {
    "date" : "2020-12-31",
    "sales" : 114.07,
    "salesGrowthYoY" : 23.68,
    "grossProfitMargin" : 37.28,
    "grossProfit" : 42.53,
    "operatingProfitMargin" : 11.43,
    "operatingProfit" : 13.04,
    "netProfitMargin" : 2.61,
    "netProfit" : 2.98
  }, {
    "date" : "2021-03-31",
    "sales" : 102.44,
    "salesGrowthYoY" : 29.31,
    "grossProfitMargin" : 34.07,
    "grossProfit" : 34.90,
    "operatingProfitMargin" : 7.68,
    "operatingProfit" : 7.87,
    "netProfitMargin" : 17.67,
    "netProfit" : 18.10
  }, {
    "date" : "2021-06-30",
    "sales" : 136.85,
    "salesGrowthYoY" : -23.85,
    "grossProfitMargin" : 34.64,
    "grossProfit" : 47.40,
    "operatingProfitMargin" : 14.14,
    "operatingProfit" : 19.35,
    "netProfitMargin" : 10.66,
    "netProfit" : 14.59
  }, {
    "date" : "2021-09-30",
    "sales" : 192.64,
    "salesGrowthYoY" : 62.69,
    "grossProfitMargin" : 32.66,
    "grossProfit" : 62.92,
    "operatingProfitMargin" : 14.50,
    "operatingProfit" : 27.93,
    "netProfitMargin" : 12.53,
    "netProfit" : 24.14
  }, {
    "date" : "2021-12-31",
    "sales" : 117.44,
    "salesGrowthYoY" : 2.95,
    "grossProfitMargin" : 40.22,
    "grossProfit" : 47.23,
    "operatingProfitMargin" : 12.12,
    "operatingProfit" : 14.23,
    "netProfitMargin" : 6.68,
    "netProfit" : 7.84
  }, {
    "date" : "2022-03-31",
    "sales" : 128.77,
    "salesGrowthYoY" : 25.70,
    "grossProfitMargin" : 32.35,
    "grossProfit" : 41.66,
    "operatingProfitMargin" : 5.68,
    "operatingProfit" : 7.31,
    "netProfitMargin" : 1.88,
    "netProfit" : 2.42
  }, {
    "date" : "2022-06-30",
    "sales" : 154.93,
    "salesGrowthYoY" : 13.21,
    "grossProfitMargin" : 35.47,
    "grossProfit" : 54.95,
    "operatingProfitMargin" : 11.78,
    "operatingProfit" : 18.25,
    "netProfitMargin" : 7.16,
    "netProfit" : 11.09
  }, {
    "date" : "2022-09-30",
    "sales" : 124.75,
    "salesGrowthYoY" : -35.24,
    "grossProfitMargin" : 39.51,
    "grossProfit" : 49.29,
    "operatingProfitMargin" : 12.16,
    "operatingProfit" : 15.17,
    "netProfitMargin" : 6.20,
    "netProfit" : 7.73
  }, {
    "date" : "2022-12-31",
    "sales" : 109.63,
    "salesGrowthYoY" : -6.65,
    "grossProfitMargin" : 35.56,
    "grossProfit" : 38.98,
    "operatingProfitMargin" : 6.46,
    "operatingProfit" : 7.08,
    "netProfitMargin" : 2.38,
    "netProfit" : 2.61
  }, {
    "date" : "2023-03-31",
    "sales" : 148.53,
    "salesGrowthYoY" : 15.35,
    "grossProfitMargin" : 38.87,
    "grossProfit" : 57.73,
    "operatingProfitMargin" : 14.16,
    "operatingProfit" : 21.03,
    "netProfitMargin" : 5.08,
    "netProfit" : 7.55
  }, {
    "date" : "2023-06-30",
    "sales" : 98.63,
    "salesGrowthYoY" : -36.34,
    "grossProfitMargin" : 44.94,
    "grossProfit" : 44.32,
    "operatingProfitMargin" : 13.66,
    "operatingProfit" : 13.47,
    "netProfitMargin" : 4.40,
    "netProfit" : 4.34
  }, {
    "date" : "2023-09-30",
    "sales" : 170.19,
    "salesGrowthYoY" : 36.42,
    "grossProfitMargin" : 35.40,
    "grossProfit" : 60.25,
    "operatingProfitMargin" : 7.71,
    "operatingProfit" : 13.12,
    "netProfitMargin" : 3.20,
    "netProfit" : 5.45
  }, {
    "date" : "2023-12-31",
    "sales" : 131.23,
    "salesGrowthYoY" : 19.70,
    "grossProfitMargin" : 36.78,
    "grossProfit" : 48.27,
    "operatingProfitMargin" : 9.91,
    "operatingProfit" : 13.00,
    "netProfitMargin" : 6.24,
    "netProfit" : 8.19
  }, {
    "date" : "2024-03-31",
    "sales" : 175.16,
    "salesGrowthYoY" : 17.93,
    "grossProfitMargin" : 40.05,
    "grossProfit" : 70.15,
    "operatingProfitMargin" : 12.14,
    "operatingProfit" : 21.26,
    "netProfitMargin" : 7.14,
    "netProfit" : 12.51
  }, {
    "date" : "2024-06-30",
    "sales" : 105.86,
    "salesGrowthYoY" : 7.33,
    "grossProfitMargin" : 45.85,
    "grossProfit" : 48.54,
    "operatingProfitMargin" : 13.49,
    "operatingProfit" : 14.28,
    "netProfitMargin" : 4.20,
    "netProfit" : 4.45
  }, {
    "date" : "2024-09-30",
    "sales" : 169.67,
    "salesGrowthYoY" : -0.31,
    "grossProfitMargin" : 35.38,
    "grossProfit" : 60.03,
    "operatingProfitMargin" : 7.60,
    "operatingProfit" : 12.89,
    "netProfitMargin" : 5.46,
    "netProfit" : 9.26
  }, {
    "date" : "2024-12-31",
    "sales" : 172.54,
    "salesGrowthYoY" : 31.48,
    "grossProfitMargin" : 38.86,
    "grossProfit" : 67.05,
    "operatingProfitMargin" : 13.28,
    "operatingProfit" : 22.91,
    "netProfitMargin" : 9.66,
    "netProfit" : 16.67
  }, {
    "date" : "2025-03-31",
    "sales" : 194.04,
    "salesGrowthYoY" : 10.78,
    "grossProfitMargin" : 47.26,
    "grossProfit" : 91.70,
    "operatingProfitMargin" : 11.62,
    "operatingProfit" : 22.55,
    "netProfitMargin" : 7.62,
    "netProfit" : 14.79
  }, {
    "date" : "2025-06-30",
    "sales" : 137.13,
    "salesGrowthYoY" : 29.54,
    "grossProfitMargin" : 45.93,
    "grossProfit" : 62.98,
    "operatingProfitMargin" : 13.08,
    "operatingProfit" : 17.94,
    "netProfitMargin" : 8.52,
    "netProfit" : 11.68
  }, {
    "date" : "2025-09-30",
    "sales" : 192.65,
    "salesGrowthYoY" : 13.54,
    "grossProfitMargin" : 44.29,
    "grossProfit" : 85.32,
    "operatingProfitMargin" : 15.49,
    "operatingProfit" : 29.84,
    "netProfitMargin" : 9.99,
    "netProfit" : 19.25
  } ],
  "latestQuarterlyResult" : {
    "date" : "2025-09-30",
    "sales" : 192.65,
    "salesGrowthYoY" : 13.54,
    "grossProfitMargin" : 44.29,
    "grossProfit" : 85.32,
    "operatingProfitMargin" : 15.49,
    "operatingProfit" : 29.84,
    "netProfitMargin" : 9.99,
    "netProfit" : 19.25
  },
  "companyScore" : {
    "priceHigherThanDma50" : 5.00,
    "priceHigherThanDma100" : 5.00,
    "priceHigherThanDma200" : 5.00,
    "dma50HigherThanDma100" : 5.00,
    "dma50HigherThanDma200" : 5.00,
    "dma100HigherThanDma200" : 5.00,
    "pricePercentageAboveDma50" : 3.56,
    "pricePercentageAboveDma100" : 2.63,
    "pricePercentageAboveDma200" : 1.87,
    "weeklyVolumeHigherThanYearlyVolume" : 5.00,
    "salesGrowthPercentile" : 10.38,
    "operatingProfitMarginPercentile" : 9.69,
    "netProfitMarginPercentile" : 7.29,
    "totalTechnicalScore" : 43.06,
    "totalFundamentalScore" : 27.36,
    "totalScore" : 70.42
  }
}