{
  "metadata" : {
    "screenerCompanyId" : "1275287",
    "companyCode" : "VERTIS",
    "companyName" : "Vertis Infra.",
    "screenerCompanyLink" : "https://www.screener.in/company/VERTIS/consolidated/",
    "screenerTechnicalHistoryLink" : "https://www.screener.in/api/company/1275287/chart/?q=Price-DMA50-DMA200-Volume&days=365",
    "screenerQuarterlyResultsLink" : "https://www.screener.in/api/company/1275287/chart/?q=GPM-OPM-NPM-Quarter+Sales&days=10000",
    "attributes" : {
      "companyCode" : "VERTIS",
      "companyName" : "Vertis Infra.",
      "marketCap" : 16308.00,
      "peRatio" : 27.20,
      "description" : ""
    },
    "companyScore" : {
      "priceHigherThanDma50" : 5.00,
      "priceHigherThanDma100" : 0.00,
      "priceHigherThanDma200" : 5.00,
      "dma50HigherThanDma100" : 0.00,
      "dma50HigherThanDma200" : 5.00,
      "dma100HigherThanDma200" : 0.00,
      "pricePercentageAboveDma50" : 4.91,
      "pricePercentageAboveDma100" : 0.00,
      "pricePercentageAboveDma200" : 4.68,
      "weeklyVolumeHigherThanYearlyVolume" : 5.00,
      "salesGrowthPercentile" : 15.56,
      "operatingProfitMarginPercentile" : 1.54,
      "netProfitMarginPercentile" : 2.39,
      "totalTechnicalScore" : 29.59,
      "totalFundamentalScore" : 19.48,
      "totalScore" : 49.07
    }
  },
  "attributes" : {
    "companyCode" : "VERTIS",
    "companyName" : "Vertis Infra.",
    "marketCap" : 16308.00,
    "peRatio" : 27.20,
    "description" : ""
  },
  "technicalHistory" : [ {
    "date" : "2025-09-01",
    "price" : 98.29,
    "dma50" : 98.29,
    "dma100" : null,
    "dma200" : 98.29,
    "volume" : 500000.00
  }, {
    "date" : "2025-09-03",
    "price" : 103.00,
    "dma50" : 98.47,
    "dma100" : null,
    "dma200" : 98.34,
    "volume" : 25000.00
  }, {
    "date" : "2025-09-04",
    "price" : 101.50,
    "dma50" : 98.59,
    "dma100" : null,
    "dma200" : 98.37,
    "volume" : 4075000.00
  }, {
    "date" : "2025-09-05",
    "price" : 102.00,
    "dma50" : 98.73,
    "dma100" : null,
    "dma200" : 98.40,
    "volume" : 1325000.00
  }, {
    "date" : "2025-09-08",
    "price" : 102.12,
    "dma50" : 98.86,
    "dma100" : null,
    "dma200" : 98.44,
    "volume" : 125000.00
  }, {
    "date" : "2025-09-09",
    "price" : 102.50,
    "dma50" : 99.00,
    "dma100" : null,
    "dma200" : 98.48,
    "volume" : 225000.00
  }, {
    "date" : "2025-09-10",
    "price" : 102.00,
    "dma50" : 99.12,
    "dma100" : null,
    "dma200" : 98.52,
    "volume" : 850000.00
  }, {
    "date" : "2025-09-11",
    "price" : 102.71,
    "dma50" : 99.26,
    "dma100" : null,
    "dma200" : 98.56,
    "volume" : 6000000.00
  }, {
    "date" : "2025-09-12",
    "price" : 102.00,
    "dma50" : 99.37,
    "dma100" : null,
    "dma200" : 98.59,
    "volume" : 600000.00
  }, {
    "date" : "2025-09-15",
    "price" : 101.90,
    "dma50" : 99.47,
    "dma100" : null,
    "dma200" : 98.63,
    "volume" : 400000.00
  }, {
    "date" : "2025-09-16",
    "price" : 101.05,
    "dma50" : 99.53,
    "dma100" : null,
    "dma200" : 98.65,
    "volume" : 25000.00
  }, {
    "date" : "2025-09-17",
    "price" : 102.00,
    "dma50" : 99.63,
    "dma100" : null,
    "dma200" : 98.68,
    "volume" : 925000.00
  }, {
    "date" : "2025-09-18",
    "price" : 102.01,
    "dma50" : 99.72,
    "dma100" : null,
    "dma200" : 98.72,
    "volume" : 250000.00
  }, {
    "date" : "2025-09-19",
    "price" : 102.00,
    "dma50" : 99.81,
    "dma100" : null,
    "dma200" : 98.75,
    "volume" : 125000.00
  }, {
    "date" : "2025-09-22",
    "price" : 102.07,
    "dma50" : 99.90,
    "dma100" : null,
    "dma200" : 98.78,
    "volume" : 150000.00
  }, {
    "date" : "2025-09-23",
    "price" : 102.00,
    "dma50" : 99.98,
    "dma100" : null,
    "dma200" : 98.81,
    "volume" : 1675000.00
  }, {
    "date" : "2025-09-24",
    "price" : 102.00,
    "dma50" : 100.06,
    "dma100" : null,
    "dma200" : 98.85,
    "volume" : 1225000.00
  }, {
    "date" : "2025-09-25",
    "price" : 102.00,
    "dma50" : 100.14,
    "dma100" : null,
    "dma200" : 98.88,
    "volume" : 3975000.00
  }, {
    "date" : "2025-09-26",
    "price" : 102.00,
    "dma50" : 100.21,
    "dma100" : null,
    "dma200" : 98.91,
    "volume" : 200000.00
  }, {
    "date" : "2025-09-29",
    "price" : 102.50,
    "dma50" : 100.30,
    "dma100" : null,
    "dma200" : 98.94,
    "volume" : 175000.00
  }, {
    "date" : "2025-09-30",
    "price" : 102.00,
    "dma50" : 100.37,
    "dma100" : null,
    "dma200" : 98.97,
    "volume" : 175000.00
  }, {
    "date" : "2025-10-01",
    "price" : 102.00,
    "dma50" : 100.43,
    "dma100" : null,
    "dma200" : 99.00,
    "volume" : 200000.00
  }, {
    "date" : "2025-10-03",
    "price" : 103.00,
    "dma50" : 100.53,
    "dma100" : null,
    "dma200" : 99.04,
    "volume" : 575000.00
  }, {
    "date" : "2025-10-06",
    "price" : 103.00,
    "dma50" : 100.63,
    "dma100" : null,
    "dma200" : 99.08,
    "volume" : 25000.00
  }, {
    "date" : "2025-10-07",
    "price" : 103.00,
    "dma50" : 100.72,
    "dma100" : null,
    "dma200" : 99.12,
    "volume" : 25000.00
  }, {
    "date" : "2025-10-08",
    "price" : 103.50,
    "dma50" : 100.83,
    "dma100" : null,
    "dma200" : 99.17,
    "volume" : 75000.00
  }, {
    "date" : "2025-10-09",
    "price" : 103.50,
    "dma50" : 100.93,
    "dma100" : null,
    "dma200" : 99.21,
    "volume" : 50000.00
  }, {
    "date" : "2025-10-10",
    "price" : 103.50,
    "dma50" : 101.03,
    "dma100" : null,
    "dma200" : 99.25,
    "volume" : 50000.00
  }, {
    "date" : "2025-10-14",
    "price" : 104.00,
    "dma50" : 101.15,
    "dma100" : null,
    "dma200" : 99.30,
    "volume" : 50000.00
  }, {
    "date" : "2025-10-15",
    "price" : 104.50,
    "dma50" : 101.28,
    "dma100" : null,
    "dma200" : 99.35,
    "volume" : 150000.00
  }, {
    "date" : "2025-10-16",
    "price" : 104.50,
    "dma50" : 101.41,
    "dma100" : null,
    "dma200" : 99.40,
    "volume" : 150000.00
  }, {
    "date" : "2025-10-17",
    "price" : 105.50,
    "dma50" : 101.57,
    "dma100" : null,
    "dma200" : 99.46,
    "volume" : 75000.00
  }, {
    "date" : "2025-10-20",
    "price" : 106.00,
    "dma50" : 101.74,
    "dma100" : null,
    "dma200" : 99.53,
    "volume" : 150000.00
  }, {
    "date" : "2025-10-24",
    "price" : 106.00,
    "dma50" : 101.91,
    "dma100" : null,
    "dma200" : 99.59,
    "volume" : 100000.00
  }, {
    "date" : "2025-10-28",
    "price" : 107.00,
    "dma50" : 102.11,
    "dma100" : null,
    "dma200" : 99.67,
    "volume" : 25000.00
  }, {
    "date" : "2025-10-31",
    "price" : 106.00,
    "dma50" : 102.26,
    "dma100" : null,
    "dma200" : 99.73,
    "volume" : 50000.00
  }, {
    "date" : "2025-11-04",
    "price" : 108.00,
    "dma50" : 102.49,
    "dma100" : null,
    "dma200" : 99.81,
    "volume" : 25000.00
  }, {
    "date" : "2025-11-07",
    "price" : 109.00,
    "dma50" : 102.74,
    "dma100" : null,
    "dma200" : 99.90,
    "volume" : 25000.00
  }, {
    "date" : "2025-11-11",
    "price" : 109.00,
    "dma50" : 102.99,
    "dma100" : null,
    "dma200" : 99.99,
    "volume" : 25000.00
  }, {
    "date" : "2025-11-12",
    "price" : 108.50,
    "dma50" : 103.20,
    "dma100" : null,
    "dma200" : 100.08,
    "volume" : 25000.00
  }, {
    "date" : "2025-11-13",
    "price" : 108.90,
    "dma50" : 103.43,
    "dma100" : null,
    "dma200" : 100.17,
    "volume" : 100000.00
  }, {
    "date" : "2025-11-14",
    "price" : 109.00,
    "dma50" : 103.65,
    "dma100" : null,
    "dma200" : 100.25,
    "volume" : 75000.00
  }, {
    "date" : "2025-11-17",
    "price" : 109.50,
    "dma50" : 103.88,
    "dma100" : null,
    "dma200" : 100.35,
    "volume" : 150000.00
  }, {
    "date" : "2025-11-18",
    "price" : 109.00,
    "dma50" : 104.08,
    "dma100" : null,
    "dma200" : 100.43,
    "volume" : 25000.00
  }, {
    "date" : "2025-11-19",
    "price" : 110.00,
    "dma50" : 104.31,
    "dma100" : null,
    "dma200" : 100.53,
    "volume" : 175000.00
  }, {
    "date" : "2025-11-24",
    "price" : 110.00,
    "dma50" : 104.53,
    "dma100" : null,
    "dma200" : 100.62,
    "volume" : 50000.00
  }, {
    "date" : "2025-11-25",
    "price" : 107.12,
    "dma50" : 104.63,
    "dma100" : null,
    "dma200" : 100.69,
    "volume" : 825000.00
  }, {
    "date" : "2025-11-26",
    "price" : 109.00,
    "dma50" : 104.80,
    "dma100" : null,
    "dma200" : 100.77,
    "volume" : 150000.00
  }, {
    "date" : "2025-11-28",
    "price" : 109.10,
    "dma50" : 104.97,
    "dma100" : null,
    "dma200" : 100.85,
    "volume" : 50000.00
  }, {
    "date" : "2025-12-01",
    "price" : 109.00,
    "dma50" : 105.13,
    "dma100" : null,
    "dma200" : 100.93,
    "volume" : 100000.00
  }, {
    "date" : "2025-12-02",
    "price" : 109.00,
    "dma50" : 105.28,
    "dma100" : null,
    "dma200" : 101.01,
    "volume" : 425000.00
  }, {
    "date" : "2025-12-03",
    "price" : 109.00,
    "dma50" : 105.43,
    "dma100" : null,
    "dma200" : 101.09,
    "volume" : 400000.00
  }, {
    "date" : "2025-12-04",
    "price" : 110.10,
    "dma50" : 105.61,
    "dma100" : null,
    "dma200" : 101.18,
    "volume" : 175000.00
  }, {
    "date" : "2025-12-05",
    "price" : 109.00,
    "dma50" : 105.74,
    "dma100" : null,
    "dma200" : 101.26,
    "volume" : 100000.00
  }, {
    "date" : "2025-12-08",
    "price" : 108.50,
    "dma50" : 105.85,
    "dma100" : null,
    "dma200" : 101.33,
    "volume" : 3550000.00
  }, {
    "date" : "2025-12-09",
    "price" : 108.50,
    "dma50" : 105.96,
    "dma100" : null,
    "dma200" : 101.40,
    "volume" : 650000.00
  }, {
    "date" : "2025-12-10",
    "price" : 106.20,
    "dma50" : 105.97,
    "dma100" : null,
    "dma200" : 101.45,
    "volume" : 600000.00
  }, {
    "date" : "2025-12-11",
    "price" : 108.00,
    "dma50" : 106.05,
    "dma100" : null,
    "dma200" : 101.52,
    "volume" : 75000.00
  } ],
  "latestTechnicalAttributes" : {
    "date" : "2025-12-11",
    "price" : 108.00,
    "dma50" : 106.05,
    "dma100" : null,
    "dma200" : 101.52,
    "volume" : 75000.00
  },
  "quarterlyResults" : [ {
    "date" : "2022-09-30",
    "sales" : 15.78,
    "salesGrowthYoY" : null,
    "grossProfitMargin" : 100.00,
    "grossProfit" : 15.78,
    "operatingProfitMargin" : 60.46,
    "operatingProfit" : 9.54,
    "netProfitMargin" : 60.77,
    "netProfit" : 9.59
  }, {
    "date" : "2022-12-31",
    "sales" : 174.06,
    "salesGrowthYoY" : null,
    "grossProfitMargin" : 100.00,
    "grossProfit" : 174.06,
    "operatingProfitMargin" : 97.24,
    "operatingProfit" : 169.26,
    "netProfitMargin" : 82.41,
    "netProfit" : 143.44
  }, {
    "date" : "2023-03-31",
    "sales" : 306.63,
    "salesGrowthYoY" : null,
    "grossProfitMargin" : 100.00,
    "grossProfit" : 306.63,
    "operatingProfitMargin" : 94.84,
    "operatingProfit" : 290.81,
    "netProfitMargin" : 76.86,
    "netProfit" : 235.68
  }, {
    "date" : "2023-06-30",
    "sales" : 91.77,
    "salesGrowthYoY" : null,
    "grossProfitMargin" : 100.00,
    "grossProfit" : 91.77,
    "operatingProfitMargin" : 87.40,
    "operatingProfit" : 80.21,
    "netProfitMargin" : 57.40,
    "netProfit" : 52.68
  }, {
    "date" : "2023-09-30",
    "sales" : 108.55,
    "salesGrowthYoY" : 587.90,
    "grossProfitMargin" : 100.00,
    "grossProfit" : 108.55,
    "operatingProfitMargin" : 90.35,
    "operatingProfit" : 98.07,
    "netProfitMargin" : 63.45,
    "netProfit" : 68.87
  }, {
    "date" : "2023-12-31",
    "sales" : 119.65,
    "salesGrowthYoY" : -31.26,
    "grossProfitMargin" : 100.00,
    "grossProfit" : 119.65,
    "operatingProfitMargin" : 95.60,
    "operatingProfit" : 114.39,
    "netProfitMargin" : 61.96,
    "netProfit" : 74.14
  }, {
    "date" : "2024-03-31",
    "sales" : 186.42,
    "salesGrowthYoY" : -39.20,
    "grossProfitMargin" : 100.00,
    "grossProfit" : 186.42,
    "operatingProfitMargin" : 86.98,
    "operatingProfit" : 162.15,
    "netProfitMargin" : 49.36,
    "netProfit" : 92.02
  }, {
    "date" : "2024-06-30",
    "sales" : 846.11,
    "salesGrowthYoY" : 821.99,
    "grossProfitMargin" : 100.00,
    "grossProfit" : 846.11,
    "operatingProfitMargin" : 99.36,
    "operatingProfit" : 840.69,
    "netProfitMargin" : 90.93,
    "netProfit" : 769.37
  }, {
    "date" : "2024-09-30",
    "sales" : 194.95,
    "salesGrowthYoY" : 79.59,
    "grossProfitMargin" : 100.00,
    "grossProfit" : 194.95,
    "operatingProfitMargin" : 97.53,
    "operatingProfit" : 190.13,
    "netProfitMargin" : 60.57,
    "netProfit" : 118.08
  }, {
    "date" : "2024-12-31",
    "sales" : 281.54,
    "salesGrowthYoY" : 135.30,
    "grossProfitMargin" : 100.00,
    "grossProfit" : 281.54,
    "operatingProfitMargin" : 97.74,
    "operatingProfit" : 275.18,
    "netProfitMargin" : 75.57,
    "netProfit" : 212.76
  }, {
    "date" : "2025-03-31",
    "sales" : 377.17,
    "salesGrowthYoY" : 102.32,
    "grossProfitMargin" : 100.00,
    "grossProfit" : 377.17,
    "operatingProfitMargin" : 97.53,
    "operatingProfit" : 367.85,
    "netProfitMargin" : 75.59,
    "netProfit" : 285.10
  }, {
    "date" : "2025-06-30",
    "sales" : 553.07,
    "salesGrowthYoY" : -34.63,
    "grossProfitMargin" : 100.00,
    "grossProfit" : 553.07,
    "operatingProfitMargin" : 95.81,
    "operatingProfit" : 529.90,
    "netProfitMargin" : 73.39,
    "netProfit" : 405.90
  }, {
    "date" : "2025-09-30",
    "sales" : 596.17,
    "salesGrowthYoY" : 205.81,
    "grossProfitMargin" : 100.00,
    "grossProfit" : 596.17,
    "operatingProfitMargin" : 58.25,
    "operatingProfit" : 347.27,
    "netProfitMargin" : 59.29,
    "netProfit" : 353.47
  } ],
  "latestQuarterlyResult" : {
    "date" : "2025-09-30",
    "sales" : 596.17,
    "salesGrowthYoY" : 205.81,
    "grossProfitMargin" : 100.00,
    "grossProfit" : 596.17,
    "operatingProfitMargin" : 58.25,
    "operatingProfit" : 347.27,
    "netProfitMargin" : 59.29,
    "netProfit" : 353.47
  },
  "companyScore" : {
    "priceHigherThanDma50" : 5.00,
    "priceHigherThanDma100" : 0.00,
    "priceHigherThanDma200" : 5.00,
    "dma50HigherThanDma100" : 0.00,
    "dma50HigherThanDma200" : 5.00,
    "dma100HigherThanDma200" : 0.00,
    "pricePercentageAboveDma50" : 4.91,
    "pricePercentageAboveDma100" : 0.00,
    "pricePercentageAboveDma200" : 4.68,
    "weeklyVolumeHigherThanYearlyVolume" : 5.00,
    "salesGrowthPercentile" : 15.56,
    "operatingProfitMarginPercentile" : 1.54,
    "netProfitMarginPercentile" : 2.39,
    "totalTechnicalScore" : 29.59,
    "totalFundamentalScore" : 19.48,
    "totalScore" : 49.07
  }
}