{
  "metadata" : {
    "screenerCompanyId" : "3738",
    "companyCode" : "WELCORP",
    "companyName" : "Welspun Corp",
    "screenerCompanyLink" : "https://www.screener.in/company/WELCORP/consolidated/",
    "screenerTechnicalHistoryLink" : "https://www.screener.in/api/company/3738/chart/?q=Price-DMA50-DMA200-Volume&days=365",
    "screenerQuarterlyResultsLink" : "https://www.screener.in/api/company/3738/chart/?q=GPM-OPM-NPM-Quarter+Sales&days=10000",
    "attributes" : {
      "companyCode" : "WELCORP",
      "companyName" : "Welspun Corp",
      "marketCap" : 21271.00,
      "peRatio" : 12.00,
      "description" : "WCL is one of the largest manufacturers of large diameter pipes globally. The company also manufactures BIS-certified Steel Billets, TMT (Thermo-Mechanically Treated) Rebars, Ductile Iron (DI) Pipes, Stainless Steel Pipes, and Tubes & Bars. The company acquired Sintex-BAPL, a market leader in water tanks and other plastic products, to expand its building materials portfolio. It has also made strategic acquisition of specified assets of ABG Shipyard. [1]"
    },
    "companyScore" : {
      "priceHigherThanDma50" : 0.00,
      "priceHigherThanDma100" : 0.00,
      "priceHigherThanDma200" : 0.00,
      "dma50HigherThanDma100" : 0.00,
      "dma50HigherThanDma200" : 0.00,
      "dma100HigherThanDma200" : 5.00,
      "pricePercentageAboveDma50" : 5.18,
      "pricePercentageAboveDma100" : 5.31,
      "pricePercentageAboveDma200" : 5.19,
      "weeklyVolumeHigherThanYearlyVolume" : 0.00,
      "salesGrowthPercentile" : 6.58,
      "operatingProfitMarginPercentile" : 15.92,
      "netProfitMarginPercentile" : 9.40,
      "totalTechnicalScore" : 20.67,
      "totalFundamentalScore" : 31.90,
      "totalScore" : 52.57
    }
  },
  "attributes" : {
    "companyCode" : "WELCORP",
    "companyName" : "Welspun Corp",
    "marketCap" : 21271.00,
    "peRatio" : 12.00,
    "description" : "WCL is one of the largest manufacturers of large diameter pipes globally. The company also manufactures BIS-certified Steel Billets, TMT (Thermo-Mechanically Treated) Rebars, Ductile Iron (DI) Pipes, Stainless Steel Pipes, and Tubes & Bars. The company acquired Sintex-BAPL, a market leader in water tanks and other plastic products, to expand its building materials portfolio. It has also made strategic acquisition of specified assets of ABG Shipyard. [1]"
  },
  "technicalHistory" : [ {
    "date" : "2025-01-06",
    "price" : 774.20,
    "dma50" : 767.97,
    "dma100" : null,
    "dma200" : 668.89,
    "volume" : 573979.00
  }, {
    "date" : "2025-01-07",
    "price" : 797.20,
    "dma50" : 769.11,
    "dma100" : null,
    "dma200" : 670.17,
    "volume" : 329644.00
  }, {
    "date" : "2025-01-08",
    "price" : 789.80,
    "dma50" : 769.93,
    "dma100" : null,
    "dma200" : 671.36,
    "volume" : 494805.00
  }, {
    "date" : "2025-01-09",
    "price" : 774.35,
    "dma50" : 770.10,
    "dma100" : null,
    "dma200" : 672.38,
    "volume" : 404670.00
  }, {
    "date" : "2025-01-10",
    "price" : 755.50,
    "dma50" : 769.53,
    "dma100" : null,
    "dma200" : 673.21,
    "volume" : 510446.00
  }, {
    "date" : "2025-01-13",
    "price" : 720.00,
    "dma50" : 767.58,
    "dma100" : null,
    "dma200" : 673.68,
    "volume" : 641566.00
  }, {
    "date" : "2025-01-14",
    "price" : 731.15,
    "dma50" : 766.16,
    "dma100" : null,
    "dma200" : 674.25,
    "volume" : 436269.00
  }, {
    "date" : "2025-01-15",
    "price" : 760.40,
    "dma50" : 765.93,
    "dma100" : null,
    "dma200" : 675.10,
    "volume" : 2004343.00
  }, {
    "date" : "2025-01-16",
    "price" : 766.70,
    "dma50" : 765.96,
    "dma100" : null,
    "dma200" : 676.02,
    "volume" : 352777.00
  }, {
    "date" : "2025-01-17",
    "price" : 779.65,
    "dma50" : 766.50,
    "dma100" : null,
    "dma200" : 677.05,
    "volume" : 286576.00
  }, {
    "date" : "2025-01-20",
    "price" : 798.45,
    "dma50" : 767.75,
    "dma100" : null,
    "dma200" : 678.25,
    "volume" : 585132.00
  }, {
    "date" : "2025-01-21",
    "price" : 792.65,
    "dma50" : 768.73,
    "dma100" : null,
    "dma200" : 679.39,
    "volume" : 1066155.00
  }, {
    "date" : "2025-01-22",
    "price" : 779.75,
    "dma50" : 769.16,
    "dma100" : null,
    "dma200" : 680.39,
    "volume" : 409315.00
  }, {
    "date" : "2025-01-23",
    "price" : 802.85,
    "dma50" : 770.48,
    "dma100" : null,
    "dma200" : 681.61,
    "volume" : 336604.00
  }, {
    "date" : "2025-01-24",
    "price" : 789.05,
    "dma50" : 771.21,
    "dma100" : null,
    "dma200" : 682.68,
    "volume" : 291494.00
  }, {
    "date" : "2025-01-27",
    "price" : 740.65,
    "dma50" : 770.01,
    "dma100" : null,
    "dma200" : 683.26,
    "volume" : 893615.00
  }, {
    "date" : "2025-01-28",
    "price" : 717.70,
    "dma50" : 767.96,
    "dma100" : null,
    "dma200" : 683.60,
    "volume" : 952042.00
  }, {
    "date" : "2025-01-29",
    "price" : 742.95,
    "dma50" : 766.98,
    "dma100" : null,
    "dma200" : 684.19,
    "volume" : 302854.00
  }, {
    "date" : "2025-01-30",
    "price" : 721.75,
    "dma50" : 765.20,
    "dma100" : null,
    "dma200" : 684.56,
    "volume" : 213853.00
  }, {
    "date" : "2025-01-31",
    "price" : 742.00,
    "dma50" : 764.29,
    "dma100" : null,
    "dma200" : 685.13,
    "volume" : 172979.00
  }, {
    "date" : "2025-02-01",
    "price" : 735.15,
    "dma50" : 763.15,
    "dma100" : null,
    "dma200" : 685.63,
    "volume" : 263315.00
  }, {
    "date" : "2025-02-03",
    "price" : 715.50,
    "dma50" : 761.28,
    "dma100" : null,
    "dma200" : 685.93,
    "volume" : 356888.00
  }, {
    "date" : "2025-02-04",
    "price" : 720.35,
    "dma50" : 759.68,
    "dma100" : null,
    "dma200" : 686.27,
    "volume" : 288845.00
  }, {
    "date" : "2025-02-05",
    "price" : 732.40,
    "dma50" : 758.61,
    "dma100" : null,
    "dma200" : 686.73,
    "volume" : 234201.00
  }, {
    "date" : "2025-02-06",
    "price" : 748.30,
    "dma50" : 758.20,
    "dma100" : null,
    "dma200" : 687.34,
    "volume" : 894840.00
  }, {
    "date" : "2025-02-07",
    "price" : 801.75,
    "dma50" : 759.91,
    "dma100" : null,
    "dma200" : 688.48,
    "volume" : 2808902.00
  }, {
    "date" : "2025-02-10",
    "price" : 777.15,
    "dma50" : 760.59,
    "dma100" : null,
    "dma200" : 689.36,
    "volume" : 841609.00
  }, {
    "date" : "2025-02-11",
    "price" : 778.40,
    "dma50" : 761.29,
    "dma100" : null,
    "dma200" : 690.25,
    "volume" : 1627750.00
  }, {
    "date" : "2025-02-12",
    "price" : 777.55,
    "dma50" : 761.92,
    "dma100" : null,
    "dma200" : 691.12,
    "volume" : 754515.00
  }, {
    "date" : "2025-02-13",
    "price" : 793.25,
    "dma50" : 763.15,
    "dma100" : null,
    "dma200" : 692.14,
    "volume" : 717129.00
  }, {
    "date" : "2025-02-14",
    "price" : 737.50,
    "dma50" : 762.15,
    "dma100" : null,
    "dma200" : 692.59,
    "volume" : 569405.00
  }, {
    "date" : "2025-02-17",
    "price" : 734.75,
    "dma50" : 761.07,
    "dma100" : null,
    "dma200" : 693.01,
    "volume" : 845411.00
  }, {
    "date" : "2025-02-18",
    "price" : 709.80,
    "dma50" : 759.06,
    "dma100" : null,
    "dma200" : 693.17,
    "volume" : 528013.00
  }, {
    "date" : "2025-02-19",
    "price" : 726.90,
    "dma50" : 757.80,
    "dma100" : null,
    "dma200" : 693.51,
    "volume" : 465578.00
  }, {
    "date" : "2025-02-20",
    "price" : 769.05,
    "dma50" : 758.24,
    "dma100" : null,
    "dma200" : 694.26,
    "volume" : 978889.00
  }, {
    "date" : "2025-02-21",
    "price" : 778.40,
    "dma50" : 759.03,
    "dma100" : null,
    "dma200" : 695.10,
    "volume" : 805762.00
  }, {
    "date" : "2025-02-24",
    "price" : 765.75,
    "dma50" : 759.30,
    "dma100" : null,
    "dma200" : 695.80,
    "volume" : 395287.00
  }, {
    "date" : "2025-02-25",
    "price" : 762.35,
    "dma50" : 759.41,
    "dma100" : null,
    "dma200" : 696.46,
    "volume" : 342684.00
  }, {
    "date" : "2025-02-27",
    "price" : 757.40,
    "dma50" : 759.34,
    "dma100" : null,
    "dma200" : 697.07,
    "volume" : 379432.00
  }, {
    "date" : "2025-02-28",
    "price" : 736.90,
    "dma50" : 758.46,
    "dma100" : null,
    "dma200" : 697.47,
    "volume" : 915936.00
  }, {
    "date" : "2025-03-03",
    "price" : 697.95,
    "dma50" : 756.08,
    "dma100" : null,
    "dma200" : 697.47,
    "volume" : 2370382.00
  }, {
    "date" : "2025-03-04",
    "price" : 708.65,
    "dma50" : 754.22,
    "dma100" : null,
    "dma200" : 697.58,
    "volume" : 1180233.00
  }, {
    "date" : "2025-03-05",
    "price" : 757.85,
    "dma50" : 754.37,
    "dma100" : null,
    "dma200" : 698.18,
    "volume" : 776290.00
  }, {
    "date" : "2025-03-06",
    "price" : 783.45,
    "dma50" : 755.51,
    "dma100" : null,
    "dma200" : 699.03,
    "volume" : 880733.00
  }, {
    "date" : "2025-03-07",
    "price" : 795.25,
    "dma50" : 757.06,
    "dma100" : null,
    "dma200" : 699.99,
    "volume" : 717425.00
  }, {
    "date" : "2025-03-10",
    "price" : 793.15,
    "dma50" : 758.48,
    "dma100" : null,
    "dma200" : 700.91,
    "volume" : 540781.00
  }, {
    "date" : "2025-03-11",
    "price" : 816.40,
    "dma50" : 760.75,
    "dma100" : null,
    "dma200" : 702.06,
    "volume" : 1074247.00
  }, {
    "date" : "2025-03-12",
    "price" : 820.40,
    "dma50" : 763.09,
    "dma100" : null,
    "dma200" : 703.24,
    "volume" : 1331333.00
  }, {
    "date" : "2025-03-13",
    "price" : 810.10,
    "dma50" : 764.93,
    "dma100" : null,
    "dma200" : 704.30,
    "volume" : 725616.00
  }, {
    "date" : "2025-03-17",
    "price" : 808.15,
    "dma50" : 766.63,
    "dma100" : null,
    "dma200" : 705.34,
    "volume" : 1065600.00
  }, {
    "date" : "2025-03-18",
    "price" : 809.25,
    "dma50" : 768.30,
    "dma100" : null,
    "dma200" : 706.37,
    "volume" : 537407.00
  }, {
    "date" : "2025-03-19",
    "price" : 809.80,
    "dma50" : 769.93,
    "dma100" : null,
    "dma200" : 707.40,
    "volume" : 1058055.00
  }, {
    "date" : "2025-03-20",
    "price" : 872.10,
    "dma50" : 773.93,
    "dma100" : null,
    "dma200" : 709.04,
    "volume" : 4967636.00
  }, {
    "date" : "2025-03-21",
    "price" : 879.40,
    "dma50" : 778.07,
    "dma100" : null,
    "dma200" : 710.73,
    "volume" : 1690563.00
  }, {
    "date" : "2025-03-24",
    "price" : 868.20,
    "dma50" : 781.60,
    "dma100" : null,
    "dma200" : 712.30,
    "volume" : 911023.00
  }, {
    "date" : "2025-03-25",
    "price" : 829.20,
    "dma50" : 783.47,
    "dma100" : null,
    "dma200" : 713.46,
    "volume" : 956908.00
  }, {
    "date" : "2025-03-26",
    "price" : 826.90,
    "dma50" : 785.17,
    "dma100" : null,
    "dma200" : 714.59,
    "volume" : 649027.00
  }, {
    "date" : "2025-03-27",
    "price" : 871.90,
    "dma50" : 788.58,
    "dma100" : null,
    "dma200" : 716.16,
    "volume" : 1703735.00
  }, {
    "date" : "2025-03-28",
    "price" : 869.80,
    "dma50" : 791.76,
    "dma100" : null,
    "dma200" : 717.69,
    "volume" : 607446.00
  }, {
    "date" : "2025-04-01",
    "price" : 848.20,
    "dma50" : 793.97,
    "dma100" : null,
    "dma200" : 718.99,
    "volume" : 543316.00
  }, {
    "date" : "2025-04-02",
    "price" : 849.35,
    "dma50" : 796.15,
    "dma100" : null,
    "dma200" : 720.28,
    "volume" : 419307.00
  }, {
    "date" : "2025-04-03",
    "price" : 858.60,
    "dma50" : 798.59,
    "dma100" : null,
    "dma200" : 721.66,
    "volume" : 467115.00
  }, {
    "date" : "2025-04-04",
    "price" : 808.40,
    "dma50" : 798.98,
    "dma100" : null,
    "dma200" : 722.52,
    "volume" : 1249373.00
  }, {
    "date" : "2025-04-07",
    "price" : 792.70,
    "dma50" : 798.73,
    "dma100" : null,
    "dma200" : 723.22,
    "volume" : 1172467.00
  }, {
    "date" : "2025-04-08",
    "price" : 768.75,
    "dma50" : 797.56,
    "dma100" : null,
    "dma200" : 723.67,
    "volume" : 1634895.00
  }, {
    "date" : "2025-04-09",
    "price" : 751.05,
    "dma50" : 795.73,
    "dma100" : null,
    "dma200" : 723.95,
    "volume" : 810569.00
  }, {
    "date" : "2025-04-11",
    "price" : 758.50,
    "dma50" : 794.27,
    "dma100" : null,
    "dma200" : 724.29,
    "volume" : 672133.00
  }, {
    "date" : "2025-04-15",
    "price" : 776.90,
    "dma50" : 793.59,
    "dma100" : null,
    "dma200" : 724.81,
    "volume" : 793469.00
  }, {
    "date" : "2025-04-16",
    "price" : 797.20,
    "dma50" : 793.73,
    "dma100" : null,
    "dma200" : 725.53,
    "volume" : 466617.00
  }, {
    "date" : "2025-04-17",
    "price" : 779.15,
    "dma50" : 793.16,
    "dma100" : null,
    "dma200" : 726.07,
    "volume" : 636562.00
  }, {
    "date" : "2025-04-21",
    "price" : 786.75,
    "dma50" : 792.91,
    "dma100" : null,
    "dma200" : 726.67,
    "volume" : 302286.00
  }, {
    "date" : "2025-04-22",
    "price" : 777.60,
    "dma50" : 792.31,
    "dma100" : null,
    "dma200" : 727.18,
    "volume" : 340922.00
  }, {
    "date" : "2025-04-23",
    "price" : 768.90,
    "dma50" : 791.39,
    "dma100" : null,
    "dma200" : 727.59,
    "volume" : 583281.00
  }, {
    "date" : "2025-04-24",
    "price" : 785.95,
    "dma50" : 791.18,
    "dma100" : null,
    "dma200" : 728.17,
    "volume" : 882448.00
  }, {
    "date" : "2025-04-25",
    "price" : 756.80,
    "dma50" : 789.83,
    "dma100" : null,
    "dma200" : 728.46,
    "volume" : 667818.00
  }, {
    "date" : "2025-04-28",
    "price" : 778.60,
    "dma50" : 789.39,
    "dma100" : null,
    "dma200" : 728.96,
    "volume" : 805585.00
  }, {
    "date" : "2025-04-29",
    "price" : 770.45,
    "dma50" : 788.65,
    "dma100" : null,
    "dma200" : 729.37,
    "volume" : 321364.00
  }, {
    "date" : "2025-04-30",
    "price" : 767.50,
    "dma50" : 787.82,
    "dma100" : null,
    "dma200" : 729.75,
    "volume" : 686135.00
  }, {
    "date" : "2025-05-02",
    "price" : 764.20,
    "dma50" : 786.89,
    "dma100" : null,
    "dma200" : 730.09,
    "volume" : 315723.00
  }, {
    "date" : "2025-05-05",
    "price" : 767.25,
    "dma50" : 786.12,
    "dma100" : null,
    "dma200" : 730.46,
    "volume" : 237979.00
  }, {
    "date" : "2025-05-06",
    "price" : 758.50,
    "dma50" : 785.04,
    "dma100" : null,
    "dma200" : 730.74,
    "volume" : 363327.00
  }, {
    "date" : "2025-05-07",
    "price" : 760.45,
    "dma50" : 784.07,
    "dma100" : null,
    "dma200" : 731.04,
    "volume" : 330586.00
  }, {
    "date" : "2025-05-08",
    "price" : 748.90,
    "dma50" : 782.69,
    "dma100" : null,
    "dma200" : 731.21,
    "volume" : 261088.00
  }, {
    "date" : "2025-05-09",
    "price" : 727.00,
    "dma50" : 780.51,
    "dma100" : null,
    "dma200" : 731.17,
    "volume" : 341368.00
  }, {
    "date" : "2025-05-12",
    "price" : 760.30,
    "dma50" : 779.72,
    "dma100" : null,
    "dma200" : 731.46,
    "volume" : 454791.00
  }, {
    "date" : "2025-05-13",
    "price" : 767.05,
    "dma50" : 779.22,
    "dma100" : null,
    "dma200" : 731.82,
    "volume" : 477177.00
  }, {
    "date" : "2025-05-14",
    "price" : 773.40,
    "dma50" : 778.99,
    "dma100" : null,
    "dma200" : 732.23,
    "volume" : 377836.00
  }, {
    "date" : "2025-05-15",
    "price" : 786.55,
    "dma50" : 779.29,
    "dma100" : null,
    "dma200" : 732.77,
    "volume" : 422928.00
  }, {
    "date" : "2025-05-16",
    "price" : 781.90,
    "dma50" : 779.39,
    "dma100" : null,
    "dma200" : 733.26,
    "volume" : 318954.00
  }, {
    "date" : "2025-05-19",
    "price" : 788.75,
    "dma50" : 779.76,
    "dma100" : null,
    "dma200" : 733.81,
    "volume" : 311423.00
  }, {
    "date" : "2025-05-20",
    "price" : 775.45,
    "dma50" : 779.59,
    "dma100" : null,
    "dma200" : 734.23,
    "volume" : 227032.00
  }, {
    "date" : "2025-05-21",
    "price" : 773.50,
    "dma50" : 779.35,
    "dma100" : null,
    "dma200" : 734.62,
    "volume" : 249047.00
  }, {
    "date" : "2025-05-22",
    "price" : 766.75,
    "dma50" : 778.86,
    "dma100" : null,
    "dma200" : 734.94,
    "volume" : 258018.00
  }, {
    "date" : "2025-05-23",
    "price" : 762.05,
    "dma50" : 778.20,
    "dma100" : null,
    "dma200" : 735.21,
    "volume" : 285897.00
  }, {
    "date" : "2025-05-26",
    "price" : 776.45,
    "dma50" : 778.13,
    "dma100" : null,
    "dma200" : 735.62,
    "volume" : 455113.00
  }, {
    "date" : "2025-05-27",
    "price" : 783.50,
    "dma50" : 778.34,
    "dma100" : null,
    "dma200" : 736.09,
    "volume" : 671192.00
  }, {
    "date" : "2025-05-28",
    "price" : 813.65,
    "dma50" : 779.72,
    "dma100" : null,
    "dma200" : 736.86,
    "volume" : 1736776.00
  }, {
    "date" : "2025-05-29",
    "price" : 895.00,
    "dma50" : 784.24,
    "dma100" : null,
    "dma200" : 738.44,
    "volume" : 20674179.00
  }, {
    "date" : "2025-05-30",
    "price" : 935.55,
    "dma50" : 790.18,
    "dma100" : null,
    "dma200" : 740.40,
    "volume" : 6103553.00
  }, {
    "date" : "2025-06-02",
    "price" : 933.95,
    "dma50" : 795.82,
    "dma100" : null,
    "dma200" : 742.33,
    "volume" : 2300703.00
  }, {
    "date" : "2025-06-03",
    "price" : 920.60,
    "dma50" : 800.71,
    "dma100" : 782.91,
    "dma200" : 744.10,
    "volume" : 1723149.00
  }, {
    "date" : "2025-06-04",
    "price" : 911.45,
    "dma50" : 805.05,
    "dma100" : 784.05,
    "dma200" : 745.76,
    "volume" : 983091.00
  }, {
    "date" : "2025-06-05",
    "price" : 962.35,
    "dma50" : 811.22,
    "dma100" : 785.78,
    "dma200" : 747.92,
    "volume" : 5255047.00
  }, {
    "date" : "2025-06-06",
    "price" : 966.30,
    "dma50" : 817.30,
    "dma100" : 787.70,
    "dma200" : 750.09,
    "volume" : 2298343.00
  }, {
    "date" : "2025-06-09",
    "price" : 955.25,
    "dma50" : 822.71,
    "dma100" : 789.70,
    "dma200" : 752.13,
    "volume" : 601558.00
  }, {
    "date" : "2025-06-10",
    "price" : 965.90,
    "dma50" : 828.33,
    "dma100" : 792.15,
    "dma200" : 754.26,
    "volume" : 2181856.00
  }, {
    "date" : "2025-06-11",
    "price" : 954.80,
    "dma50" : 833.29,
    "dma100" : 794.39,
    "dma200" : 756.26,
    "volume" : 730816.00
  }, {
    "date" : "2025-06-12",
    "price" : 924.50,
    "dma50" : 836.86,
    "dma100" : 796.03,
    "dma200" : 757.93,
    "volume" : 880737.00
  }, {
    "date" : "2025-06-13",
    "price" : 905.50,
    "dma50" : 839.56,
    "dma100" : 797.42,
    "dma200" : 759.40,
    "volume" : 937349.00
  }, {
    "date" : "2025-06-16",
    "price" : 914.75,
    "dma50" : 842.50,
    "dma100" : 798.77,
    "dma200" : 760.94,
    "volume" : 1236597.00
  }, {
    "date" : "2025-06-17",
    "price" : 913.60,
    "dma50" : 845.29,
    "dma100" : 799.92,
    "dma200" : 762.46,
    "volume" : 733534.00
  }, {
    "date" : "2025-06-18",
    "price" : 913.95,
    "dma50" : 847.99,
    "dma100" : 801.14,
    "dma200" : 763.97,
    "volume" : 666669.00
  }, {
    "date" : "2025-06-19",
    "price" : 886.85,
    "dma50" : 849.51,
    "dma100" : 802.21,
    "dma200" : 765.19,
    "volume" : 486617.00
  }, {
    "date" : "2025-06-20",
    "price" : 915.10,
    "dma50" : 852.08,
    "dma100" : 803.33,
    "dma200" : 766.68,
    "volume" : 911136.00
  }, {
    "date" : "2025-06-23",
    "price" : 886.00,
    "dma50" : 853.41,
    "dma100" : 804.30,
    "dma200" : 767.87,
    "volume" : 816314.00
  }, {
    "date" : "2025-06-24",
    "price" : 912.70,
    "dma50" : 855.74,
    "dma100" : 806.02,
    "dma200" : 769.31,
    "volume" : 1323398.00
  }, {
    "date" : "2025-06-25",
    "price" : 936.75,
    "dma50" : 858.91,
    "dma100" : 808.21,
    "dma200" : 770.98,
    "volume" : 1289951.00
  }, {
    "date" : "2025-06-26",
    "price" : 937.75,
    "dma50" : 862.01,
    "dma100" : 810.16,
    "dma200" : 772.64,
    "volume" : 412251.00
  }, {
    "date" : "2025-06-27",
    "price" : 940.40,
    "dma50" : 865.08,
    "dma100" : 812.34,
    "dma200" : 774.31,
    "volume" : 706213.00
  }, {
    "date" : "2025-06-30",
    "price" : 924.50,
    "dma50" : 867.41,
    "dma100" : 814.17,
    "dma200" : 775.80,
    "volume" : 596027.00
  }, {
    "date" : "2025-07-01",
    "price" : 911.65,
    "dma50" : 869.14,
    "dma100" : 815.93,
    "dma200" : 777.15,
    "volume" : 825866.00
  }, {
    "date" : "2025-07-02",
    "price" : 937.90,
    "dma50" : 871.84,
    "dma100" : 818.16,
    "dma200" : 778.75,
    "volume" : 3660987.00
  }, {
    "date" : "2025-07-03",
    "price" : 922.50,
    "dma50" : 873.83,
    "dma100" : 820.18,
    "dma200" : 780.18,
    "volume" : 590893.00
  }, {
    "date" : "2025-07-04",
    "price" : 931.25,
    "dma50" : 876.08,
    "dma100" : 822.17,
    "dma200" : 781.69,
    "volume" : 375367.00
  }, {
    "date" : "2025-07-07",
    "price" : 922.35,
    "dma50" : 877.89,
    "dma100" : 823.91,
    "dma200" : 783.09,
    "volume" : 368883.00
  }, {
    "date" : "2025-07-08",
    "price" : 914.90,
    "dma50" : 879.35,
    "dma100" : 825.04,
    "dma200" : 784.40,
    "volume" : 393083.00
  }, {
    "date" : "2025-07-09",
    "price" : 936.15,
    "dma50" : 881.57,
    "dma100" : 826.63,
    "dma200" : 785.91,
    "volume" : 647086.00
  }, {
    "date" : "2025-07-10",
    "price" : 933.85,
    "dma50" : 883.62,
    "dma100" : 828.19,
    "dma200" : 787.38,
    "volume" : 331589.00
  }, {
    "date" : "2025-07-11",
    "price" : 910.95,
    "dma50" : 884.69,
    "dma100" : 829.52,
    "dma200" : 788.61,
    "volume" : 501198.00
  }, {
    "date" : "2025-07-14",
    "price" : 921.10,
    "dma50" : 886.12,
    "dma100" : 830.80,
    "dma200" : 789.93,
    "volume" : 506449.00
  }, {
    "date" : "2025-07-15",
    "price" : 905.90,
    "dma50" : 886.90,
    "dma100" : 832.48,
    "dma200" : 791.08,
    "volume" : 696410.00
  }, {
    "date" : "2025-07-16",
    "price" : 908.40,
    "dma50" : 887.74,
    "dma100" : 834.22,
    "dma200" : 792.25,
    "volume" : 326320.00
  }, {
    "date" : "2025-07-17",
    "price" : 931.90,
    "dma50" : 889.47,
    "dma100" : 836.44,
    "dma200" : 793.64,
    "volume" : 1225599.00
  }, {
    "date" : "2025-07-18",
    "price" : 923.50,
    "dma50" : 890.81,
    "dma100" : 838.41,
    "dma200" : 794.93,
    "volume" : 306453.00
  }, {
    "date" : "2025-07-21",
    "price" : 931.75,
    "dma50" : 892.41,
    "dma100" : 840.03,
    "dma200" : 796.29,
    "volume" : 274111.00
  }, {
    "date" : "2025-07-22",
    "price" : 915.05,
    "dma50" : 893.30,
    "dma100" : 841.40,
    "dma200" : 797.47,
    "volume" : 338489.00
  }, {
    "date" : "2025-07-23",
    "price" : 918.65,
    "dma50" : 894.29,
    "dma100" : 842.93,
    "dma200" : 798.68,
    "volume" : 267061.00
  }, {
    "date" : "2025-07-24",
    "price" : 897.50,
    "dma50" : 894.42,
    "dma100" : 844.28,
    "dma200" : 799.66,
    "volume" : 623321.00
  }, {
    "date" : "2025-07-25",
    "price" : 886.90,
    "dma50" : 894.13,
    "dma100" : 845.57,
    "dma200" : 800.53,
    "volume" : 675101.00
  }, {
    "date" : "2025-07-28",
    "price" : 863.00,
    "dma50" : 892.90,
    "dma100" : 846.84,
    "dma200" : 801.15,
    "volume" : 690041.00
  }, {
    "date" : "2025-07-29",
    "price" : 924.55,
    "dma50" : 894.15,
    "dma100" : 849.10,
    "dma200" : 802.38,
    "volume" : 2354379.00
  }, {
    "date" : "2025-07-30",
    "price" : 941.60,
    "dma50" : 896.01,
    "dma100" : 851.43,
    "dma200" : 803.77,
    "volume" : 2156265.00
  }, {
    "date" : "2025-07-31",
    "price" : 930.90,
    "dma50" : 897.38,
    "dma100" : 853.16,
    "dma200" : 805.03,
    "volume" : 695174.00
  }, {
    "date" : "2025-08-01",
    "price" : 897.50,
    "dma50" : 897.38,
    "dma100" : 854.30,
    "dma200" : 805.95,
    "volume" : 475838.00
  }, {
    "date" : "2025-08-04",
    "price" : 886.35,
    "dma50" : 896.95,
    "dma100" : 855.21,
    "dma200" : 806.75,
    "volume" : 480775.00
  }, {
    "date" : "2025-08-05",
    "price" : 875.85,
    "dma50" : 896.12,
    "dma100" : 856.04,
    "dma200" : 807.44,
    "volume" : 545880.00
  }, {
    "date" : "2025-08-06",
    "price" : 872.90,
    "dma50" : 895.21,
    "dma100" : 856.60,
    "dma200" : 808.09,
    "volume" : 442132.00
  }, {
    "date" : "2025-08-07",
    "price" : 872.80,
    "dma50" : 894.33,
    "dma100" : 857.13,
    "dma200" : 808.73,
    "volume" : 457106.00
  }, {
    "date" : "2025-08-08",
    "price" : 869.65,
    "dma50" : 893.36,
    "dma100" : 857.72,
    "dma200" : 809.34,
    "volume" : 277537.00
  }, {
    "date" : "2025-08-11",
    "price" : 863.40,
    "dma50" : 892.19,
    "dma100" : 858.28,
    "dma200" : 809.88,
    "volume" : 336114.00
  }, {
    "date" : "2025-08-12",
    "price" : 876.65,
    "dma50" : 891.58,
    "dma100" : 858.95,
    "dma200" : 810.54,
    "volume" : 444578.00
  }, {
    "date" : "2025-08-13",
    "price" : 886.35,
    "dma50" : 891.37,
    "dma100" : 859.72,
    "dma200" : 811.30,
    "volume" : 265285.00
  }, {
    "date" : "2025-08-14",
    "price" : 882.25,
    "dma50" : 891.02,
    "dma100" : 859.82,
    "dma200" : 812.00,
    "volume" : 227990.00
  }, {
    "date" : "2025-08-18",
    "price" : 879.80,
    "dma50" : 890.58,
    "dma100" : 859.82,
    "dma200" : 812.68,
    "volume" : 330172.00
  }, {
    "date" : "2025-08-19",
    "price" : 879.00,
    "dma50" : 890.12,
    "dma100" : 859.93,
    "dma200" : 813.34,
    "volume" : 368645.00
  }, {
    "date" : "2025-08-20",
    "price" : 872.70,
    "dma50" : 889.44,
    "dma100" : 860.36,
    "dma200" : 813.93,
    "volume" : 325113.00
  }, {
    "date" : "2025-08-21",
    "price" : 895.15,
    "dma50" : 889.66,
    "dma100" : 861.05,
    "dma200" : 814.74,
    "volume" : 344786.00
  }, {
    "date" : "2025-08-22",
    "price" : 889.60,
    "dma50" : 889.66,
    "dma100" : 861.22,
    "dma200" : 815.48,
    "volume" : 214670.00
  }, {
    "date" : "2025-08-25",
    "price" : 888.30,
    "dma50" : 889.61,
    "dma100" : 861.41,
    "dma200" : 816.21,
    "volume" : 231049.00
  }, {
    "date" : "2025-08-26",
    "price" : 874.35,
    "dma50" : 889.01,
    "dma100" : 861.67,
    "dma200" : 816.78,
    "volume" : 305399.00
  }, {
    "date" : "2025-08-28",
    "price" : 874.20,
    "dma50" : 888.43,
    "dma100" : 861.92,
    "dma200" : 817.36,
    "volume" : 342916.00
  }, {
    "date" : "2025-08-29",
    "price" : 842.40,
    "dma50" : 886.62,
    "dma100" : 861.76,
    "dma200" : 817.60,
    "volume" : 450739.00
  }, {
    "date" : "2025-09-01",
    "price" : 848.45,
    "dma50" : 885.13,
    "dma100" : 862.16,
    "dma200" : 817.91,
    "volume" : 260766.00
  }, {
    "date" : "2025-09-02",
    "price" : 824.30,
    "dma50" : 882.74,
    "dma100" : 862.47,
    "dma200" : 817.97,
    "volume" : 900339.00
  }, {
    "date" : "2025-09-03",
    "price" : 852.40,
    "dma50" : 881.55,
    "dma100" : 863.31,
    "dma200" : 818.32,
    "volume" : 541277.00
  }, {
    "date" : "2025-09-04",
    "price" : 847.00,
    "dma50" : 880.20,
    "dma100" : 864.27,
    "dma200" : 818.60,
    "volume" : 293027.00
  }, {
    "date" : "2025-09-05",
    "price" : 849.15,
    "dma50" : 878.98,
    "dma100" : 865.18,
    "dma200" : 818.91,
    "volume" : 238127.00
  }, {
    "date" : "2025-09-08",
    "price" : 858.90,
    "dma50" : 878.19,
    "dma100" : 866.00,
    "dma200" : 819.30,
    "volume" : 226289.00
  }, {
    "date" : "2025-09-09",
    "price" : 885.15,
    "dma50" : 878.46,
    "dma100" : 866.88,
    "dma200" : 819.96,
    "volume" : 502417.00
  }, {
    "date" : "2025-09-10",
    "price" : 883.35,
    "dma50" : 878.66,
    "dma100" : 867.92,
    "dma200" : 820.59,
    "volume" : 231092.00
  }, {
    "date" : "2025-09-11",
    "price" : 870.05,
    "dma50" : 878.32,
    "dma100" : 868.75,
    "dma200" : 821.08,
    "volume" : 284120.00
  }, {
    "date" : "2025-09-12",
    "price" : 879.75,
    "dma50" : 878.37,
    "dma100" : 869.77,
    "dma200" : 821.67,
    "volume" : 306629.00
  }, {
    "date" : "2025-09-15",
    "price" : 923.80,
    "dma50" : 880.16,
    "dma100" : 871.32,
    "dma200" : 822.68,
    "volume" : 1579377.00
  }, {
    "date" : "2025-09-16",
    "price" : 905.35,
    "dma50" : 881.14,
    "dma100" : 872.52,
    "dma200" : 823.51,
    "volume" : 562704.00
  }, {
    "date" : "2025-09-17",
    "price" : 890.55,
    "dma50" : 881.51,
    "dma100" : 873.85,
    "dma200" : 824.17,
    "volume" : 442520.00
  }, {
    "date" : "2025-09-18",
    "price" : 895.45,
    "dma50" : 882.06,
    "dma100" : 875.02,
    "dma200" : 824.88,
    "volume" : 244574.00
  }, {
    "date" : "2025-09-19",
    "price" : 903.80,
    "dma50" : 882.91,
    "dma100" : 876.35,
    "dma200" : 825.67,
    "volume" : 466383.00
  }, {
    "date" : "2025-09-22",
    "price" : 892.35,
    "dma50" : 883.28,
    "dma100" : 877.60,
    "dma200" : 826.33,
    "volume" : 460792.00
  }, {
    "date" : "2025-09-23",
    "price" : 883.15,
    "dma50" : 883.28,
    "dma100" : 878.79,
    "dma200" : 826.90,
    "volume" : 222990.00
  }, {
    "date" : "2025-09-24",
    "price" : 879.70,
    "dma50" : 883.14,
    "dma100" : 879.92,
    "dma200" : 827.42,
    "volume" : 177393.00
  }, {
    "date" : "2025-09-25",
    "price" : 872.95,
    "dma50" : 882.74,
    "dma100" : 881.06,
    "dma200" : 827.87,
    "volume" : 184152.00
  }, {
    "date" : "2025-09-26",
    "price" : 860.90,
    "dma50" : 881.88,
    "dma100" : 882.07,
    "dma200" : 828.20,
    "volume" : 529976.00
  }, {
    "date" : "2025-09-29",
    "price" : 846.10,
    "dma50" : 880.48,
    "dma100" : 883.04,
    "dma200" : 828.38,
    "volume" : 267631.00
  }, {
    "date" : "2025-09-30",
    "price" : 857.35,
    "dma50" : 879.57,
    "dma100" : 884.34,
    "dma200" : 828.67,
    "volume" : 260278.00
  }, {
    "date" : "2025-10-01",
    "price" : 855.35,
    "dma50" : 878.62,
    "dma100" : 885.29,
    "dma200" : 828.93,
    "volume" : 158170.00
  }, {
    "date" : "2025-10-03",
    "price" : 864.15,
    "dma50" : 878.05,
    "dma100" : 886.26,
    "dma200" : 829.29,
    "volume" : 245024.00
  }, {
    "date" : "2025-10-06",
    "price" : 852.55,
    "dma50" : 877.05,
    "dma100" : 887.05,
    "dma200" : 829.52,
    "volume" : 267230.00
  }, {
    "date" : "2025-10-07",
    "price" : 871.70,
    "dma50" : 876.84,
    "dma100" : 887.91,
    "dma200" : 829.94,
    "volume" : 988560.00
  }, {
    "date" : "2025-10-08",
    "price" : 854.85,
    "dma50" : 875.98,
    "dma100" : 888.64,
    "dma200" : 830.18,
    "volume" : 221083.00
  }, {
    "date" : "2025-10-09",
    "price" : 851.95,
    "dma50" : 875.04,
    "dma100" : 889.27,
    "dma200" : 830.40,
    "volume" : 351319.00
  }, {
    "date" : "2025-10-10",
    "price" : 848.25,
    "dma50" : 873.99,
    "dma100" : 890.00,
    "dma200" : 830.58,
    "volume" : 216594.00
  }, {
    "date" : "2025-10-13",
    "price" : 845.00,
    "dma50" : 872.85,
    "dma100" : 890.71,
    "dma200" : 830.72,
    "volume" : 567578.00
  }, {
    "date" : "2025-10-14",
    "price" : 825.05,
    "dma50" : 870.98,
    "dma100" : 891.29,
    "dma200" : 830.67,
    "volume" : 355756.00
  }, {
    "date" : "2025-10-15",
    "price" : 825.10,
    "dma50" : 869.18,
    "dma100" : 891.92,
    "dma200" : 830.61,
    "volume" : 437644.00
  }, {
    "date" : "2025-10-16",
    "price" : 836.20,
    "dma50" : 867.88,
    "dma100" : 892.52,
    "dma200" : 830.67,
    "volume" : 472070.00
  }, {
    "date" : "2025-10-17",
    "price" : 829.35,
    "dma50" : 866.37,
    "dma100" : 892.98,
    "dma200" : 830.65,
    "volume" : 354997.00
  }, {
    "date" : "2025-10-20",
    "price" : 832.85,
    "dma50" : 865.06,
    "dma100" : 893.17,
    "dma200" : 830.67,
    "volume" : 303164.00
  }, {
    "date" : "2025-10-21",
    "price" : 850.20,
    "dma50" : 864.48,
    "dma100" : 892.72,
    "dma200" : 830.87,
    "volume" : 210410.00
  }, {
    "date" : "2025-10-23",
    "price" : 844.40,
    "dma50" : 863.69,
    "dma100" : 891.81,
    "dma200" : 831.00,
    "volume" : 634712.00
  }, {
    "date" : "2025-10-24",
    "price" : 834.00,
    "dma50" : 862.52,
    "dma100" : 890.81,
    "dma200" : 831.03,
    "volume" : 450615.00
  }, {
    "date" : "2025-10-27",
    "price" : 873.05,
    "dma50" : 862.94,
    "dma100" : 890.34,
    "dma200" : 831.45,
    "volume" : 1958834.00
  }, {
    "date" : "2025-10-28",
    "price" : 886.40,
    "dma50" : 863.86,
    "dma100" : 890.09,
    "dma200" : 832.00,
    "volume" : 2313206.00
  }, {
    "date" : "2025-10-29",
    "price" : 906.95,
    "dma50" : 865.55,
    "dma100" : 889.53,
    "dma200" : 832.74,
    "volume" : 808183.00
  }, {
    "date" : "2025-10-30",
    "price" : 926.15,
    "dma50" : 867.92,
    "dma100" : 889.13,
    "dma200" : 833.67,
    "volume" : 2957747.00
  }, {
    "date" : "2025-10-31",
    "price" : 965.75,
    "dma50" : 871.76,
    "dma100" : 889.24,
    "dma200" : 834.99,
    "volume" : 9573165.00
  }, {
    "date" : "2025-11-03",
    "price" : 952.85,
    "dma50" : 874.94,
    "dma100" : 889.11,
    "dma200" : 836.16,
    "volume" : 1496844.00
  }, {
    "date" : "2025-11-04",
    "price" : 924.85,
    "dma50" : 876.90,
    "dma100" : 888.81,
    "dma200" : 837.04,
    "volume" : 1692434.00
  }, {
    "date" : "2025-11-06",
    "price" : 894.45,
    "dma50" : 877.59,
    "dma100" : 888.51,
    "dma200" : 837.61,
    "volume" : 814707.00
  }, {
    "date" : "2025-11-07",
    "price" : 906.60,
    "dma50" : 878.72,
    "dma100" : 888.52,
    "dma200" : 838.30,
    "volume" : 513594.00
  }, {
    "date" : "2025-11-10",
    "price" : 912.55,
    "dma50" : 880.05,
    "dma100" : 888.50,
    "dma200" : 839.04,
    "volume" : 665331.00
  }, {
    "date" : "2025-11-11",
    "price" : 920.60,
    "dma50" : 881.64,
    "dma100" : 888.57,
    "dma200" : 839.85,
    "volume" : 976352.00
  }, {
    "date" : "2025-11-12",
    "price" : 913.80,
    "dma50" : 882.90,
    "dma100" : 888.56,
    "dma200" : 840.59,
    "volume" : 447915.00
  }, {
    "date" : "2025-11-13",
    "price" : 928.15,
    "dma50" : 884.68,
    "dma100" : 888.98,
    "dma200" : 841.46,
    "volume" : 749439.00
  }, {
    "date" : "2025-11-14",
    "price" : 918.50,
    "dma50" : 886.00,
    "dma100" : 889.01,
    "dma200" : 842.22,
    "volume" : 281573.00
  }, {
    "date" : "2025-11-17",
    "price" : 906.75,
    "dma50" : 886.82,
    "dma100" : 889.22,
    "dma200" : 842.87,
    "volume" : 503617.00
  }, {
    "date" : "2025-11-18",
    "price" : 903.20,
    "dma50" : 887.46,
    "dma100" : 889.12,
    "dma200" : 843.47,
    "volume" : 376301.00
  }, {
    "date" : "2025-11-19",
    "price" : 896.75,
    "dma50" : 887.82,
    "dma100" : 888.72,
    "dma200" : 844.00,
    "volume" : 359879.00
  }, {
    "date" : "2025-11-20",
    "price" : 883.15,
    "dma50" : 887.64,
    "dma100" : 888.18,
    "dma200" : 844.39,
    "volume" : 498370.00
  }, {
    "date" : "2025-11-21",
    "price" : 867.90,
    "dma50" : 886.87,
    "dma100" : 887.45,
    "dma200" : 844.62,
    "volume" : 414561.00
  }, {
    "date" : "2025-11-24",
    "price" : 848.90,
    "dma50" : 885.38,
    "dma100" : 886.70,
    "dma200" : 844.66,
    "volume" : 551582.00
  }, {
    "date" : "2025-11-25",
    "price" : 865.55,
    "dma50" : 884.60,
    "dma100" : 886.24,
    "dma200" : 844.87,
    "volume" : 392790.00
  }, {
    "date" : "2025-11-26",
    "price" : 871.10,
    "dma50" : 884.07,
    "dma100" : 885.57,
    "dma200" : 845.13,
    "volume" : 611655.00
  }, {
    "date" : "2025-11-27",
    "price" : 869.40,
    "dma50" : 883.49,
    "dma100" : 885.04,
    "dma200" : 845.37,
    "volume" : 433742.00
  }, {
    "date" : "2025-11-28",
    "price" : 856.40,
    "dma50" : 882.43,
    "dma100" : 884.29,
    "dma200" : 845.48,
    "volume" : 221961.00
  }, {
    "date" : "2025-12-01",
    "price" : 862.00,
    "dma50" : 881.63,
    "dma100" : 883.68,
    "dma200" : 845.65,
    "volume" : 335745.00
  }, {
    "date" : "2025-12-02",
    "price" : 845.55,
    "dma50" : 880.22,
    "dma100" : 882.99,
    "dma200" : 845.65,
    "volume" : 352872.00
  }, {
    "date" : "2025-12-03",
    "price" : 833.15,
    "dma50" : 878.37,
    "dma100" : 881.96,
    "dma200" : 845.52,
    "volume" : 331172.00
  }, {
    "date" : "2025-12-04",
    "price" : 827.55,
    "dma50" : 876.38,
    "dma100" : 880.90,
    "dma200" : 845.34,
    "volume" : 170771.00
  }, {
    "date" : "2025-12-05",
    "price" : 826.60,
    "dma50" : 874.42,
    "dma100" : 880.05,
    "dma200" : 845.16,
    "volume" : 594358.00
  }, {
    "date" : "2025-12-08",
    "price" : 797.80,
    "dma50" : 871.42,
    "dma100" : 878.82,
    "dma200" : 844.69,
    "volume" : 635266.00
  }, {
    "date" : "2025-12-09",
    "price" : 807.05,
    "dma50" : 868.90,
    "dma100" : 877.83,
    "dma200" : 844.31,
    "volume" : 1077689.00
  }, {
    "date" : "2025-12-10",
    "price" : 800.15,
    "dma50" : 866.20,
    "dma100" : 876.75,
    "dma200" : 843.87,
    "volume" : 445244.00
  }, {
    "date" : "2025-12-11",
    "price" : 795.85,
    "dma50" : 863.44,
    "dma100" : 875.39,
    "dma200" : 843.39,
    "volume" : 836584.00
  }, {
    "date" : "2025-12-12",
    "price" : 793.30,
    "dma50" : 860.69,
    "dma100" : 874.09,
    "dma200" : 842.90,
    "volume" : 586174.00
  }, {
    "date" : "2025-12-15",
    "price" : 795.90,
    "dma50" : 858.15,
    "dma100" : 872.73,
    "dma200" : 842.43,
    "volume" : 642706.00
  }, {
    "date" : "2025-12-16",
    "price" : 804.20,
    "dma50" : 856.03,
    "dma100" : 871.62,
    "dma200" : 842.05,
    "volume" : 465167.00
  }, {
    "date" : "2025-12-17",
    "price" : 789.45,
    "dma50" : 853.42,
    "dma100" : 870.33,
    "dma200" : 841.52,
    "volume" : 313794.00
  }, {
    "date" : "2025-12-18",
    "price" : 783.90,
    "dma50" : 850.70,
    "dma100" : 869.19,
    "dma200" : 840.95,
    "volume" : 419084.00
  }, {
    "date" : "2025-12-19",
    "price" : 777.50,
    "dma50" : 847.83,
    "dma100" : 868.10,
    "dma200" : 840.32,
    "volume" : 311948.00
  }, {
    "date" : "2025-12-22",
    "price" : 802.90,
    "dma50" : 846.06,
    "dma100" : 867.50,
    "dma200" : 839.95,
    "volume" : 881803.00
  }, {
    "date" : "2025-12-23",
    "price" : 813.05,
    "dma50" : 844.77,
    "dma100" : 866.38,
    "dma200" : 839.68,
    "volume" : 343849.00
  }, {
    "date" : "2025-12-24",
    "price" : 810.85,
    "dma50" : 843.44,
    "dma100" : 865.08,
    "dma200" : 839.39,
    "volume" : 294207.00
  }, {
    "date" : "2025-12-26",
    "price" : 806.90,
    "dma50" : 842.01,
    "dma100" : 863.84,
    "dma200" : 839.07,
    "volume" : 175146.00
  }, {
    "date" : "2025-12-29",
    "price" : 826.90,
    "dma50" : 841.41,
    "dma100" : 863.13,
    "dma200" : 838.95,
    "volume" : 860105.00
  }, {
    "date" : "2025-12-30",
    "price" : 790.05,
    "dma50" : 839.40,
    "dma100" : 862.17,
    "dma200" : 838.46,
    "volume" : 1222815.00
  }, {
    "date" : "2025-12-31",
    "price" : 814.40,
    "dma50" : 838.42,
    "dma100" : 861.55,
    "dma200" : 838.22,
    "volume" : 743717.00
  }, {
    "date" : "2026-01-01",
    "price" : 799.35,
    "dma50" : 836.89,
    "dma100" : 860.82,
    "dma200" : 837.84,
    "volume" : 422909.00
  }, {
    "date" : "2026-01-02",
    "price" : 806.35,
    "dma50" : 835.69,
    "dma100" : 860.15,
    "dma200" : 837.52,
    "volume" : 158636.00
  } ],
  "latestTechnicalAttributes" : {
    "date" : "2026-01-02",
    "price" : 806.35,
    "dma50" : 835.69,
    "dma100" : 860.15,
    "dma200" : 837.52,
    "volume" : 158636.00
  },
  "quarterlyResults" : [ {
    "date" : "2005-03-31",
    "sales" : 346.00,
    "salesGrowthYoY" : null,
    "grossProfitMargin" : 15.12,
    "grossProfit" : 52.32,
    "operatingProfitMargin" : 0.09,
    "operatingProfit" : 0.31,
    "netProfitMargin" : 0.52,
    "netProfit" : 1.80
  }, {
    "date" : "2005-06-30",
    "sales" : 328.40,
    "salesGrowthYoY" : null,
    "grossProfitMargin" : 25.82,
    "grossProfit" : 84.79,
    "operatingProfitMargin" : 9.93,
    "operatingProfit" : 32.61,
    "netProfitMargin" : 4.81,
    "netProfit" : 15.80
  }, {
    "date" : "2005-09-30",
    "sales" : 396.20,
    "salesGrowthYoY" : null,
    "grossProfitMargin" : 27.99,
    "grossProfit" : 110.90,
    "operatingProfitMargin" : 8.58,
    "operatingProfit" : 33.99,
    "netProfitMargin" : 4.57,
    "netProfit" : 18.11
  }, {
    "date" : "2005-12-31",
    "sales" : 455.60,
    "salesGrowthYoY" : null,
    "grossProfitMargin" : 18.26,
    "grossProfit" : 83.19,
    "operatingProfitMargin" : 6.98,
    "operatingProfit" : 31.80,
    "netProfitMargin" : 1.76,
    "netProfit" : 8.02
  }, {
    "date" : "2006-03-31",
    "sales" : 644.00,
    "salesGrowthYoY" : 86.13,
    "grossProfitMargin" : 29.18,
    "grossProfit" : 187.92,
    "operatingProfitMargin" : 8.59,
    "operatingProfit" : 55.32,
    "netProfitMargin" : 3.03,
    "netProfit" : 19.51
  }, {
    "date" : "2006-06-30",
    "sales" : 536.00,
    "salesGrowthYoY" : 63.22,
    "grossProfitMargin" : 27.09,
    "grossProfit" : 145.20,
    "operatingProfitMargin" : 12.57,
    "operatingProfit" : 67.38,
    "netProfitMargin" : 4.91,
    "netProfit" : 26.32
  }, {
    "date" : "2006-09-30",
    "sales" : 674.40,
    "salesGrowthYoY" : 70.22,
    "grossProfitMargin" : 26.76,
    "grossProfit" : 180.47,
    "operatingProfitMargin" : 11.79,
    "operatingProfit" : 79.51,
    "netProfitMargin" : 4.97,
    "netProfit" : 33.52
  }, {
    "date" : "2006-12-31",
    "sales" : 745.10,
    "salesGrowthYoY" : 63.54,
    "grossProfitMargin" : 24.71,
    "grossProfit" : 184.11,
    "operatingProfitMargin" : 12.79,
    "operatingProfit" : 95.30,
    "netProfitMargin" : 5.53,
    "netProfit" : 41.20
  }, {
    "date" : "2007-03-31",
    "sales" : 740.00,
    "salesGrowthYoY" : 14.91,
    "grossProfitMargin" : 22.28,
    "grossProfit" : 164.87,
    "operatingProfitMargin" : 12.04,
    "operatingProfit" : 89.10,
    "netProfitMargin" : 5.61,
    "netProfit" : 41.51
  }, {
    "date" : "2007-06-30",
    "sales" : 816.50,
    "salesGrowthYoY" : 52.33,
    "grossProfitMargin" : 32.26,
    "grossProfit" : 263.40,
    "operatingProfitMargin" : 16.33,
    "operatingProfit" : 133.33,
    "netProfitMargin" : 8.49,
    "netProfit" : 69.32
  }, {
    "date" : "2007-09-30",
    "sales" : 931.86,
    "salesGrowthYoY" : 38.18,
    "grossProfitMargin" : 33.51,
    "grossProfit" : 312.27,
    "operatingProfitMargin" : 16.18,
    "operatingProfit" : 150.77,
    "netProfitMargin" : 8.86,
    "netProfit" : 82.56
  }, {
    "date" : "2007-12-31",
    "sales" : 1038.75,
    "salesGrowthYoY" : 39.41,
    "grossProfitMargin" : 36.57,
    "grossProfit" : 379.87,
    "operatingProfitMargin" : 17.01,
    "operatingProfit" : 176.69,
    "netProfitMargin" : 9.38,
    "netProfit" : 97.43
  }, {
    "date" : "2008-03-31",
    "sales" : 1227.50,
    "salesGrowthYoY" : 65.88,
    "grossProfitMargin" : 33.82,
    "grossProfit" : 415.14,
    "operatingProfitMargin" : 15.99,
    "operatingProfit" : 196.28,
    "netProfitMargin" : 8.33,
    "netProfit" : 102.25
  }, {
    "date" : "2008-06-30",
    "sales" : 1090.36,
    "salesGrowthYoY" : 33.54,
    "grossProfitMargin" : 36.96,
    "grossProfit" : 403.00,
    "operatingProfitMargin" : 15.96,
    "operatingProfit" : 174.02,
    "netProfitMargin" : 6.52,
    "netProfit" : 71.09
  }, {
    "date" : "2008-09-30",
    "sales" : 1492.78,
    "salesGrowthYoY" : 60.19,
    "grossProfitMargin" : 35.51,
    "grossProfit" : 530.09,
    "operatingProfitMargin" : 10.51,
    "operatingProfit" : 156.89,
    "netProfitMargin" : 4.38,
    "netProfit" : 65.38
  }, {
    "date" : "2008-12-31",
    "sales" : 1456.63,
    "salesGrowthYoY" : 40.23,
    "grossProfitMargin" : 26.68,
    "grossProfit" : 388.63,
    "operatingProfitMargin" : 9.81,
    "operatingProfit" : 142.90,
    "netProfitMargin" : 3.11,
    "netProfit" : 45.30
  }, {
    "date" : "2009-03-31",
    "sales" : 1831.84,
    "salesGrowthYoY" : 49.23,
    "grossProfitMargin" : 19.06,
    "grossProfit" : 349.15,
    "operatingProfitMargin" : 8.78,
    "operatingProfit" : 160.84,
    "netProfitMargin" : 2.83,
    "netProfit" : 51.84
  }, {
    "date" : "2009-06-30",
    "sales" : 1879.80,
    "salesGrowthYoY" : 72.40,
    "grossProfitMargin" : 31.69,
    "grossProfit" : 595.71,
    "operatingProfitMargin" : 16.12,
    "operatingProfit" : 303.02,
    "netProfitMargin" : 7.35,
    "netProfit" : 138.17
  }, {
    "date" : "2009-09-30",
    "sales" : 1813.17,
    "salesGrowthYoY" : 21.46,
    "grossProfitMargin" : 30.24,
    "grossProfit" : 548.30,
    "operatingProfitMargin" : 16.18,
    "operatingProfit" : 293.37,
    "netProfitMargin" : 7.73,
    "netProfit" : 140.16
  }, {
    "date" : "2009-12-31",
    "sales" : 1520.38,
    "salesGrowthYoY" : 4.38,
    "grossProfitMargin" : 32.38,
    "grossProfit" : 492.30,
    "operatingProfitMargin" : 16.97,
    "operatingProfit" : 258.01,
    "netProfitMargin" : 8.40,
    "netProfit" : 127.71
  }, {
    "date" : "2010-03-31",
    "sales" : 1400.59,
    "salesGrowthYoY" : -23.54,
    "grossProfitMargin" : 34.62,
    "grossProfit" : 484.88,
    "operatingProfitMargin" : 18.24,
    "operatingProfit" : 255.47,
    "netProfitMargin" : 9.57,
    "netProfit" : 134.04
  }, {
    "date" : "2010-06-30",
    "sales" : 2041.13,
    "salesGrowthYoY" : 8.58,
    "grossProfitMargin" : 32.85,
    "grossProfit" : 670.51,
    "operatingProfitMargin" : 16.43,
    "operatingProfit" : 335.36,
    "netProfitMargin" : 9.29,
    "netProfit" : 189.62
  }, {
    "date" : "2010-09-30",
    "sales" : 1418.29,
    "salesGrowthYoY" : -21.78,
    "grossProfitMargin" : 23.44,
    "grossProfit" : 332.45,
    "operatingProfitMargin" : 9.91,
    "operatingProfit" : 140.55,
    "netProfitMargin" : 3.55,
    "netProfit" : 50.35
  }, {
    "date" : "2010-12-31",
    "sales" : 1135.18,
    "salesGrowthYoY" : -25.34,
    "grossProfitMargin" : 34.22,
    "grossProfit" : 388.46,
    "operatingProfitMargin" : 14.77,
    "operatingProfit" : 167.67,
    "netProfitMargin" : 5.74,
    "netProfit" : 65.16
  }, {
    "date" : "2011-03-31",
    "sales" : 1683.97,
    "salesGrowthYoY" : 20.23,
    "grossProfitMargin" : 26.92,
    "grossProfit" : 453.32,
    "operatingProfitMargin" : 8.17,
    "operatingProfit" : 137.58,
    "netProfitMargin" : 3.53,
    "netProfit" : 59.44
  }, {
    "date" : "2011-06-30",
    "sales" : 1500.55,
    "salesGrowthYoY" : -26.48,
    "grossProfitMargin" : 22.02,
    "grossProfit" : 330.42,
    "operatingProfitMargin" : 10.40,
    "operatingProfit" : 156.06,
    "netProfitMargin" : 5.03,
    "netProfit" : 75.48
  }, {
    "date" : "2011-09-30",
    "sales" : 993.51,
    "salesGrowthYoY" : -29.95,
    "grossProfitMargin" : 29.51,
    "grossProfit" : 293.18,
    "operatingProfitMargin" : 1.20,
    "operatingProfit" : 11.92,
    "netProfitMargin" : -2.35,
    "netProfit" : -23.35
  }, {
    "date" : "2011-12-31",
    "sales" : 1402.62,
    "salesGrowthYoY" : 23.56,
    "grossProfitMargin" : 27.07,
    "grossProfit" : 379.69,
    "operatingProfitMargin" : -4.21,
    "operatingProfit" : -59.05,
    "netProfitMargin" : -6.62,
    "netProfit" : -92.85
  }, {
    "date" : "2012-03-31",
    "sales" : 1873.05,
    "salesGrowthYoY" : 11.23,
    "grossProfitMargin" : 25.33,
    "grossProfit" : 474.44,
    "operatingProfitMargin" : 9.59,
    "operatingProfit" : 179.63,
    "netProfitMargin" : 5.64,
    "netProfit" : 105.64
  }, {
    "date" : "2012-06-30",
    "sales" : 1819.31,
    "salesGrowthYoY" : 21.24,
    "grossProfitMargin" : 36.45,
    "grossProfit" : 663.14,
    "operatingProfitMargin" : 4.51,
    "operatingProfit" : 82.05,
    "netProfitMargin" : 0.16,
    "netProfit" : 2.91
  }, {
    "date" : "2012-09-30",
    "sales" : 1605.84,
    "salesGrowthYoY" : 61.63,
    "grossProfitMargin" : 21.70,
    "grossProfit" : 348.47,
    "operatingProfitMargin" : 5.35,
    "operatingProfit" : 85.91,
    "netProfitMargin" : 1.06,
    "netProfit" : 17.02
  }, {
    "date" : "2012-12-31",
    "sales" : 1603.29,
    "salesGrowthYoY" : 14.31,
    "grossProfitMargin" : 20.38,
    "grossProfit" : 326.75,
    "operatingProfitMargin" : 3.50,
    "operatingProfit" : 56.12,
    "netProfitMargin" : 0.52,
    "netProfit" : 8.34
  }, {
    "date" : "2013-03-31",
    "sales" : 1605.46,
    "salesGrowthYoY" : -14.29,
    "grossProfitMargin" : 22.83,
    "grossProfit" : 366.53,
    "operatingProfitMargin" : 6.69,
    "operatingProfit" : 107.41,
    "netProfitMargin" : 1.55,
    "netProfit" : 24.88
  }, {
    "date" : "2013-06-30",
    "sales" : 1260.53,
    "salesGrowthYoY" : -30.71,
    "grossProfitMargin" : 26.19,
    "grossProfit" : 330.13,
    "operatingProfitMargin" : -2.10,
    "operatingProfit" : -26.47,
    "netProfitMargin" : -5.34,
    "netProfit" : -67.31
  }, {
    "date" : "2013-09-30",
    "sales" : 1345.88,
    "salesGrowthYoY" : -16.19,
    "grossProfitMargin" : 30.44,
    "grossProfit" : 409.69,
    "operatingProfitMargin" : 3.42,
    "operatingProfit" : 46.03,
    "netProfitMargin" : -1.90,
    "netProfit" : -25.57
  }, {
    "date" : "2013-12-31",
    "sales" : 1068.69,
    "salesGrowthYoY" : -33.34,
    "grossProfitMargin" : 24.43,
    "grossProfit" : 261.08,
    "operatingProfitMargin" : 4.60,
    "operatingProfit" : 49.16,
    "netProfitMargin" : -1.68,
    "netProfit" : -17.95
  }, {
    "date" : "2014-03-31",
    "sales" : 1192.51,
    "salesGrowthYoY" : -25.72,
    "grossProfitMargin" : 23.51,
    "grossProfit" : 280.36,
    "operatingProfitMargin" : 14.97,
    "operatingProfit" : 178.52,
    "netProfitMargin" : 8.24,
    "netProfit" : 98.26
  }, {
    "date" : "2014-06-30",
    "sales" : 660.84,
    "salesGrowthYoY" : -47.57,
    "grossProfitMargin" : 17.22,
    "grossProfit" : 113.80,
    "operatingProfitMargin" : -1.81,
    "operatingProfit" : -11.96,
    "netProfitMargin" : -10.41,
    "netProfit" : -68.79
  }, {
    "date" : "2014-09-30",
    "sales" : 1272.77,
    "salesGrowthYoY" : -5.43,
    "grossProfitMargin" : 18.70,
    "grossProfit" : 238.01,
    "operatingProfitMargin" : 4.19,
    "operatingProfit" : 53.33,
    "netProfitMargin" : -0.91,
    "netProfit" : -11.58
  }, {
    "date" : "2014-12-31",
    "sales" : 1276.10,
    "salesGrowthYoY" : 19.41,
    "grossProfitMargin" : 20.35,
    "grossProfit" : 259.69,
    "operatingProfitMargin" : 5.29,
    "operatingProfit" : 67.51,
    "netProfitMargin" : -0.99,
    "netProfit" : -12.63
  }, {
    "date" : "2015-03-31",
    "sales" : 1739.23,
    "salesGrowthYoY" : 45.85,
    "grossProfitMargin" : 17.03,
    "grossProfit" : 296.19,
    "operatingProfitMargin" : 9.99,
    "operatingProfit" : 173.75,
    "netProfitMargin" : 4.45,
    "netProfit" : 77.40
  }, {
    "date" : "2015-06-30",
    "sales" : 1408.66,
    "salesGrowthYoY" : 113.16,
    "grossProfitMargin" : 25.96,
    "grossProfit" : 365.69,
    "operatingProfitMargin" : 4.91,
    "operatingProfit" : 69.17,
    "netProfitMargin" : -1.38,
    "netProfit" : -19.44
  }, {
    "date" : "2015-09-30",
    "sales" : 1033.37,
    "salesGrowthYoY" : -18.81,
    "grossProfitMargin" : 31.97,
    "grossProfit" : 330.37,
    "operatingProfitMargin" : 8.24,
    "operatingProfit" : 85.15,
    "netProfitMargin" : -0.10,
    "netProfit" : -1.03
  }, {
    "date" : "2015-12-31",
    "sales" : 622.58,
    "salesGrowthYoY" : -51.21,
    "grossProfitMargin" : 25.58,
    "grossProfit" : 159.26,
    "operatingProfitMargin" : -3.60,
    "operatingProfit" : -22.41,
    "netProfitMargin" : -11.97,
    "netProfit" : -74.52
  }, {
    "date" : "2016-03-31",
    "sales" : 820.44,
    "salesGrowthYoY" : -52.83,
    "grossProfitMargin" : 26.52,
    "grossProfit" : 217.58,
    "operatingProfitMargin" : 3.77,
    "operatingProfit" : 30.93,
    "netProfitMargin" : -3.44,
    "netProfit" : -28.22
  }, {
    "date" : "2016-06-30",
    "sales" : 1155.83,
    "salesGrowthYoY" : -17.95,
    "grossProfitMargin" : 27.55,
    "grossProfit" : 318.43,
    "operatingProfitMargin" : 8.09,
    "operatingProfit" : 93.51,
    "netProfitMargin" : 1.64,
    "netProfit" : 18.96
  }, {
    "date" : "2016-09-30",
    "sales" : 572.02,
    "salesGrowthYoY" : -44.65,
    "grossProfitMargin" : 27.52,
    "grossProfit" : 157.42,
    "operatingProfitMargin" : 2.72,
    "operatingProfit" : 15.56,
    "netProfitMargin" : -6.89,
    "netProfit" : -39.41
  }, {
    "date" : "2016-12-31",
    "sales" : 930.16,
    "salesGrowthYoY" : 49.40,
    "grossProfitMargin" : 30.33,
    "grossProfit" : 282.12,
    "operatingProfitMargin" : 16.28,
    "operatingProfit" : 151.43,
    "netProfitMargin" : 4.55,
    "netProfit" : 42.32
  }, {
    "date" : "2017-03-31",
    "sales" : 1687.78,
    "salesGrowthYoY" : 105.72,
    "grossProfitMargin" : 25.72,
    "grossProfit" : 434.10,
    "operatingProfitMargin" : 14.33,
    "operatingProfit" : 241.86,
    "netProfitMargin" : 9.06,
    "netProfit" : 152.91
  }, {
    "date" : "2017-06-30",
    "sales" : 1298.11,
    "salesGrowthYoY" : 12.31,
    "grossProfitMargin" : 29.15,
    "grossProfit" : 378.40,
    "operatingProfitMargin" : 16.42,
    "operatingProfit" : 213.15,
    "netProfitMargin" : 8.64,
    "netProfit" : 112.16
  }, {
    "date" : "2017-09-30",
    "sales" : 1301.07,
    "salesGrowthYoY" : 127.45,
    "grossProfitMargin" : 19.26,
    "grossProfit" : 250.59,
    "operatingProfitMargin" : 2.93,
    "operatingProfit" : 38.12,
    "netProfitMargin" : -1.42,
    "netProfit" : -18.48
  }, {
    "date" : "2017-12-31",
    "sales" : 1424.78,
    "salesGrowthYoY" : 53.18,
    "grossProfitMargin" : 21.13,
    "grossProfit" : 301.06,
    "operatingProfitMargin" : 6.11,
    "operatingProfit" : 87.05,
    "netProfitMargin" : 0.73,
    "netProfit" : 10.40
  }, {
    "date" : "2018-03-31",
    "sales" : 808.85,
    "salesGrowthYoY" : -52.08,
    "grossProfitMargin" : 27.90,
    "grossProfit" : 225.67,
    "operatingProfitMargin" : 6.34,
    "operatingProfit" : 51.28,
    "netProfitMargin" : 2.70,
    "netProfit" : 21.84
  }, {
    "date" : "2018-06-30",
    "sales" : 985.16,
    "salesGrowthYoY" : -24.11,
    "grossProfitMargin" : 24.75,
    "grossProfit" : 243.83,
    "operatingProfitMargin" : 3.74,
    "operatingProfit" : 36.84,
    "netProfitMargin" : 2.17,
    "netProfit" : 21.38
  }, {
    "date" : "2018-09-30",
    "sales" : 1088.60,
    "salesGrowthYoY" : -16.33,
    "grossProfitMargin" : 23.70,
    "grossProfit" : 258.00,
    "operatingProfitMargin" : 1.09,
    "operatingProfit" : 11.87,
    "netProfitMargin" : -0.97,
    "netProfit" : -10.56
  }, {
    "date" : "2018-12-31",
    "sales" : 856.12,
    "salesGrowthYoY" : -39.91,
    "grossProfitMargin" : 26.28,
    "grossProfit" : 224.99,
    "operatingProfitMargin" : 3.16,
    "operatingProfit" : 27.05,
    "netProfitMargin" : -0.84,
    "netProfit" : -7.19
  }, {
    "date" : "2019-03-31",
    "sales" : 1206.61,
    "salesGrowthYoY" : 49.18,
    "grossProfitMargin" : 16.75,
    "grossProfit" : 202.11,
    "operatingProfitMargin" : -20.54,
    "operatingProfit" : -247.84,
    "netProfitMargin" : -23.27,
    "netProfit" : -280.78
  }, {
    "date" : "2019-06-30",
    "sales" : 538.33,
    "salesGrowthYoY" : -45.36,
    "grossProfitMargin" : 29.01,
    "grossProfit" : 156.17,
    "operatingProfitMargin" : -10.80,
    "operatingProfit" : -58.14,
    "netProfitMargin" : 28.57,
    "netProfit" : 153.80
  }, {
    "date" : "2019-09-30",
    "sales" : 831.19,
    "salesGrowthYoY" : -23.65,
    "grossProfitMargin" : 31.89,
    "grossProfit" : 265.07,
    "operatingProfitMargin" : 2.05,
    "operatingProfit" : 17.04,
    "netProfitMargin" : -1.01,
    "netProfit" : -8.40
  }, {
    "date" : "2019-12-31",
    "sales" : 1452.98,
    "salesGrowthYoY" : 69.72,
    "grossProfitMargin" : 29.18,
    "grossProfit" : 423.98,
    "operatingProfitMargin" : 11.04,
    "operatingProfit" : 160.41,
    "netProfitMargin" : 4.75,
    "netProfit" : 69.02
  }, {
    "date" : "2020-03-31",
    "sales" : 1430.89,
    "salesGrowthYoY" : 18.59,
    "grossProfitMargin" : 36.09,
    "grossProfit" : 516.41,
    "operatingProfitMargin" : 8.92,
    "operatingProfit" : 127.64,
    "netProfitMargin" : 3.76,
    "netProfit" : 53.80
  }, {
    "date" : "2020-06-30",
    "sales" : 1039.09,
    "salesGrowthYoY" : 93.02,
    "grossProfitMargin" : 33.35,
    "grossProfit" : 346.54,
    "operatingProfitMargin" : 9.35,
    "operatingProfit" : 97.15,
    "netProfitMargin" : 53.23,
    "netProfit" : 553.11
  }, {
    "date" : "2020-09-30",
    "sales" : 1054.70,
    "salesGrowthYoY" : 26.89,
    "grossProfitMargin" : 33.87,
    "grossProfit" : 357.23,
    "operatingProfitMargin" : 16.03,
    "operatingProfit" : 169.07,
    "netProfitMargin" : 12.81,
    "netProfit" : 135.11
  }, {
    "date" : "2020-12-31",
    "sales" : 1310.21,
    "salesGrowthYoY" : -9.83,
    "grossProfitMargin" : 31.32,
    "grossProfit" : 410.36,
    "operatingProfitMargin" : 12.79,
    "operatingProfit" : 167.58,
    "netProfitMargin" : 10.69,
    "netProfit" : 140.06
  }, {
    "date" : "2021-03-31",
    "sales" : 1442.79,
    "salesGrowthYoY" : 0.83,
    "grossProfitMargin" : 34.39,
    "grossProfit" : 496.18,
    "operatingProfitMargin" : 10.60,
    "operatingProfit" : 152.94,
    "netProfitMargin" : 13.43,
    "netProfit" : 193.77
  }, {
    "date" : "2021-06-30",
    "sales" : 719.32,
    "salesGrowthYoY" : -30.77,
    "grossProfitMargin" : 36.42,
    "grossProfit" : 261.98,
    "operatingProfitMargin" : 10.88,
    "operatingProfit" : 78.26,
    "netProfitMargin" : 7.58,
    "netProfit" : 54.52
  }, {
    "date" : "2021-09-30",
    "sales" : 1157.33,
    "salesGrowthYoY" : 9.73,
    "grossProfitMargin" : 21.77,
    "grossProfit" : 251.95,
    "operatingProfitMargin" : 3.26,
    "operatingProfit" : 37.73,
    "netProfitMargin" : 2.98,
    "netProfit" : 34.49
  }, {
    "date" : "2021-12-31",
    "sales" : 1381.02,
    "salesGrowthYoY" : 5.40,
    "grossProfitMargin" : 19.45,
    "grossProfit" : 268.61,
    "operatingProfitMargin" : 6.95,
    "operatingProfit" : 95.98,
    "netProfitMargin" : 5.60,
    "netProfit" : 77.34
  }, {
    "date" : "2022-03-31",
    "sales" : 1831.59,
    "salesGrowthYoY" : 26.95,
    "grossProfitMargin" : 18.33,
    "grossProfit" : 335.73,
    "operatingProfitMargin" : 4.47,
    "operatingProfit" : 81.87,
    "netProfitMargin" : 17.21,
    "netProfit" : 315.22
  }, {
    "date" : "2022-06-30",
    "sales" : 1384.94,
    "salesGrowthYoY" : 92.53,
    "grossProfitMargin" : 18.05,
    "grossProfit" : 249.98,
    "operatingProfitMargin" : 5.09,
    "operatingProfit" : 70.49,
    "netProfitMargin" : 5.81,
    "netProfit" : 80.47
  }, {
    "date" : "2022-09-30",
    "sales" : 1616.28,
    "salesGrowthYoY" : 39.66,
    "grossProfitMargin" : 10.43,
    "grossProfit" : 168.58,
    "operatingProfitMargin" : -7.27,
    "operatingProfit" : -117.50,
    "netProfitMargin" : -0.97,
    "netProfit" : -15.68
  }, {
    "date" : "2022-12-31",
    "sales" : 1729.49,
    "salesGrowthYoY" : 25.23,
    "grossProfitMargin" : 24.56,
    "grossProfit" : 424.76,
    "operatingProfitMargin" : 7.14,
    "operatingProfit" : 123.49,
    "netProfitMargin" : 1.38,
    "netProfit" : 23.87
  }, {
    "date" : "2023-03-31",
    "sales" : 3138.04,
    "salesGrowthYoY" : 71.33,
    "grossProfitMargin" : 24.06,
    "grossProfit" : 755.01,
    "operatingProfitMargin" : 11.85,
    "operatingProfit" : 371.86,
    "netProfitMargin" : 6.46,
    "netProfit" : 202.72
  }, {
    "date" : "2023-06-30",
    "sales" : 2103.25,
    "salesGrowthYoY" : 51.87,
    "grossProfitMargin" : 22.69,
    "grossProfit" : 477.23,
    "operatingProfitMargin" : 8.31,
    "operatingProfit" : 174.78,
    "netProfitMargin" : 4.15,
    "netProfit" : 87.28
  }, {
    "date" : "2023-09-30",
    "sales" : 1778.34,
    "salesGrowthYoY" : 10.03,
    "grossProfitMargin" : 22.97,
    "grossProfit" : 408.48,
    "operatingProfitMargin" : 3.93,
    "operatingProfit" : 69.89,
    "netProfitMargin" : 10.03,
    "netProfit" : 178.37
  }, {
    "date" : "2023-12-31",
    "sales" : 2322.73,
    "salesGrowthYoY" : 34.30,
    "grossProfitMargin" : 20.25,
    "grossProfit" : 470.35,
    "operatingProfitMargin" : 4.70,
    "operatingProfit" : 109.17,
    "netProfitMargin" : 0.94,
    "netProfit" : 21.83
  }, {
    "date" : "2024-03-31",
    "sales" : 2877.46,
    "salesGrowthYoY" : -8.30,
    "grossProfitMargin" : 17.13,
    "grossProfit" : 492.91,
    "operatingProfitMargin" : 4.70,
    "operatingProfit" : 135.24,
    "netProfitMargin" : 6.56,
    "netProfit" : 188.76
  }, {
    "date" : "2024-06-30",
    "sales" : 2072.51,
    "salesGrowthYoY" : -1.46,
    "grossProfitMargin" : 25.66,
    "grossProfit" : 531.81,
    "operatingProfitMargin" : 9.97,
    "operatingProfit" : 206.63,
    "netProfitMargin" : 5.48,
    "netProfit" : 113.57
  }, {
    "date" : "2024-09-30",
    "sales" : 2032.88,
    "salesGrowthYoY" : 14.31,
    "grossProfitMargin" : 26.35,
    "grossProfit" : 535.66,
    "operatingProfitMargin" : 9.42,
    "operatingProfit" : 191.50,
    "netProfitMargin" : 5.33,
    "netProfit" : 108.35
  }, {
    "date" : "2024-12-31",
    "sales" : 2448.74,
    "salesGrowthYoY" : 5.43,
    "grossProfitMargin" : 26.58,
    "grossProfit" : 650.88,
    "operatingProfitMargin" : 10.94,
    "operatingProfit" : 267.89,
    "netProfitMargin" : 6.37,
    "netProfit" : 155.98
  }, {
    "date" : "2025-03-31",
    "sales" : 2281.06,
    "salesGrowthYoY" : -20.73,
    "grossProfitMargin" : 26.70,
    "grossProfit" : 609.04,
    "operatingProfitMargin" : 10.68,
    "operatingProfit" : 243.62,
    "netProfitMargin" : 6.59,
    "netProfit" : 150.32
  }, {
    "date" : "2025-06-30",
    "sales" : 1828.35,
    "salesGrowthYoY" : -11.78,
    "grossProfitMargin" : 32.96,
    "grossProfit" : 602.62,
    "operatingProfitMargin" : 12.93,
    "operatingProfit" : 236.41,
    "netProfitMargin" : 11.72,
    "netProfit" : 214.28
  }, {
    "date" : "2025-09-30",
    "sales" : 1822.41,
    "salesGrowthYoY" : -10.35,
    "grossProfitMargin" : 29.92,
    "grossProfit" : 545.27,
    "operatingProfitMargin" : 10.33,
    "operatingProfit" : 188.25,
    "netProfitMargin" : 12.70,
    "netProfit" : 231.45
  } ],
  "latestQuarterlyResult" : {
    "date" : "2025-09-30",
    "sales" : 1822.41,
    "salesGrowthYoY" : -10.35,
    "grossProfitMargin" : 29.92,
    "grossProfit" : 545.27,
    "operatingProfitMargin" : 10.33,
    "operatingProfit" : 188.25,
    "netProfitMargin" : 12.70,
    "netProfit" : 231.45
  },
  "companyScore" : {
    "priceHigherThanDma50" : 0.00,
    "priceHigherThanDma100" : 0.00,
    "priceHigherThanDma200" : 0.00,
    "dma50HigherThanDma100" : 0.00,
    "dma50HigherThanDma200" : 0.00,
    "dma100HigherThanDma200" : 5.00,
    "pricePercentageAboveDma50" : 5.18,
    "pricePercentageAboveDma100" : 5.31,
    "pricePercentageAboveDma200" : 5.19,
    "weeklyVolumeHigherThanYearlyVolume" : 0.00,
    "salesGrowthPercentile" : 6.58,
    "operatingProfitMarginPercentile" : 15.92,
    "netProfitMarginPercentile" : 9.40,
    "totalTechnicalScore" : 20.67,
    "totalFundamentalScore" : 31.90,
    "totalScore" : 52.57
  }
}