{
  "metadata" : {
    "screenerCompanyId" : "3757",
    "companyCode" : "WINDMACHIN",
    "companyName" : "Windsor Machines",
    "screenerCompanyLink" : "https://www.screener.in/company/WINDMACHIN/consolidated/",
    "screenerTechnicalHistoryLink" : "https://www.screener.in/api/company/3757/chart/?q=Price-DMA50-DMA200-Volume&days=365",
    "screenerQuarterlyResultsLink" : "https://www.screener.in/api/company/3757/chart/?q=GPM-OPM-NPM-Quarter+Sales&days=10000",
    "attributes" : {
      "companyCode" : "WINDMACHIN",
      "companyName" : "Windsor Machines",
      "marketCap" : 2256.00,
      "peRatio" : 815.00,
      "description" : "Incorporated in 1963, Windsor Machines Ltd is in the business of manufacturing plastic processing machinery[1]"
    },
    "companyScore" : {
      "priceHigherThanDma50" : 0.00,
      "priceHigherThanDma100" : 0.00,
      "priceHigherThanDma200" : 0.00,
      "dma50HigherThanDma100" : 0.00,
      "dma50HigherThanDma200" : 0.00,
      "dma100HigherThanDma200" : 0.00,
      "pricePercentageAboveDma50" : 5.26,
      "pricePercentageAboveDma100" : 5.50,
      "pricePercentageAboveDma200" : 5.58,
      "weeklyVolumeHigherThanYearlyVolume" : 0.00,
      "salesGrowthPercentile" : 18.73,
      "operatingProfitMarginPercentile" : 14.29,
      "netProfitMarginPercentile" : 4.59,
      "totalTechnicalScore" : 16.34,
      "totalFundamentalScore" : 37.61,
      "totalScore" : 53.95
    }
  },
  "attributes" : {
    "companyCode" : "WINDMACHIN",
    "companyName" : "Windsor Machines",
    "marketCap" : 2256.00,
    "peRatio" : 815.00,
    "description" : "Incorporated in 1963, Windsor Machines Ltd is in the business of manufacturing plastic processing machinery[1]"
  },
  "technicalHistory" : [ {
    "date" : "2025-01-20",
    "price" : 350.85,
    "dma50" : 331.11,
    "dma100" : null,
    "dma200" : 225.65,
    "volume" : 106683.00
  }, {
    "date" : "2025-01-21",
    "price" : 352.30,
    "dma50" : 331.94,
    "dma100" : null,
    "dma200" : 226.91,
    "volume" : 72416.00
  }, {
    "date" : "2025-01-22",
    "price" : 339.15,
    "dma50" : 332.22,
    "dma100" : null,
    "dma200" : 228.02,
    "volume" : 58759.00
  }, {
    "date" : "2025-01-23",
    "price" : 337.20,
    "dma50" : 332.41,
    "dma100" : null,
    "dma200" : 229.11,
    "volume" : 38116.00
  }, {
    "date" : "2025-01-24",
    "price" : 324.50,
    "dma50" : 332.10,
    "dma100" : null,
    "dma200" : 230.06,
    "volume" : 56441.00
  }, {
    "date" : "2025-01-27",
    "price" : 308.30,
    "dma50" : 331.17,
    "dma100" : null,
    "dma200" : 230.84,
    "volume" : 49399.00
  }, {
    "date" : "2025-01-28",
    "price" : 295.80,
    "dma50" : 329.78,
    "dma100" : null,
    "dma200" : 231.48,
    "volume" : 158790.00
  }, {
    "date" : "2025-01-29",
    "price" : 297.05,
    "dma50" : 328.50,
    "dma100" : null,
    "dma200" : 232.14,
    "volume" : 222935.00
  }, {
    "date" : "2025-01-30",
    "price" : 301.30,
    "dma50" : 327.43,
    "dma100" : null,
    "dma200" : 232.82,
    "volume" : 68230.00
  }, {
    "date" : "2025-01-31",
    "price" : 305.75,
    "dma50" : 326.58,
    "dma100" : null,
    "dma200" : 233.55,
    "volume" : 92259.00
  }, {
    "date" : "2025-02-01",
    "price" : 321.00,
    "dma50" : 326.36,
    "dma100" : null,
    "dma200" : 234.42,
    "volume" : 159668.00
  }, {
    "date" : "2025-02-03",
    "price" : 307.20,
    "dma50" : 325.61,
    "dma100" : null,
    "dma200" : 235.14,
    "volume" : 157008.00
  }, {
    "date" : "2025-02-04",
    "price" : 315.45,
    "dma50" : 325.21,
    "dma100" : null,
    "dma200" : 235.94,
    "volume" : 82083.00
  }, {
    "date" : "2025-02-05",
    "price" : 318.40,
    "dma50" : 324.95,
    "dma100" : null,
    "dma200" : 236.76,
    "volume" : 55296.00
  }, {
    "date" : "2025-02-06",
    "price" : 325.20,
    "dma50" : 324.96,
    "dma100" : null,
    "dma200" : 237.64,
    "volume" : 130126.00
  }, {
    "date" : "2025-02-07",
    "price" : 319.70,
    "dma50" : 324.75,
    "dma100" : null,
    "dma200" : 238.46,
    "volume" : 82508.00
  }, {
    "date" : "2025-02-10",
    "price" : 310.00,
    "dma50" : 324.17,
    "dma100" : null,
    "dma200" : 239.17,
    "volume" : 125751.00
  }, {
    "date" : "2025-02-11",
    "price" : 294.50,
    "dma50" : 323.01,
    "dma100" : null,
    "dma200" : 239.72,
    "volume" : 102862.00
  }, {
    "date" : "2025-02-12",
    "price" : 288.15,
    "dma50" : 321.64,
    "dma100" : null,
    "dma200" : 240.20,
    "volume" : 232575.00
  }, {
    "date" : "2025-02-13",
    "price" : 273.75,
    "dma50" : 319.76,
    "dma100" : null,
    "dma200" : 240.54,
    "volume" : 156888.00
  }, {
    "date" : "2025-02-14",
    "price" : 265.95,
    "dma50" : 317.65,
    "dma100" : null,
    "dma200" : 240.79,
    "volume" : 130744.00
  }, {
    "date" : "2025-02-17",
    "price" : 258.80,
    "dma50" : 315.35,
    "dma100" : null,
    "dma200" : 240.97,
    "volume" : 167693.00
  }, {
    "date" : "2025-02-18",
    "price" : 245.95,
    "dma50" : 312.62,
    "dma100" : null,
    "dma200" : 241.02,
    "volume" : 105328.00
  }, {
    "date" : "2025-02-19",
    "price" : 258.20,
    "dma50" : 310.49,
    "dma100" : null,
    "dma200" : 241.19,
    "volume" : 77156.00
  }, {
    "date" : "2025-02-20",
    "price" : 271.10,
    "dma50" : 308.94,
    "dma100" : null,
    "dma200" : 241.49,
    "volume" : 68234.00
  }, {
    "date" : "2025-02-21",
    "price" : 270.50,
    "dma50" : 307.44,
    "dma100" : null,
    "dma200" : 241.78,
    "volume" : 148028.00
  }, {
    "date" : "2025-02-24",
    "price" : 264.10,
    "dma50" : 305.74,
    "dma100" : null,
    "dma200" : 242.00,
    "volume" : 61559.00
  }, {
    "date" : "2025-02-25",
    "price" : 268.40,
    "dma50" : 304.27,
    "dma100" : null,
    "dma200" : 242.26,
    "volume" : 142972.00
  }, {
    "date" : "2025-02-27",
    "price" : 255.35,
    "dma50" : 302.35,
    "dma100" : null,
    "dma200" : 242.39,
    "volume" : 95524.00
  }, {
    "date" : "2025-02-28",
    "price" : 242.70,
    "dma50" : 300.02,
    "dma100" : null,
    "dma200" : 242.39,
    "volume" : 74179.00
  }, {
    "date" : "2025-03-03",
    "price" : 243.72,
    "dma50" : 297.81,
    "dma100" : null,
    "dma200" : 242.41,
    "volume" : 213441.00
  }, {
    "date" : "2025-03-04",
    "price" : 255.90,
    "dma50" : 296.16,
    "dma100" : null,
    "dma200" : 242.54,
    "volume" : 74779.00
  }, {
    "date" : "2025-03-05",
    "price" : 268.69,
    "dma50" : 295.09,
    "dma100" : null,
    "dma200" : 242.80,
    "volume" : 80425.00
  }, {
    "date" : "2025-03-06",
    "price" : 277.39,
    "dma50" : 294.39,
    "dma100" : null,
    "dma200" : 243.15,
    "volume" : 225838.00
  }, {
    "date" : "2025-03-07",
    "price" : 289.26,
    "dma50" : 294.19,
    "dma100" : null,
    "dma200" : 243.61,
    "volume" : 224058.00
  }, {
    "date" : "2025-03-10",
    "price" : 283.81,
    "dma50" : 293.78,
    "dma100" : null,
    "dma200" : 244.01,
    "volume" : 162223.00
  }, {
    "date" : "2025-03-11",
    "price" : 290.90,
    "dma50" : 293.67,
    "dma100" : null,
    "dma200" : 244.47,
    "volume" : 80685.00
  }, {
    "date" : "2025-03-12",
    "price" : 279.15,
    "dma50" : 293.10,
    "dma100" : null,
    "dma200" : 244.82,
    "volume" : 69675.00
  }, {
    "date" : "2025-03-13",
    "price" : 265.56,
    "dma50" : 292.02,
    "dma100" : null,
    "dma200" : 245.02,
    "volume" : 50456.00
  }, {
    "date" : "2025-03-17",
    "price" : 255.43,
    "dma50" : 290.59,
    "dma100" : null,
    "dma200" : 245.13,
    "volume" : 222209.00
  }, {
    "date" : "2025-03-18",
    "price" : 268.20,
    "dma50" : 289.71,
    "dma100" : null,
    "dma200" : 245.36,
    "volume" : 50767.00
  }, {
    "date" : "2025-03-19",
    "price" : 281.61,
    "dma50" : 289.39,
    "dma100" : null,
    "dma200" : 245.72,
    "volume" : 15188.00
  }, {
    "date" : "2025-03-20",
    "price" : 295.69,
    "dma50" : 289.64,
    "dma100" : null,
    "dma200" : 246.21,
    "volume" : 264446.00
  }, {
    "date" : "2025-03-21",
    "price" : 310.47,
    "dma50" : 290.46,
    "dma100" : null,
    "dma200" : 246.85,
    "volume" : 71263.00
  }, {
    "date" : "2025-03-24",
    "price" : 325.99,
    "dma50" : 291.85,
    "dma100" : null,
    "dma200" : 247.64,
    "volume" : 34547.00
  }, {
    "date" : "2025-03-25",
    "price" : 342.08,
    "dma50" : 293.82,
    "dma100" : null,
    "dma200" : 248.58,
    "volume" : 659680.00
  }, {
    "date" : "2025-03-26",
    "price" : 326.67,
    "dma50" : 295.11,
    "dma100" : null,
    "dma200" : 249.36,
    "volume" : 189339.00
  }, {
    "date" : "2025-03-27",
    "price" : 328.50,
    "dma50" : 296.42,
    "dma100" : null,
    "dma200" : 250.15,
    "volume" : 119242.00
  }, {
    "date" : "2025-03-28",
    "price" : 320.46,
    "dma50" : 297.36,
    "dma100" : null,
    "dma200" : 250.85,
    "volume" : 95360.00
  }, {
    "date" : "2025-04-01",
    "price" : 324.50,
    "dma50" : 298.42,
    "dma100" : null,
    "dma200" : 251.58,
    "volume" : 227005.00
  }, {
    "date" : "2025-04-02",
    "price" : 329.50,
    "dma50" : 299.64,
    "dma100" : null,
    "dma200" : 252.35,
    "volume" : 82841.00
  }, {
    "date" : "2025-04-03",
    "price" : 324.10,
    "dma50" : 300.60,
    "dma100" : null,
    "dma200" : 253.07,
    "volume" : 140928.00
  }, {
    "date" : "2025-04-04",
    "price" : 308.95,
    "dma50" : 300.93,
    "dma100" : null,
    "dma200" : 253.62,
    "volume" : 103127.00
  }, {
    "date" : "2025-04-07",
    "price" : 290.00,
    "dma50" : 300.50,
    "dma100" : null,
    "dma200" : 253.99,
    "volume" : 218074.00
  }, {
    "date" : "2025-04-08",
    "price" : 292.15,
    "dma50" : 300.17,
    "dma100" : null,
    "dma200" : 254.37,
    "volume" : 100168.00
  }, {
    "date" : "2025-04-09",
    "price" : 288.40,
    "dma50" : 299.71,
    "dma100" : null,
    "dma200" : 254.70,
    "volume" : 64422.00
  }, {
    "date" : "2025-04-11",
    "price" : 290.30,
    "dma50" : 299.34,
    "dma100" : null,
    "dma200" : 255.06,
    "volume" : 46056.00
  }, {
    "date" : "2025-04-15",
    "price" : 310.55,
    "dma50" : 299.78,
    "dma100" : null,
    "dma200" : 255.61,
    "volume" : 159159.00
  }, {
    "date" : "2025-04-16",
    "price" : 317.75,
    "dma50" : 300.49,
    "dma100" : null,
    "dma200" : 256.23,
    "volume" : 143110.00
  }, {
    "date" : "2025-04-17",
    "price" : 317.60,
    "dma50" : 301.16,
    "dma100" : null,
    "dma200" : 256.84,
    "volume" : 72736.00
  }, {
    "date" : "2025-04-21",
    "price" : 324.10,
    "dma50" : 302.06,
    "dma100" : null,
    "dma200" : 257.51,
    "volume" : 161576.00
  }, {
    "date" : "2025-04-22",
    "price" : 315.80,
    "dma50" : 302.60,
    "dma100" : null,
    "dma200" : 258.09,
    "volume" : 99988.00
  }, {
    "date" : "2025-04-23",
    "price" : 325.95,
    "dma50" : 303.51,
    "dma100" : null,
    "dma200" : 258.76,
    "volume" : 222055.00
  }, {
    "date" : "2025-04-24",
    "price" : 323.95,
    "dma50" : 304.31,
    "dma100" : null,
    "dma200" : 259.41,
    "volume" : 71552.00
  }, {
    "date" : "2025-04-25",
    "price" : 312.60,
    "dma50" : 304.64,
    "dma100" : null,
    "dma200" : 259.94,
    "volume" : 265161.00
  }, {
    "date" : "2025-04-28",
    "price" : 317.35,
    "dma50" : 305.14,
    "dma100" : null,
    "dma200" : 260.51,
    "volume" : 103883.00
  }, {
    "date" : "2025-04-29",
    "price" : 320.05,
    "dma50" : 305.72,
    "dma100" : null,
    "dma200" : 261.11,
    "volume" : 85036.00
  }, {
    "date" : "2025-04-30",
    "price" : 311.10,
    "dma50" : 305.93,
    "dma100" : null,
    "dma200" : 261.60,
    "volume" : 71530.00
  }, {
    "date" : "2025-05-02",
    "price" : 317.55,
    "dma50" : 306.39,
    "dma100" : null,
    "dma200" : 262.16,
    "volume" : 95901.00
  }, {
    "date" : "2025-05-05",
    "price" : 342.80,
    "dma50" : 307.82,
    "dma100" : null,
    "dma200" : 262.96,
    "volume" : 466988.00
  }, {
    "date" : "2025-05-06",
    "price" : 312.50,
    "dma50" : 308.00,
    "dma100" : null,
    "dma200" : 263.45,
    "volume" : 418449.00
  }, {
    "date" : "2025-05-07",
    "price" : 322.25,
    "dma50" : 308.56,
    "dma100" : null,
    "dma200" : 264.04,
    "volume" : 207448.00
  }, {
    "date" : "2025-05-08",
    "price" : 330.00,
    "dma50" : 309.40,
    "dma100" : null,
    "dma200" : 264.70,
    "volume" : 311781.00
  }, {
    "date" : "2025-05-09",
    "price" : 333.70,
    "dma50" : 310.35,
    "dma100" : null,
    "dma200" : 265.38,
    "volume" : 175263.00
  }, {
    "date" : "2025-05-12",
    "price" : 353.20,
    "dma50" : 312.03,
    "dma100" : null,
    "dma200" : 266.26,
    "volume" : 484198.00
  }, {
    "date" : "2025-05-13",
    "price" : 361.15,
    "dma50" : 313.96,
    "dma100" : null,
    "dma200" : 267.20,
    "volume" : 273041.00
  }, {
    "date" : "2025-05-14",
    "price" : 354.25,
    "dma50" : 315.54,
    "dma100" : null,
    "dma200" : 268.07,
    "volume" : 179724.00
  }, {
    "date" : "2025-05-15",
    "price" : 362.55,
    "dma50" : 317.38,
    "dma100" : null,
    "dma200" : 269.01,
    "volume" : 294942.00
  }, {
    "date" : "2025-05-16",
    "price" : 378.70,
    "dma50" : 319.79,
    "dma100" : null,
    "dma200" : 270.10,
    "volume" : 327862.00
  }, {
    "date" : "2025-05-19",
    "price" : 370.80,
    "dma50" : 321.79,
    "dma100" : null,
    "dma200" : 271.10,
    "volume" : 268493.00
  }, {
    "date" : "2025-05-20",
    "price" : 366.30,
    "dma50" : 323.53,
    "dma100" : null,
    "dma200" : 272.05,
    "volume" : 202886.00
  }, {
    "date" : "2025-05-21",
    "price" : 370.65,
    "dma50" : 325.38,
    "dma100" : null,
    "dma200" : 273.03,
    "volume" : 117874.00
  }, {
    "date" : "2025-05-22",
    "price" : 373.60,
    "dma50" : 327.27,
    "dma100" : null,
    "dma200" : 274.03,
    "volume" : 129545.00
  }, {
    "date" : "2025-05-23",
    "price" : 378.60,
    "dma50" : 329.28,
    "dma100" : null,
    "dma200" : 275.07,
    "volume" : 180155.00
  }, {
    "date" : "2025-05-26",
    "price" : 364.15,
    "dma50" : 330.65,
    "dma100" : null,
    "dma200" : 275.96,
    "volume" : 328099.00
  }, {
    "date" : "2025-05-27",
    "price" : 365.55,
    "dma50" : 332.02,
    "dma100" : null,
    "dma200" : 276.85,
    "volume" : 134941.00
  }, {
    "date" : "2025-05-28",
    "price" : 359.75,
    "dma50" : 333.11,
    "dma100" : null,
    "dma200" : 277.67,
    "volume" : 89000.00
  }, {
    "date" : "2025-05-29",
    "price" : 361.85,
    "dma50" : 334.24,
    "dma100" : null,
    "dma200" : 278.51,
    "volume" : 110694.00
  }, {
    "date" : "2025-05-30",
    "price" : 359.40,
    "dma50" : 335.22,
    "dma100" : null,
    "dma200" : 279.32,
    "volume" : 74446.00
  }, {
    "date" : "2025-06-02",
    "price" : 359.80,
    "dma50" : 336.19,
    "dma100" : null,
    "dma200" : 280.12,
    "volume" : 174451.00
  }, {
    "date" : "2025-06-03",
    "price" : 353.20,
    "dma50" : 336.85,
    "dma100" : null,
    "dma200" : 280.84,
    "volume" : 76909.00
  }, {
    "date" : "2025-06-04",
    "price" : 347.70,
    "dma50" : 337.28,
    "dma100" : null,
    "dma200" : 281.51,
    "volume" : 96482.00
  }, {
    "date" : "2025-06-05",
    "price" : 347.55,
    "dma50" : 337.68,
    "dma100" : null,
    "dma200" : 282.17,
    "volume" : 80379.00
  }, {
    "date" : "2025-06-06",
    "price" : 344.95,
    "dma50" : 337.97,
    "dma100" : null,
    "dma200" : 282.79,
    "volume" : 113814.00
  }, {
    "date" : "2025-06-09",
    "price" : 370.30,
    "dma50" : 339.23,
    "dma100" : null,
    "dma200" : 283.66,
    "volume" : 535446.00
  }, {
    "date" : "2025-06-10",
    "price" : 371.65,
    "dma50" : 340.51,
    "dma100" : null,
    "dma200" : 284.54,
    "volume" : 154625.00
  }, {
    "date" : "2025-06-11",
    "price" : 372.20,
    "dma50" : 341.75,
    "dma100" : null,
    "dma200" : 285.41,
    "volume" : 336288.00
  }, {
    "date" : "2025-06-12",
    "price" : 375.20,
    "dma50" : 343.06,
    "dma100" : null,
    "dma200" : 286.30,
    "volume" : 289359.00
  }, {
    "date" : "2025-06-13",
    "price" : 381.00,
    "dma50" : 344.55,
    "dma100" : null,
    "dma200" : 287.24,
    "volume" : 675814.00
  }, {
    "date" : "2025-06-16",
    "price" : 379.15,
    "dma50" : 345.90,
    "dma100" : null,
    "dma200" : 288.16,
    "volume" : 252104.00
  }, {
    "date" : "2025-06-17",
    "price" : 368.15,
    "dma50" : 346.78,
    "dma100" : 318.00,
    "dma200" : 288.95,
    "volume" : 946816.00
  }, {
    "date" : "2025-06-18",
    "price" : 366.60,
    "dma50" : 347.55,
    "dma100" : 318.14,
    "dma200" : 289.73,
    "volume" : 212583.00
  }, {
    "date" : "2025-06-19",
    "price" : 351.75,
    "dma50" : 347.72,
    "dma100" : 318.27,
    "dma200" : 290.34,
    "volume" : 212752.00
  }, {
    "date" : "2025-06-20",
    "price" : 358.55,
    "dma50" : 348.14,
    "dma100" : 318.48,
    "dma200" : 291.02,
    "volume" : 124510.00
  }, {
    "date" : "2025-06-23",
    "price" : 353.00,
    "dma50" : 348.33,
    "dma100" : 318.77,
    "dma200" : 291.64,
    "volume" : 126103.00
  }, {
    "date" : "2025-06-24",
    "price" : 346.95,
    "dma50" : 348.28,
    "dma100" : 319.15,
    "dma200" : 292.19,
    "volume" : 150489.00
  }, {
    "date" : "2025-06-25",
    "price" : 367.90,
    "dma50" : 349.05,
    "dma100" : 319.88,
    "dma200" : 292.94,
    "volume" : 207477.00
  }, {
    "date" : "2025-06-26",
    "price" : 376.80,
    "dma50" : 350.14,
    "dma100" : 320.67,
    "dma200" : 293.78,
    "volume" : 247696.00
  }, {
    "date" : "2025-06-27",
    "price" : 387.95,
    "dma50" : 351.62,
    "dma100" : 321.54,
    "dma200" : 294.72,
    "volume" : 740453.00
  }, {
    "date" : "2025-06-30",
    "price" : 396.80,
    "dma50" : 353.39,
    "dma100" : 322.45,
    "dma200" : 295.73,
    "volume" : 263410.00
  }, {
    "date" : "2025-07-01",
    "price" : 392.85,
    "dma50" : 354.94,
    "dma100" : 323.17,
    "dma200" : 296.70,
    "volume" : 174005.00
  }, {
    "date" : "2025-07-02",
    "price" : 382.75,
    "dma50" : 356.03,
    "dma100" : 323.92,
    "dma200" : 297.55,
    "volume" : 175092.00
  }, {
    "date" : "2025-07-03",
    "price" : 379.85,
    "dma50" : 356.96,
    "dma100" : 324.57,
    "dma200" : 298.37,
    "volume" : 91835.00
  }, {
    "date" : "2025-07-04",
    "price" : 377.65,
    "dma50" : 357.78,
    "dma100" : 325.16,
    "dma200" : 299.16,
    "volume" : 128239.00
  }, {
    "date" : "2025-07-07",
    "price" : 380.70,
    "dma50" : 358.67,
    "dma100" : 325.72,
    "dma200" : 299.97,
    "volume" : 380624.00
  }, {
    "date" : "2025-07-08",
    "price" : 381.40,
    "dma50" : 359.57,
    "dma100" : 326.33,
    "dma200" : 300.78,
    "volume" : 86844.00
  }, {
    "date" : "2025-07-09",
    "price" : 373.70,
    "dma50" : 360.12,
    "dma100" : 326.97,
    "dma200" : 301.51,
    "volume" : 110238.00
  }, {
    "date" : "2025-07-10",
    "price" : 370.45,
    "dma50" : 360.53,
    "dma100" : 327.73,
    "dma200" : 302.19,
    "volume" : 142724.00
  }, {
    "date" : "2025-07-11",
    "price" : 364.15,
    "dma50" : 360.67,
    "dma100" : 328.49,
    "dma200" : 302.81,
    "volume" : 94499.00
  }, {
    "date" : "2025-07-14",
    "price" : 364.75,
    "dma50" : 360.83,
    "dma100" : 329.40,
    "dma200" : 303.43,
    "volume" : 80966.00
  }, {
    "date" : "2025-07-15",
    "price" : 361.90,
    "dma50" : 360.87,
    "dma100" : 330.36,
    "dma200" : 304.01,
    "volume" : 193610.00
  }, {
    "date" : "2025-07-16",
    "price" : 362.15,
    "dma50" : 360.92,
    "dma100" : 331.39,
    "dma200" : 304.59,
    "volume" : 102241.00
  }, {
    "date" : "2025-07-17",
    "price" : 351.95,
    "dma50" : 360.57,
    "dma100" : 332.45,
    "dma200" : 305.06,
    "volume" : 196953.00
  }, {
    "date" : "2025-07-18",
    "price" : 358.00,
    "dma50" : 360.47,
    "dma100" : 333.45,
    "dma200" : 305.59,
    "volume" : 197945.00
  }, {
    "date" : "2025-07-21",
    "price" : 356.35,
    "dma50" : 360.31,
    "dma100" : 334.30,
    "dma200" : 306.09,
    "volume" : 70469.00
  }, {
    "date" : "2025-07-22",
    "price" : 347.85,
    "dma50" : 359.82,
    "dma100" : 335.08,
    "dma200" : 306.51,
    "volume" : 104313.00
  }, {
    "date" : "2025-07-23",
    "price" : 353.15,
    "dma50" : 359.56,
    "dma100" : 335.97,
    "dma200" : 306.97,
    "volume" : 150485.00
  }, {
    "date" : "2025-07-24",
    "price" : 352.70,
    "dma50" : 359.29,
    "dma100" : 336.81,
    "dma200" : 307.43,
    "volume" : 146619.00
  }, {
    "date" : "2025-07-25",
    "price" : 343.60,
    "dma50" : 358.67,
    "dma100" : 337.69,
    "dma200" : 307.79,
    "volume" : 105028.00
  }, {
    "date" : "2025-07-28",
    "price" : 331.25,
    "dma50" : 357.60,
    "dma100" : 338.58,
    "dma200" : 308.02,
    "volume" : 106973.00
  }, {
    "date" : "2025-07-29",
    "price" : 339.80,
    "dma50" : 356.90,
    "dma100" : 339.54,
    "dma200" : 308.33,
    "volume" : 127457.00
  }, {
    "date" : "2025-07-30",
    "price" : 329.40,
    "dma50" : 355.82,
    "dma100" : 340.27,
    "dma200" : 308.54,
    "volume" : 56908.00
  }, {
    "date" : "2025-07-31",
    "price" : 336.65,
    "dma50" : 355.07,
    "dma100" : 340.95,
    "dma200" : 308.82,
    "volume" : 139730.00
  }, {
    "date" : "2025-08-01",
    "price" : 331.50,
    "dma50" : 354.14,
    "dma100" : 341.49,
    "dma200" : 309.05,
    "volume" : 62907.00
  }, {
    "date" : "2025-08-04",
    "price" : 335.30,
    "dma50" : 353.41,
    "dma100" : 341.95,
    "dma200" : 309.31,
    "volume" : 52012.00
  }, {
    "date" : "2025-08-05",
    "price" : 330.95,
    "dma50" : 352.52,
    "dma100" : 342.43,
    "dma200" : 309.53,
    "volume" : 42383.00
  }, {
    "date" : "2025-08-06",
    "price" : 329.25,
    "dma50" : 351.61,
    "dma100" : 342.81,
    "dma200" : 309.72,
    "volume" : 294381.00
  }, {
    "date" : "2025-08-07",
    "price" : 322.90,
    "dma50" : 350.49,
    "dma100" : 343.25,
    "dma200" : 309.85,
    "volume" : 58302.00
  }, {
    "date" : "2025-08-08",
    "price" : 309.80,
    "dma50" : 348.89,
    "dma100" : 343.69,
    "dma200" : 309.85,
    "volume" : 121512.00
  }, {
    "date" : "2025-08-11",
    "price" : 328.70,
    "dma50" : 348.10,
    "dma100" : 344.42,
    "dma200" : 310.04,
    "volume" : 129208.00
  }, {
    "date" : "2025-08-12",
    "price" : 326.35,
    "dma50" : 347.25,
    "dma100" : 345.00,
    "dma200" : 310.20,
    "volume" : 59433.00
  }, {
    "date" : "2025-08-13",
    "price" : 326.45,
    "dma50" : 346.43,
    "dma100" : 345.45,
    "dma200" : 310.36,
    "volume" : 57301.00
  }, {
    "date" : "2025-08-14",
    "price" : 322.70,
    "dma50" : 345.50,
    "dma100" : 345.72,
    "dma200" : 310.49,
    "volume" : 31414.00
  }, {
    "date" : "2025-08-18",
    "price" : 330.05,
    "dma50" : 344.89,
    "dma100" : 345.92,
    "dma200" : 310.68,
    "volume" : 47387.00
  }, {
    "date" : "2025-08-19",
    "price" : 337.20,
    "dma50" : 344.59,
    "dma100" : 346.03,
    "dma200" : 310.95,
    "volume" : 65072.00
  }, {
    "date" : "2025-08-20",
    "price" : 331.65,
    "dma50" : 344.08,
    "dma100" : 345.93,
    "dma200" : 311.15,
    "volume" : 48527.00
  }, {
    "date" : "2025-08-21",
    "price" : 328.15,
    "dma50" : 343.46,
    "dma100" : 345.94,
    "dma200" : 311.32,
    "volume" : 159734.00
  }, {
    "date" : "2025-08-22",
    "price" : 319.25,
    "dma50" : 342.51,
    "dma100" : 345.85,
    "dma200" : 311.40,
    "volume" : 55004.00
  }, {
    "date" : "2025-08-25",
    "price" : 334.40,
    "dma50" : 342.19,
    "dma100" : 345.99,
    "dma200" : 311.63,
    "volume" : 370447.00
  }, {
    "date" : "2025-08-26",
    "price" : 332.80,
    "dma50" : 341.82,
    "dma100" : 346.07,
    "dma200" : 311.84,
    "volume" : 43538.00
  }, {
    "date" : "2025-08-28",
    "price" : 317.75,
    "dma50" : 340.88,
    "dma100" : 345.95,
    "dma200" : 311.90,
    "volume" : 176501.00
  }, {
    "date" : "2025-08-29",
    "price" : 324.10,
    "dma50" : 340.22,
    "dma100" : 345.95,
    "dma200" : 312.02,
    "volume" : 66326.00
  }, {
    "date" : "2025-09-01",
    "price" : 327.70,
    "dma50" : 339.73,
    "dma100" : 346.14,
    "dma200" : 312.18,
    "volume" : 62479.00
  }, {
    "date" : "2025-09-02",
    "price" : 323.30,
    "dma50" : 339.09,
    "dma100" : 346.47,
    "dma200" : 312.29,
    "volume" : 31685.00
  }, {
    "date" : "2025-09-03",
    "price" : 321.75,
    "dma50" : 338.41,
    "dma100" : 346.77,
    "dma200" : 312.38,
    "volume" : 33145.00
  }, {
    "date" : "2025-09-04",
    "price" : 316.30,
    "dma50" : 337.54,
    "dma100" : 347.05,
    "dma200" : 312.42,
    "volume" : 31954.00
  }, {
    "date" : "2025-09-05",
    "price" : 309.15,
    "dma50" : 336.43,
    "dma100" : 347.24,
    "dma200" : 312.39,
    "volume" : 56727.00
  }, {
    "date" : "2025-09-08",
    "price" : 310.70,
    "dma50" : 335.42,
    "dma100" : 347.24,
    "dma200" : 312.37,
    "volume" : 56481.00
  }, {
    "date" : "2025-09-09",
    "price" : 304.55,
    "dma50" : 334.21,
    "dma100" : 347.11,
    "dma200" : 312.29,
    "volume" : 109108.00
  }, {
    "date" : "2025-09-10",
    "price" : 310.40,
    "dma50" : 333.27,
    "dma100" : 347.03,
    "dma200" : 312.27,
    "volume" : 48582.00
  }, {
    "date" : "2025-09-11",
    "price" : 301.70,
    "dma50" : 332.04,
    "dma100" : 346.81,
    "dma200" : 312.17,
    "volume" : 55508.00
  }, {
    "date" : "2025-09-12",
    "price" : 300.30,
    "dma50" : 330.79,
    "dma100" : 346.66,
    "dma200" : 312.05,
    "volume" : 38085.00
  }, {
    "date" : "2025-09-15",
    "price" : 297.00,
    "dma50" : 329.47,
    "dma100" : 346.37,
    "dma200" : 311.90,
    "volume" : 52312.00
  }, {
    "date" : "2025-09-16",
    "price" : 297.30,
    "dma50" : 328.20,
    "dma100" : 346.10,
    "dma200" : 311.76,
    "volume" : 39317.00
  }, {
    "date" : "2025-09-17",
    "price" : 297.10,
    "dma50" : 326.98,
    "dma100" : 345.94,
    "dma200" : 311.61,
    "volume" : 45206.00
  }, {
    "date" : "2025-09-18",
    "price" : 300.75,
    "dma50" : 325.96,
    "dma100" : 345.78,
    "dma200" : 311.50,
    "volume" : 50196.00
  }, {
    "date" : "2025-09-19",
    "price" : 306.75,
    "dma50" : 325.20,
    "dma100" : 345.65,
    "dma200" : 311.45,
    "volume" : 55080.00
  }, {
    "date" : "2025-09-22",
    "price" : 297.95,
    "dma50" : 324.13,
    "dma100" : 345.51,
    "dma200" : 311.32,
    "volume" : 130051.00
  }, {
    "date" : "2025-09-23",
    "price" : 292.20,
    "dma50" : 322.88,
    "dma100" : 345.26,
    "dma200" : 311.13,
    "volume" : 53571.00
  }, {
    "date" : "2025-09-24",
    "price" : 288.30,
    "dma50" : 321.53,
    "dma100" : 344.72,
    "dma200" : 310.90,
    "volume" : 29386.00
  }, {
    "date" : "2025-09-25",
    "price" : 291.80,
    "dma50" : 320.36,
    "dma100" : 344.51,
    "dma200" : 310.71,
    "volume" : 31085.00
  }, {
    "date" : "2025-09-26",
    "price" : 283.95,
    "dma50" : 318.93,
    "dma100" : 344.13,
    "dma200" : 310.45,
    "volume" : 71124.00
  }, {
    "date" : "2025-09-29",
    "price" : 286.35,
    "dma50" : 317.65,
    "dma100" : 343.69,
    "dma200" : 310.21,
    "volume" : 108992.00
  }, {
    "date" : "2025-09-30",
    "price" : 293.50,
    "dma50" : 316.71,
    "dma100" : 343.29,
    "dma200" : 310.04,
    "volume" : 63065.00
  }, {
    "date" : "2025-10-01",
    "price" : 299.95,
    "dma50" : 316.05,
    "dma100" : 342.75,
    "dma200" : 309.94,
    "volume" : 141934.00
  }, {
    "date" : "2025-10-03",
    "price" : 293.40,
    "dma50" : 315.16,
    "dma100" : 342.08,
    "dma200" : 309.77,
    "volume" : 24081.00
  }, {
    "date" : "2025-10-06",
    "price" : 293.15,
    "dma50" : 314.30,
    "dma100" : 341.47,
    "dma200" : 309.61,
    "volume" : 16951.00
  }, {
    "date" : "2025-10-07",
    "price" : 296.25,
    "dma50" : 313.59,
    "dma100" : 340.80,
    "dma200" : 309.48,
    "volume" : 101173.00
  }, {
    "date" : "2025-10-08",
    "price" : 295.15,
    "dma50" : 312.87,
    "dma100" : 339.97,
    "dma200" : 309.33,
    "volume" : 24505.00
  }, {
    "date" : "2025-10-09",
    "price" : 295.80,
    "dma50" : 312.20,
    "dma100" : 339.22,
    "dma200" : 309.20,
    "volume" : 17971.00
  }, {
    "date" : "2025-10-10",
    "price" : 295.00,
    "dma50" : 311.52,
    "dma100" : 338.50,
    "dma200" : 309.06,
    "volume" : 33149.00
  }, {
    "date" : "2025-10-13",
    "price" : 308.85,
    "dma50" : 311.42,
    "dma100" : 337.89,
    "dma200" : 309.06,
    "volume" : 164474.00
  }, {
    "date" : "2025-10-14",
    "price" : 297.60,
    "dma50" : 310.88,
    "dma100" : 337.13,
    "dma200" : 308.94,
    "volume" : 135053.00
  }, {
    "date" : "2025-10-15",
    "price" : 298.30,
    "dma50" : 310.38,
    "dma100" : 336.32,
    "dma200" : 308.84,
    "volume" : 24868.00
  }, {
    "date" : "2025-10-16",
    "price" : 295.75,
    "dma50" : 309.81,
    "dma100" : 335.64,
    "dma200" : 308.71,
    "volume" : 20920.00
  }, {
    "date" : "2025-10-17",
    "price" : 296.85,
    "dma50" : 309.30,
    "dma100" : 334.95,
    "dma200" : 308.59,
    "volume" : 32831.00
  }, {
    "date" : "2025-10-20",
    "price" : 297.90,
    "dma50" : 308.85,
    "dma100" : 334.33,
    "dma200" : 308.48,
    "volume" : 23409.00
  }, {
    "date" : "2025-10-21",
    "price" : 295.90,
    "dma50" : 308.35,
    "dma100" : 333.67,
    "dma200" : 308.36,
    "volume" : 24263.00
  }, {
    "date" : "2025-10-23",
    "price" : 290.30,
    "dma50" : 307.64,
    "dma100" : 332.98,
    "dma200" : 308.18,
    "volume" : 70455.00
  }, {
    "date" : "2025-10-24",
    "price" : 284.35,
    "dma50" : 306.73,
    "dma100" : 332.23,
    "dma200" : 307.94,
    "volume" : 47443.00
  }, {
    "date" : "2025-10-27",
    "price" : 281.35,
    "dma50" : 305.73,
    "dma100" : 331.51,
    "dma200" : 307.68,
    "volume" : 32572.00
  }, {
    "date" : "2025-10-28",
    "price" : 272.75,
    "dma50" : 304.44,
    "dma100" : 330.76,
    "dma200" : 307.33,
    "volume" : 86584.00
  }, {
    "date" : "2025-10-29",
    "price" : 275.75,
    "dma50" : 303.31,
    "dma100" : 330.04,
    "dma200" : 307.01,
    "volume" : 53954.00
  }, {
    "date" : "2025-10-30",
    "price" : 281.45,
    "dma50" : 302.45,
    "dma100" : 329.41,
    "dma200" : 306.76,
    "volume" : 50851.00
  }, {
    "date" : "2025-10-31",
    "price" : 293.00,
    "dma50" : 302.08,
    "dma100" : 328.63,
    "dma200" : 306.62,
    "volume" : 150707.00
  }, {
    "date" : "2025-11-03",
    "price" : 287.15,
    "dma50" : 301.50,
    "dma100" : 327.79,
    "dma200" : 306.43,
    "volume" : 27761.00
  }, {
    "date" : "2025-11-04",
    "price" : 295.05,
    "dma50" : 301.25,
    "dma100" : 327.02,
    "dma200" : 306.32,
    "volume" : 81070.00
  }, {
    "date" : "2025-11-06",
    "price" : 297.65,
    "dma50" : 301.10,
    "dma100" : 326.24,
    "dma200" : 306.23,
    "volume" : 116121.00
  }, {
    "date" : "2025-11-07",
    "price" : 289.90,
    "dma50" : 300.66,
    "dma100" : 325.33,
    "dma200" : 306.07,
    "volume" : 39116.00
  }, {
    "date" : "2025-11-10",
    "price" : 299.15,
    "dma50" : 300.61,
    "dma100" : 324.53,
    "dma200" : 306.00,
    "volume" : 180152.00
  }, {
    "date" : "2025-11-11",
    "price" : 299.10,
    "dma50" : 300.55,
    "dma100" : 323.84,
    "dma200" : 305.93,
    "volume" : 43392.00
  }, {
    "date" : "2025-11-12",
    "price" : 292.45,
    "dma50" : 300.23,
    "dma100" : 323.10,
    "dma200" : 305.79,
    "volume" : 80018.00
  }, {
    "date" : "2025-11-13",
    "price" : 293.15,
    "dma50" : 299.95,
    "dma100" : 322.51,
    "dma200" : 305.67,
    "volume" : 38603.00
  }, {
    "date" : "2025-11-14",
    "price" : 292.35,
    "dma50" : 299.65,
    "dma100" : 321.85,
    "dma200" : 305.54,
    "volume" : 35749.00
  }, {
    "date" : "2025-11-17",
    "price" : 294.55,
    "dma50" : 299.45,
    "dma100" : 321.27,
    "dma200" : 305.43,
    "volume" : 62273.00
  }, {
    "date" : "2025-11-18",
    "price" : 292.75,
    "dma50" : 299.19,
    "dma100" : 320.73,
    "dma200" : 305.30,
    "volume" : 195438.00
  }, {
    "date" : "2025-11-19",
    "price" : 290.70,
    "dma50" : 298.86,
    "dma100" : 319.95,
    "dma200" : 305.16,
    "volume" : 131830.00
  }, {
    "date" : "2025-11-20",
    "price" : 289.10,
    "dma50" : 298.47,
    "dma100" : 319.08,
    "dma200" : 305.00,
    "volume" : 61653.00
  }, {
    "date" : "2025-11-21",
    "price" : 282.55,
    "dma50" : 297.85,
    "dma100" : 318.02,
    "dma200" : 304.77,
    "volume" : 45862.00
  }, {
    "date" : "2025-11-24",
    "price" : 279.20,
    "dma50" : 297.12,
    "dma100" : 316.85,
    "dma200" : 304.52,
    "volume" : 44360.00
  }, {
    "date" : "2025-11-25",
    "price" : 275.40,
    "dma50" : 296.27,
    "dma100" : 315.67,
    "dma200" : 304.23,
    "volume" : 30406.00
  }, {
    "date" : "2025-11-26",
    "price" : 277.00,
    "dma50" : 295.51,
    "dma100" : 314.61,
    "dma200" : 303.96,
    "volume" : 53336.00
  }, {
    "date" : "2025-11-27",
    "price" : 275.45,
    "dma50" : 294.72,
    "dma100" : 313.57,
    "dma200" : 303.67,
    "volume" : 24993.00
  }, {
    "date" : "2025-11-28",
    "price" : 274.30,
    "dma50" : 293.92,
    "dma100" : 312.54,
    "dma200" : 303.38,
    "volume" : 37470.00
  }, {
    "date" : "2025-12-01",
    "price" : 273.90,
    "dma50" : 293.14,
    "dma100" : 311.47,
    "dma200" : 303.09,
    "volume" : 74537.00
  }, {
    "date" : "2025-12-02",
    "price" : 272.70,
    "dma50" : 292.34,
    "dma100" : 310.38,
    "dma200" : 302.79,
    "volume" : 28403.00
  }, {
    "date" : "2025-12-03",
    "price" : 262.35,
    "dma50" : 291.16,
    "dma100" : 309.27,
    "dma200" : 302.38,
    "volume" : 39917.00
  }, {
    "date" : "2025-12-04",
    "price" : 278.55,
    "dma50" : 290.67,
    "dma100" : 308.35,
    "dma200" : 302.15,
    "volume" : 1378903.00
  }, {
    "date" : "2025-12-05",
    "price" : 278.60,
    "dma50" : 290.19,
    "dma100" : 307.49,
    "dma200" : 301.91,
    "volume" : 56861.00
  }, {
    "date" : "2025-12-08",
    "price" : 266.70,
    "dma50" : 289.27,
    "dma100" : 306.51,
    "dma200" : 301.56,
    "volume" : 46681.00
  }, {
    "date" : "2025-12-09",
    "price" : 282.00,
    "dma50" : 288.99,
    "dma100" : 305.71,
    "dma200" : 301.37,
    "volume" : 123872.00
  }, {
    "date" : "2025-12-10",
    "price" : 282.00,
    "dma50" : 288.71,
    "dma100" : 304.91,
    "dma200" : 301.17,
    "volume" : 62192.00
  }, {
    "date" : "2025-12-11",
    "price" : 280.85,
    "dma50" : 288.40,
    "dma100" : 304.20,
    "dma200" : 300.97,
    "volume" : 29720.00
  }, {
    "date" : "2025-12-12",
    "price" : 277.20,
    "dma50" : 287.97,
    "dma100" : 303.39,
    "dma200" : 300.74,
    "volume" : 27259.00
  }, {
    "date" : "2025-12-15",
    "price" : 272.95,
    "dma50" : 287.38,
    "dma100" : 302.56,
    "dma200" : 300.46,
    "volume" : 26575.00
  }, {
    "date" : "2025-12-16",
    "price" : 271.80,
    "dma50" : 286.77,
    "dma100" : 301.80,
    "dma200" : 300.17,
    "volume" : 30600.00
  }, {
    "date" : "2025-12-17",
    "price" : 265.80,
    "dma50" : 285.94,
    "dma100" : 300.93,
    "dma200" : 299.83,
    "volume" : 19935.00
  }, {
    "date" : "2025-12-18",
    "price" : 266.50,
    "dma50" : 285.18,
    "dma100" : 300.06,
    "dma200" : 299.50,
    "volume" : 41281.00
  }, {
    "date" : "2025-12-19",
    "price" : 269.60,
    "dma50" : 284.57,
    "dma100" : 299.32,
    "dma200" : 299.20,
    "volume" : 17198.00
  }, {
    "date" : "2025-12-22",
    "price" : 271.50,
    "dma50" : 284.06,
    "dma100" : 298.73,
    "dma200" : 298.93,
    "volume" : 24153.00
  }, {
    "date" : "2025-12-23",
    "price" : 272.90,
    "dma50" : 283.62,
    "dma100" : 298.06,
    "dma200" : 298.67,
    "volume" : 27540.00
  }, {
    "date" : "2025-12-24",
    "price" : 271.55,
    "dma50" : 283.15,
    "dma100" : 297.48,
    "dma200" : 298.40,
    "volume" : 28952.00
  }, {
    "date" : "2025-12-26",
    "price" : 273.65,
    "dma50" : 282.77,
    "dma100" : 296.85,
    "dma200" : 298.15,
    "volume" : 28479.00
  }, {
    "date" : "2025-12-29",
    "price" : 273.30,
    "dma50" : 282.40,
    "dma100" : 296.27,
    "dma200" : 297.90,
    "volume" : 16204.00
  }, {
    "date" : "2025-12-30",
    "price" : 271.05,
    "dma50" : 281.96,
    "dma100" : 295.62,
    "dma200" : 297.64,
    "volume" : 22918.00
  }, {
    "date" : "2025-12-31",
    "price" : 269.80,
    "dma50" : 281.48,
    "dma100" : 295.01,
    "dma200" : 297.36,
    "volume" : 16505.00
  }, {
    "date" : "2026-01-01",
    "price" : 266.60,
    "dma50" : 280.90,
    "dma100" : 294.39,
    "dma200" : 297.05,
    "volume" : 20362.00
  }, {
    "date" : "2026-01-02",
    "price" : 273.15,
    "dma50" : 280.59,
    "dma100" : 293.89,
    "dma200" : 296.82,
    "volume" : 30883.00
  }, {
    "date" : "2026-01-05",
    "price" : 268.65,
    "dma50" : 280.12,
    "dma100" : 293.48,
    "dma200" : 296.54,
    "volume" : 26008.00
  }, {
    "date" : "2026-01-06",
    "price" : 267.55,
    "dma50" : 279.63,
    "dma100" : 292.87,
    "dma200" : 296.25,
    "volume" : 42427.00
  }, {
    "date" : "2026-01-07",
    "price" : 269.35,
    "dma50" : 279.23,
    "dma100" : 292.30,
    "dma200" : 295.98,
    "volume" : 25239.00
  }, {
    "date" : "2026-01-08",
    "price" : 260.10,
    "dma50" : 278.48,
    "dma100" : 291.63,
    "dma200" : 295.62,
    "volume" : 64285.00
  }, {
    "date" : "2026-01-09",
    "price" : 252.10,
    "dma50" : 277.44,
    "dma100" : 290.93,
    "dma200" : 295.19,
    "volume" : 40790.00
  }, {
    "date" : "2026-01-12",
    "price" : 249.05,
    "dma50" : 276.33,
    "dma100" : 290.12,
    "dma200" : 294.73,
    "volume" : 66635.00
  }, {
    "date" : "2026-01-13",
    "price" : 245.95,
    "dma50" : 275.14,
    "dma100" : 289.20,
    "dma200" : 294.25,
    "volume" : 20055.00
  }, {
    "date" : "2026-01-14",
    "price" : 244.95,
    "dma50" : 273.96,
    "dma100" : 288.34,
    "dma200" : 293.76,
    "volume" : 26797.00
  }, {
    "date" : "2026-01-16",
    "price" : 259.10,
    "dma50" : 273.37,
    "dma100" : 287.65,
    "dma200" : 293.41,
    "volume" : 48318.00
  } ],
  "latestTechnicalAttributes" : {
    "date" : "2026-01-16",
    "price" : 259.10,
    "dma50" : 273.37,
    "dma100" : 287.65,
    "dma200" : 293.41,
    "volume" : 48318.00
  },
  "quarterlyResults" : [ {
    "date" : "2005-03-31",
    "sales" : 27.89,
    "salesGrowthYoY" : null,
    "grossProfitMargin" : 29.62,
    "grossProfit" : 8.26,
    "operatingProfitMargin" : 2.22,
    "operatingProfit" : 0.62,
    "netProfitMargin" : -15.88,
    "netProfit" : -4.43
  }, {
    "date" : "2005-06-30",
    "sales" : 22.73,
    "salesGrowthYoY" : null,
    "grossProfitMargin" : 20.41,
    "grossProfit" : 4.64,
    "operatingProfitMargin" : -42.23,
    "operatingProfit" : -9.60,
    "netProfitMargin" : -37.84,
    "netProfit" : -8.60
  }, {
    "date" : "2005-09-30",
    "sales" : 19.62,
    "salesGrowthYoY" : null,
    "grossProfitMargin" : 26.71,
    "grossProfit" : 5.24,
    "operatingProfitMargin" : -9.68,
    "operatingProfit" : -1.90,
    "netProfitMargin" : -35.32,
    "netProfit" : -6.93
  }, {
    "date" : "2005-12-31",
    "sales" : 27.12,
    "salesGrowthYoY" : null,
    "grossProfitMargin" : 28.32,
    "grossProfit" : 7.68,
    "operatingProfitMargin" : 0.63,
    "operatingProfit" : 0.17,
    "netProfitMargin" : -17.99,
    "netProfit" : -4.88
  }, {
    "date" : "2006-03-31",
    "sales" : 25.67,
    "salesGrowthYoY" : -7.96,
    "grossProfitMargin" : 27.89,
    "grossProfit" : 7.16,
    "operatingProfitMargin" : -4.83,
    "operatingProfit" : -1.24,
    "netProfitMargin" : 16.40,
    "netProfit" : 4.21
  }, {
    "date" : "2006-06-30",
    "sales" : 27.59,
    "salesGrowthYoY" : 21.38,
    "grossProfitMargin" : 33.31,
    "grossProfit" : 9.19,
    "operatingProfitMargin" : 10.55,
    "operatingProfit" : 2.91,
    "netProfitMargin" : 3.95,
    "netProfit" : 1.09
  }, {
    "date" : "2006-09-30",
    "sales" : 26.02,
    "salesGrowthYoY" : 32.62,
    "grossProfitMargin" : 28.48,
    "grossProfit" : 7.41,
    "operatingProfitMargin" : 1.42,
    "operatingProfit" : 0.37,
    "netProfitMargin" : -3.57,
    "netProfit" : -0.93
  }, {
    "date" : "2006-12-31",
    "sales" : 30.45,
    "salesGrowthYoY" : 12.28,
    "grossProfitMargin" : 29.29,
    "grossProfit" : 8.92,
    "operatingProfitMargin" : 5.02,
    "operatingProfit" : 1.53,
    "netProfitMargin" : -0.72,
    "netProfit" : -0.22
  }, {
    "date" : "2007-03-31",
    "sales" : 28.55,
    "salesGrowthYoY" : 11.22,
    "grossProfitMargin" : 29.21,
    "grossProfit" : 8.34,
    "operatingProfitMargin" : 7.32,
    "operatingProfit" : 2.09,
    "netProfitMargin" : 1.23,
    "netProfit" : 0.35
  }, {
    "date" : "2007-06-30",
    "sales" : 28.76,
    "salesGrowthYoY" : 4.24,
    "grossProfitMargin" : 18.01,
    "grossProfit" : 5.18,
    "operatingProfitMargin" : -18.57,
    "operatingProfit" : -5.34,
    "netProfitMargin" : -25.17,
    "netProfit" : -7.24
  }, {
    "date" : "2007-09-30",
    "sales" : 27.49,
    "salesGrowthYoY" : 5.65,
    "grossProfitMargin" : 28.12,
    "grossProfit" : 7.73,
    "operatingProfitMargin" : 2.91,
    "operatingProfit" : 0.80,
    "netProfitMargin" : -2.73,
    "netProfit" : -0.75
  }, {
    "date" : "2007-12-31",
    "sales" : 26.19,
    "salesGrowthYoY" : -13.99,
    "grossProfitMargin" : 29.36,
    "grossProfit" : 7.69,
    "operatingProfitMargin" : 1.72,
    "operatingProfit" : 0.45,
    "netProfitMargin" : -4.85,
    "netProfit" : -1.27
  }, {
    "date" : "2008-03-31",
    "sales" : 26.86,
    "salesGrowthYoY" : -5.92,
    "grossProfitMargin" : 29.15,
    "grossProfit" : 7.83,
    "operatingProfitMargin" : -3.39,
    "operatingProfit" : -0.91,
    "netProfitMargin" : -4.06,
    "netProfit" : -1.09
  }, {
    "date" : "2008-06-30",
    "sales" : 28.13,
    "salesGrowthYoY" : -2.19,
    "grossProfitMargin" : 29.58,
    "grossProfit" : 8.32,
    "operatingProfitMargin" : 3.84,
    "operatingProfit" : 1.08,
    "netProfitMargin" : 4.30,
    "netProfit" : 1.21
  }, {
    "date" : "2008-09-30",
    "sales" : 28.18,
    "salesGrowthYoY" : 2.51,
    "grossProfitMargin" : 27.54,
    "grossProfit" : 7.76,
    "operatingProfitMargin" : 2.09,
    "operatingProfit" : 0.59,
    "netProfitMargin" : -1.70,
    "netProfit" : -0.48
  }, {
    "date" : "2008-12-31",
    "sales" : 28.32,
    "salesGrowthYoY" : 8.13,
    "grossProfitMargin" : 30.26,
    "grossProfit" : 8.57,
    "operatingProfitMargin" : 1.77,
    "operatingProfit" : 0.50,
    "netProfitMargin" : -6.21,
    "netProfit" : -1.76
  }, {
    "date" : "2009-03-31",
    "sales" : 36.61,
    "salesGrowthYoY" : 36.30,
    "grossProfitMargin" : 32.20,
    "grossProfit" : 11.79,
    "operatingProfitMargin" : -4.32,
    "operatingProfit" : -1.58,
    "netProfitMargin" : -5.71,
    "netProfit" : -2.09
  }, {
    "date" : "2009-06-30",
    "sales" : 41.67,
    "salesGrowthYoY" : 48.13,
    "grossProfitMargin" : 30.14,
    "grossProfit" : 12.56,
    "operatingProfitMargin" : 10.25,
    "operatingProfit" : 4.27,
    "netProfitMargin" : 5.90,
    "netProfit" : 2.46
  }, {
    "date" : "2009-09-30",
    "sales" : 47.46,
    "salesGrowthYoY" : 68.42,
    "grossProfitMargin" : 27.96,
    "grossProfit" : 13.27,
    "operatingProfitMargin" : 5.56,
    "operatingProfit" : 2.64,
    "netProfitMargin" : 3.37,
    "netProfit" : 1.60
  }, {
    "date" : "2009-12-31",
    "sales" : 49.58,
    "salesGrowthYoY" : 75.07,
    "grossProfitMargin" : 30.05,
    "grossProfit" : 14.90,
    "operatingProfitMargin" : 10.00,
    "operatingProfit" : 4.96,
    "netProfitMargin" : 6.37,
    "netProfit" : 3.16
  }, {
    "date" : "2010-03-31",
    "sales" : 67.86,
    "salesGrowthYoY" : 85.36,
    "grossProfitMargin" : 28.21,
    "grossProfit" : 19.14,
    "operatingProfitMargin" : 11.38,
    "operatingProfit" : 7.72,
    "netProfitMargin" : 8.77,
    "netProfit" : 5.95
  }, {
    "date" : "2010-06-30",
    "sales" : 59.34,
    "salesGrowthYoY" : 42.40,
    "grossProfitMargin" : 31.97,
    "grossProfit" : 18.97,
    "operatingProfitMargin" : 12.12,
    "operatingProfit" : 7.19,
    "netProfitMargin" : 7.13,
    "netProfit" : 4.23
  }, {
    "date" : "2010-09-30",
    "sales" : 64.69,
    "salesGrowthYoY" : 36.30,
    "grossProfitMargin" : 38.68,
    "grossProfit" : 25.02,
    "operatingProfitMargin" : 19.82,
    "operatingProfit" : 12.82,
    "netProfitMargin" : 15.97,
    "netProfit" : 10.33
  }, {
    "date" : "2010-12-31",
    "sales" : 58.54,
    "salesGrowthYoY" : 18.07,
    "grossProfitMargin" : 40.66,
    "grossProfit" : 23.80,
    "operatingProfitMargin" : 19.58,
    "operatingProfit" : 11.46,
    "netProfitMargin" : 15.53,
    "netProfit" : 9.09
  }, {
    "date" : "2011-03-31",
    "sales" : 68.74,
    "salesGrowthYoY" : 1.30,
    "grossProfitMargin" : 36.25,
    "grossProfit" : 24.92,
    "operatingProfitMargin" : 17.88,
    "operatingProfit" : 12.29,
    "netProfitMargin" : 51.61,
    "netProfit" : 35.48
  }, {
    "date" : "2011-06-30",
    "sales" : 58.68,
    "salesGrowthYoY" : -1.11,
    "grossProfitMargin" : 25.48,
    "grossProfit" : 14.95,
    "operatingProfitMargin" : 5.98,
    "operatingProfit" : 3.51,
    "netProfitMargin" : 3.87,
    "netProfit" : 2.27
  }, {
    "date" : "2011-09-30",
    "sales" : 51.69,
    "salesGrowthYoY" : -20.10,
    "grossProfitMargin" : 27.99,
    "grossProfit" : 14.47,
    "operatingProfitMargin" : 5.71,
    "operatingProfit" : 2.95,
    "netProfitMargin" : 9.44,
    "netProfit" : 4.88
  }, {
    "date" : "2011-12-31",
    "sales" : 45.89,
    "salesGrowthYoY" : -21.61,
    "grossProfitMargin" : 29.46,
    "grossProfit" : 13.52,
    "operatingProfitMargin" : 3.27,
    "operatingProfit" : 1.50,
    "netProfitMargin" : 1.42,
    "netProfit" : 0.65
  }, {
    "date" : "2012-03-31",
    "sales" : 72.23,
    "salesGrowthYoY" : 5.08,
    "grossProfitMargin" : 37.48,
    "grossProfit" : 27.07,
    "operatingProfitMargin" : 9.26,
    "operatingProfit" : 6.69,
    "netProfitMargin" : 5.04,
    "netProfit" : 3.64
  }, {
    "date" : "2012-06-30",
    "sales" : 35.21,
    "salesGrowthYoY" : -40.00,
    "grossProfitMargin" : 25.31,
    "grossProfit" : 8.91,
    "operatingProfitMargin" : -6.50,
    "operatingProfit" : -2.29,
    "netProfitMargin" : -6.87,
    "netProfit" : -2.42
  }, {
    "date" : "2012-09-30",
    "sales" : 58.17,
    "salesGrowthYoY" : 12.54,
    "grossProfitMargin" : 30.41,
    "grossProfit" : 17.69,
    "operatingProfitMargin" : 8.17,
    "operatingProfit" : 4.75,
    "netProfitMargin" : 7.10,
    "netProfit" : 4.13
  }, {
    "date" : "2012-12-31",
    "sales" : 51.65,
    "salesGrowthYoY" : 12.55,
    "grossProfitMargin" : 34.42,
    "grossProfit" : 17.78,
    "operatingProfitMargin" : 9.58,
    "operatingProfit" : 4.95,
    "netProfitMargin" : 8.11,
    "netProfit" : 4.19
  }, {
    "date" : "2013-03-31",
    "sales" : 71.40,
    "salesGrowthYoY" : -1.15,
    "grossProfitMargin" : 30.83,
    "grossProfit" : 22.01,
    "operatingProfitMargin" : 4.83,
    "operatingProfit" : 3.45,
    "netProfitMargin" : 6.83,
    "netProfit" : 4.88
  }, {
    "date" : "2013-06-30",
    "sales" : 49.36,
    "salesGrowthYoY" : 40.19,
    "grossProfitMargin" : 33.04,
    "grossProfit" : 16.31,
    "operatingProfitMargin" : 8.95,
    "operatingProfit" : 4.42,
    "netProfitMargin" : 7.80,
    "netProfit" : 3.85
  }, {
    "date" : "2013-09-30",
    "sales" : 56.11,
    "salesGrowthYoY" : -3.54,
    "grossProfitMargin" : 36.29,
    "grossProfit" : 20.36,
    "operatingProfitMargin" : 10.03,
    "operatingProfit" : 5.63,
    "netProfitMargin" : 9.23,
    "netProfit" : 5.18
  }, {
    "date" : "2013-12-31",
    "sales" : 60.48,
    "salesGrowthYoY" : 17.10,
    "grossProfitMargin" : 36.71,
    "grossProfit" : 22.20,
    "operatingProfitMargin" : 10.19,
    "operatingProfit" : 6.16,
    "netProfitMargin" : 9.51,
    "netProfit" : 5.75
  }, {
    "date" : "2014-03-31",
    "sales" : 72.58,
    "salesGrowthYoY" : 1.65,
    "grossProfitMargin" : 32.21,
    "grossProfit" : 23.38,
    "operatingProfitMargin" : 11.34,
    "operatingProfit" : 8.23,
    "netProfitMargin" : 6.63,
    "netProfit" : 4.81
  }, {
    "date" : "2014-06-30",
    "sales" : 50.46,
    "salesGrowthYoY" : 2.23,
    "grossProfitMargin" : 32.20,
    "grossProfit" : 16.25,
    "operatingProfitMargin" : 0.83,
    "operatingProfit" : 0.42,
    "netProfitMargin" : -0.87,
    "netProfit" : -0.44
  }, {
    "date" : "2014-09-30",
    "sales" : 54.08,
    "salesGrowthYoY" : -3.62,
    "grossProfitMargin" : 34.13,
    "grossProfit" : 18.46,
    "operatingProfitMargin" : 5.55,
    "operatingProfit" : 3.00,
    "netProfitMargin" : 2.85,
    "netProfit" : 1.54
  }, {
    "date" : "2014-12-31",
    "sales" : 61.14,
    "salesGrowthYoY" : 1.09,
    "grossProfitMargin" : 39.76,
    "grossProfit" : 24.31,
    "operatingProfitMargin" : 9.78,
    "operatingProfit" : 5.98,
    "netProfitMargin" : 4.69,
    "netProfit" : 2.87
  }, {
    "date" : "2015-03-31",
    "sales" : 65.78,
    "salesGrowthYoY" : -9.37,
    "grossProfitMargin" : 38.13,
    "grossProfit" : 25.08,
    "operatingProfitMargin" : 6.92,
    "operatingProfit" : 4.55,
    "netProfitMargin" : 5.94,
    "netProfit" : 3.91
  }, {
    "date" : "2015-06-30",
    "sales" : 68.12,
    "salesGrowthYoY" : 35.00,
    "grossProfitMargin" : 33.76,
    "grossProfit" : 23.00,
    "operatingProfitMargin" : 10.09,
    "operatingProfit" : 6.87,
    "netProfitMargin" : 4.93,
    "netProfit" : 3.36
  }, {
    "date" : "2015-09-30",
    "sales" : 60.32,
    "salesGrowthYoY" : 11.54,
    "grossProfitMargin" : 35.30,
    "grossProfit" : 21.29,
    "operatingProfitMargin" : 6.48,
    "operatingProfit" : 3.91,
    "netProfitMargin" : 3.48,
    "netProfit" : 2.10
  }, {
    "date" : "2015-12-31",
    "sales" : 62.95,
    "salesGrowthYoY" : 2.96,
    "grossProfitMargin" : 36.06,
    "grossProfit" : 22.70,
    "operatingProfitMargin" : 9.93,
    "operatingProfit" : 6.25,
    "netProfitMargin" : 6.31,
    "netProfit" : 3.97
  }, {
    "date" : "2016-03-31",
    "sales" : 89.30,
    "salesGrowthYoY" : 35.76,
    "grossProfitMargin" : 35.52,
    "grossProfit" : 31.72,
    "operatingProfitMargin" : 10.59,
    "operatingProfit" : 9.46,
    "netProfitMargin" : 5.46,
    "netProfit" : 4.88
  }, {
    "date" : "2016-06-30",
    "sales" : 52.50,
    "salesGrowthYoY" : -22.93,
    "grossProfitMargin" : 39.60,
    "grossProfit" : 20.79,
    "operatingProfitMargin" : 3.50,
    "operatingProfit" : 1.84,
    "netProfitMargin" : 5.30,
    "netProfit" : 2.78
  }, {
    "date" : "2016-09-30",
    "sales" : 79.29,
    "salesGrowthYoY" : 31.45,
    "grossProfitMargin" : 40.23,
    "grossProfit" : 31.90,
    "operatingProfitMargin" : 13.31,
    "operatingProfit" : 10.55,
    "netProfitMargin" : 7.68,
    "netProfit" : 6.09
  }, {
    "date" : "2016-12-31",
    "sales" : 77.90,
    "salesGrowthYoY" : 23.75,
    "grossProfitMargin" : 37.10,
    "grossProfit" : 28.90,
    "operatingProfitMargin" : 11.21,
    "operatingProfit" : 8.73,
    "netProfitMargin" : 6.64,
    "netProfit" : 5.17
  }, {
    "date" : "2017-03-31",
    "sales" : 86.77,
    "salesGrowthYoY" : -2.83,
    "grossProfitMargin" : 33.76,
    "grossProfit" : 29.29,
    "operatingProfitMargin" : 8.21,
    "operatingProfit" : 7.12,
    "netProfitMargin" : -1.99,
    "netProfit" : -1.73
  }, {
    "date" : "2017-06-30",
    "sales" : 57.52,
    "salesGrowthYoY" : 9.56,
    "grossProfitMargin" : 37.08,
    "grossProfit" : 21.33,
    "operatingProfitMargin" : 1.65,
    "operatingProfit" : 0.95,
    "netProfitMargin" : -0.23,
    "netProfit" : -0.13
  }, {
    "date" : "2017-09-30",
    "sales" : 85.99,
    "salesGrowthYoY" : 8.45,
    "grossProfitMargin" : 38.04,
    "grossProfit" : 32.71,
    "operatingProfitMargin" : 15.12,
    "operatingProfit" : 13.00,
    "netProfitMargin" : 9.11,
    "netProfit" : 7.83
  }, {
    "date" : "2017-12-31",
    "sales" : 84.38,
    "salesGrowthYoY" : 8.32,
    "grossProfitMargin" : 36.53,
    "grossProfit" : 30.82,
    "operatingProfitMargin" : 11.54,
    "operatingProfit" : 9.74,
    "netProfitMargin" : 6.53,
    "netProfit" : 5.51
  }, {
    "date" : "2018-03-31",
    "sales" : 123.64,
    "salesGrowthYoY" : 42.49,
    "grossProfitMargin" : 35.26,
    "grossProfit" : 43.60,
    "operatingProfitMargin" : 11.06,
    "operatingProfit" : 13.67,
    "netProfitMargin" : 3.34,
    "netProfit" : 4.13
  }, {
    "date" : "2018-06-30",
    "sales" : 68.14,
    "salesGrowthYoY" : 18.46,
    "grossProfitMargin" : 36.32,
    "grossProfit" : 24.75,
    "operatingProfitMargin" : 7.72,
    "operatingProfit" : 5.26,
    "netProfitMargin" : 5.61,
    "netProfit" : 3.82
  }, {
    "date" : "2018-09-30",
    "sales" : 74.54,
    "salesGrowthYoY" : -13.32,
    "grossProfitMargin" : 33.50,
    "grossProfit" : 24.97,
    "operatingProfitMargin" : 2.50,
    "operatingProfit" : 1.86,
    "netProfitMargin" : -0.50,
    "netProfit" : -0.37
  }, {
    "date" : "2018-12-31",
    "sales" : 80.90,
    "salesGrowthYoY" : -4.12,
    "grossProfitMargin" : 37.21,
    "grossProfit" : 30.10,
    "operatingProfitMargin" : 13.41,
    "operatingProfit" : 10.85,
    "netProfitMargin" : 6.98,
    "netProfit" : 5.65
  }, {
    "date" : "2019-03-31",
    "sales" : 107.81,
    "salesGrowthYoY" : -12.80,
    "grossProfitMargin" : 33.73,
    "grossProfit" : 36.36,
    "operatingProfitMargin" : 6.90,
    "operatingProfit" : 7.44,
    "netProfitMargin" : -1.25,
    "netProfit" : -1.35
  }, {
    "date" : "2019-06-30",
    "sales" : 68.85,
    "salesGrowthYoY" : 1.04,
    "grossProfitMargin" : 37.71,
    "grossProfit" : 25.96,
    "operatingProfitMargin" : 5.91,
    "operatingProfit" : 4.07,
    "netProfitMargin" : 17.89,
    "netProfit" : 12.32
  }, {
    "date" : "2019-09-30",
    "sales" : 62.71,
    "salesGrowthYoY" : -15.87,
    "grossProfitMargin" : 38.00,
    "grossProfit" : 23.83,
    "operatingProfitMargin" : 2.71,
    "operatingProfit" : 1.70,
    "netProfitMargin" : 11.16,
    "netProfit" : 7.00
  }, {
    "date" : "2019-12-31",
    "sales" : 57.29,
    "salesGrowthYoY" : -29.18,
    "grossProfitMargin" : 33.86,
    "grossProfit" : 19.40,
    "operatingProfitMargin" : -2.18,
    "operatingProfit" : -1.25,
    "netProfitMargin" : -3.75,
    "netProfit" : -2.15
  }, {
    "date" : "2020-03-31",
    "sales" : 54.93,
    "salesGrowthYoY" : -49.05,
    "grossProfitMargin" : 33.04,
    "grossProfit" : 18.15,
    "operatingProfitMargin" : -10.69,
    "operatingProfit" : -5.87,
    "netProfitMargin" : -10.54,
    "netProfit" : -5.79
  }, {
    "date" : "2020-06-30",
    "sales" : 27.56,
    "salesGrowthYoY" : -59.97,
    "grossProfitMargin" : 37.99,
    "grossProfit" : 10.47,
    "operatingProfitMargin" : -10.52,
    "operatingProfit" : -2.90,
    "netProfitMargin" : -26.12,
    "netProfit" : -7.20
  }, {
    "date" : "2020-09-30",
    "sales" : 59.75,
    "salesGrowthYoY" : -4.72,
    "grossProfitMargin" : 36.00,
    "grossProfit" : 21.51,
    "operatingProfitMargin" : 9.05,
    "operatingProfit" : 5.41,
    "netProfitMargin" : 1.56,
    "netProfit" : 0.93
  }, {
    "date" : "2020-12-31",
    "sales" : 83.94,
    "salesGrowthYoY" : 46.52,
    "grossProfitMargin" : 34.82,
    "grossProfit" : 29.23,
    "operatingProfitMargin" : 13.93,
    "operatingProfit" : 11.69,
    "netProfitMargin" : 8.23,
    "netProfit" : 6.91
  }, {
    "date" : "2021-03-31",
    "sales" : 115.98,
    "salesGrowthYoY" : 111.14,
    "grossProfitMargin" : 31.32,
    "grossProfit" : 36.32,
    "operatingProfitMargin" : 12.97,
    "operatingProfit" : 15.04,
    "netProfitMargin" : 10.58,
    "netProfit" : 12.27
  }, {
    "date" : "2021-06-30",
    "sales" : 42.65,
    "salesGrowthYoY" : 54.75,
    "grossProfitMargin" : 34.16,
    "grossProfit" : 14.57,
    "operatingProfitMargin" : -1.76,
    "operatingProfit" : -0.75,
    "netProfitMargin" : -8.18,
    "netProfit" : -3.49
  }, {
    "date" : "2021-09-30",
    "sales" : 82.52,
    "salesGrowthYoY" : 38.11,
    "grossProfitMargin" : 33.35,
    "grossProfit" : 27.52,
    "operatingProfitMargin" : 11.37,
    "operatingProfit" : 9.38,
    "netProfitMargin" : 4.10,
    "netProfit" : 3.38
  }, {
    "date" : "2021-12-31",
    "sales" : 90.75,
    "salesGrowthYoY" : 8.11,
    "grossProfitMargin" : 36.67,
    "grossProfit" : 33.28,
    "operatingProfitMargin" : 13.08,
    "operatingProfit" : 11.87,
    "netProfitMargin" : 6.18,
    "netProfit" : 5.61
  }, {
    "date" : "2022-03-31",
    "sales" : 121.96,
    "salesGrowthYoY" : 5.16,
    "grossProfitMargin" : 30.84,
    "grossProfit" : 37.61,
    "operatingProfitMargin" : 12.96,
    "operatingProfit" : 15.81,
    "netProfitMargin" : 6.79,
    "netProfit" : 8.28
  }, {
    "date" : "2022-06-30",
    "sales" : 53.39,
    "salesGrowthYoY" : 25.18,
    "grossProfitMargin" : 38.70,
    "grossProfit" : 20.66,
    "operatingProfitMargin" : 3.39,
    "operatingProfit" : 1.81,
    "netProfitMargin" : -2.57,
    "netProfit" : -1.37
  }, {
    "date" : "2022-09-30",
    "sales" : 82.19,
    "salesGrowthYoY" : -0.40,
    "grossProfitMargin" : 36.00,
    "grossProfit" : 29.59,
    "operatingProfitMargin" : 11.91,
    "operatingProfit" : 9.79,
    "netProfitMargin" : 4.57,
    "netProfit" : 3.76
  }, {
    "date" : "2022-12-31",
    "sales" : 91.68,
    "salesGrowthYoY" : 1.02,
    "grossProfitMargin" : 38.41,
    "grossProfit" : 35.21,
    "operatingProfitMargin" : 15.64,
    "operatingProfit" : 14.34,
    "netProfitMargin" : 7.40,
    "netProfit" : 6.78
  }, {
    "date" : "2023-03-31",
    "sales" : 123.87,
    "salesGrowthYoY" : 1.57,
    "grossProfitMargin" : 30.78,
    "grossProfit" : 38.13,
    "operatingProfitMargin" : 12.25,
    "operatingProfit" : 15.17,
    "netProfitMargin" : 6.19,
    "netProfit" : 7.67
  }, {
    "date" : "2023-06-30",
    "sales" : 65.51,
    "salesGrowthYoY" : 22.70,
    "grossProfitMargin" : 34.01,
    "grossProfit" : 22.28,
    "operatingProfitMargin" : 4.14,
    "operatingProfit" : 2.71,
    "netProfitMargin" : -1.07,
    "netProfit" : -0.70
  }, {
    "date" : "2023-09-30",
    "sales" : 84.77,
    "salesGrowthYoY" : 3.14,
    "grossProfitMargin" : 33.47,
    "grossProfit" : 28.37,
    "operatingProfitMargin" : 9.37,
    "operatingProfit" : 7.94,
    "netProfitMargin" : 1.92,
    "netProfit" : 1.63
  }, {
    "date" : "2023-12-31",
    "sales" : 84.10,
    "salesGrowthYoY" : -8.27,
    "grossProfitMargin" : 33.21,
    "grossProfit" : 27.93,
    "operatingProfitMargin" : 11.09,
    "operatingProfit" : 9.33,
    "netProfitMargin" : 3.54,
    "netProfit" : 2.98
  }, {
    "date" : "2024-03-31",
    "sales" : 106.22,
    "salesGrowthYoY" : -14.25,
    "grossProfitMargin" : 31.80,
    "grossProfit" : 33.78,
    "operatingProfitMargin" : 5.47,
    "operatingProfit" : 5.81,
    "netProfitMargin" : -0.47,
    "netProfit" : -0.50
  }, {
    "date" : "2024-06-30",
    "sales" : 79.16,
    "salesGrowthYoY" : 20.84,
    "grossProfitMargin" : 33.32,
    "grossProfit" : 26.38,
    "operatingProfitMargin" : 4.18,
    "operatingProfit" : 3.31,
    "netProfitMargin" : -1.59,
    "netProfit" : -1.26
  }, {
    "date" : "2024-09-30",
    "sales" : 58.38,
    "salesGrowthYoY" : -31.13,
    "grossProfitMargin" : 41.23,
    "grossProfit" : 24.07,
    "operatingProfitMargin" : 7.66,
    "operatingProfit" : 4.47,
    "netProfitMargin" : -50.03,
    "netProfit" : -29.21
  }, {
    "date" : "2024-12-31",
    "sales" : 107.21,
    "salesGrowthYoY" : 27.48,
    "grossProfitMargin" : 36.46,
    "grossProfit" : 39.09,
    "operatingProfitMargin" : 11.76,
    "operatingProfit" : 12.61,
    "netProfitMargin" : 7.58,
    "netProfit" : 8.13
  }, {
    "date" : "2025-03-31",
    "sales" : 82.84,
    "salesGrowthYoY" : -22.01,
    "grossProfitMargin" : 35.06,
    "grossProfit" : 29.04,
    "operatingProfitMargin" : 6.34,
    "operatingProfit" : 5.25,
    "netProfitMargin" : -5.99,
    "netProfit" : -4.96
  }, {
    "date" : "2025-06-30",
    "sales" : 69.60,
    "salesGrowthYoY" : -12.08,
    "grossProfitMargin" : 30.63,
    "grossProfit" : 21.32,
    "operatingProfitMargin" : 1.62,
    "operatingProfit" : 1.13,
    "netProfitMargin" : -7.01,
    "netProfit" : -4.88
  }, {
    "date" : "2025-09-30",
    "sales" : 87.13,
    "salesGrowthYoY" : 49.25,
    "grossProfitMargin" : 29.40,
    "grossProfit" : 25.62,
    "operatingProfitMargin" : 2.09,
    "operatingProfit" : 1.82,
    "netProfitMargin" : -3.37,
    "netProfit" : -2.94
  } ],
  "latestQuarterlyResult" : {
    "date" : "2025-09-30",
    "sales" : 87.13,
    "salesGrowthYoY" : 49.25,
    "grossProfitMargin" : 29.40,
    "grossProfit" : 25.62,
    "operatingProfitMargin" : 2.09,
    "operatingProfit" : 1.82,
    "netProfitMargin" : -3.37,
    "netProfit" : -2.94
  },
  "companyScore" : {
    "priceHigherThanDma50" : 0.00,
    "priceHigherThanDma100" : 0.00,
    "priceHigherThanDma200" : 0.00,
    "dma50HigherThanDma100" : 0.00,
    "dma50HigherThanDma200" : 0.00,
    "dma100HigherThanDma200" : 0.00,
    "pricePercentageAboveDma50" : 5.26,
    "pricePercentageAboveDma100" : 5.50,
    "pricePercentageAboveDma200" : 5.58,
    "weeklyVolumeHigherThanYearlyVolume" : 0.00,
    "salesGrowthPercentile" : 18.73,
    "operatingProfitMarginPercentile" : 14.29,
    "netProfitMarginPercentile" : 4.59,
    "totalTechnicalScore" : 16.34,
    "totalFundamentalScore" : 37.61,
    "totalScore" : 53.95
  }
}