{
  "metadata" : {
    "screenerCompanyId" : "567",
    "companyCode" : "ZYDUSLIFE",
    "companyName" : "Zydus Lifesci.",
    "screenerCompanyLink" : "https://www.screener.in/company/ZYDUSLIFE",
    "screenerTechnicalHistoryLink" : "https://www.screener.in/api/company/567/chart/?q=Price-DMA50-DMA200-Volume&days=365",
    "screenerQuarterlyResultsLink" : "https://www.screener.in/api/company/567/chart/?q=GPM-OPM-NPM-Quarter+Sales&days=10000",
    "attributes" : {
      "companyCode" : "ZYDUSLIFE",
      "companyName" : "Zydus Lifesci.",
      "marketCap" : 93726.00,
      "peRatio" : 19.40,
      "description" : "In 1995, the group was restructured and thus was formed Cadila Healthcare under the aegis of the Zydus group. From a humble turnover Rs. 250 crores in 1995 the group witnessed a significant financial growth and registered a turnover of over Rs. 14,253 crores in FY20. Adhering to its brand promise of being dedicated to life in all its dimensions, Zydus continues to innovate with an unswerving focus to address the unmet healthcare needs. Simultaneously it rededicates itself to its mission of creating healthier, happier communities across the globe"
    },
    "companyScore" : {
      "priceHigherThanDma50" : 0.00,
      "priceHigherThanDma100" : 0.00,
      "priceHigherThanDma200" : 0.00,
      "dma50HigherThanDma100" : 0.00,
      "dma50HigherThanDma200" : 0.00,
      "dma100HigherThanDma200" : 5.00,
      "pricePercentageAboveDma50" : 5.15,
      "pricePercentageAboveDma100" : 5.25,
      "pricePercentageAboveDma200" : 5.18,
      "weeklyVolumeHigherThanYearlyVolume" : 0.00,
      "salesGrowthPercentile" : 7.16,
      "operatingProfitMarginPercentile" : 19.28,
      "netProfitMarginPercentile" : 9.40,
      "totalTechnicalScore" : 20.58,
      "totalFundamentalScore" : 35.83,
      "totalScore" : 56.41
    }
  },
  "attributes" : {
    "companyCode" : "ZYDUSLIFE",
    "companyName" : "Zydus Lifesci.",
    "marketCap" : 93726.00,
    "peRatio" : 19.40,
    "description" : "In 1995, the group was restructured and thus was formed Cadila Healthcare under the aegis of the Zydus group. From a humble turnover Rs. 250 crores in 1995 the group witnessed a significant financial growth and registered a turnover of over Rs. 14,253 crores in FY20. Adhering to its brand promise of being dedicated to life in all its dimensions, Zydus continues to innovate with an unswerving focus to address the unmet healthcare needs. Simultaneously it rededicates itself to its mission of creating healthier, happier communities across the globe"
  },
  "technicalHistory" : [ {
    "date" : "2024-12-09",
    "price" : 982.45,
    "dma50" : 1003.14,
    "dma100" : null,
    "dma200" : 993.69,
    "volume" : 1209123.00
  }, {
    "date" : "2024-12-10",
    "price" : 974.20,
    "dma50" : 1002.00,
    "dma100" : null,
    "dma200" : 993.50,
    "volume" : 692664.00
  }, {
    "date" : "2024-12-11",
    "price" : 986.45,
    "dma50" : 1001.39,
    "dma100" : null,
    "dma200" : 993.43,
    "volume" : 622621.00
  }, {
    "date" : "2024-12-12",
    "price" : 976.50,
    "dma50" : 1000.42,
    "dma100" : null,
    "dma200" : 993.26,
    "volume" : 879149.00
  }, {
    "date" : "2024-12-13",
    "price" : 978.50,
    "dma50" : 999.56,
    "dma100" : null,
    "dma200" : 993.11,
    "volume" : 706354.00
  }, {
    "date" : "2024-12-16",
    "price" : 987.75,
    "dma50" : 999.09,
    "dma100" : null,
    "dma200" : 993.06,
    "volume" : 502820.00
  }, {
    "date" : "2024-12-17",
    "price" : 969.90,
    "dma50" : 997.95,
    "dma100" : null,
    "dma200" : 992.83,
    "volume" : 828021.00
  }, {
    "date" : "2024-12-18",
    "price" : 979.55,
    "dma50" : 997.23,
    "dma100" : null,
    "dma200" : 992.69,
    "volume" : 818128.00
  }, {
    "date" : "2024-12-19",
    "price" : 985.60,
    "dma50" : 996.77,
    "dma100" : null,
    "dma200" : 992.62,
    "volume" : 1405547.00
  }, {
    "date" : "2024-12-20",
    "price" : 973.50,
    "dma50" : 995.86,
    "dma100" : null,
    "dma200" : 992.43,
    "volume" : 964589.00
  }, {
    "date" : "2024-12-23",
    "price" : 973.35,
    "dma50" : 994.98,
    "dma100" : null,
    "dma200" : 992.24,
    "volume" : 781793.00
  }, {
    "date" : "2024-12-24",
    "price" : 964.80,
    "dma50" : 993.79,
    "dma100" : null,
    "dma200" : 991.97,
    "volume" : 861906.00
  }, {
    "date" : "2024-12-26",
    "price" : 957.65,
    "dma50" : 992.38,
    "dma100" : null,
    "dma200" : 991.63,
    "volume" : 1364971.00
  }, {
    "date" : "2024-12-27",
    "price" : 972.40,
    "dma50" : 991.59,
    "dma100" : null,
    "dma200" : 991.44,
    "volume" : 1107720.00
  }, {
    "date" : "2024-12-30",
    "price" : 956.95,
    "dma50" : 990.23,
    "dma100" : null,
    "dma200" : 991.09,
    "volume" : 4374047.00
  }, {
    "date" : "2024-12-31",
    "price" : 971.70,
    "dma50" : 989.51,
    "dma100" : null,
    "dma200" : 990.90,
    "volume" : 991891.00
  }, {
    "date" : "2025-01-01",
    "price" : 973.80,
    "dma50" : 988.89,
    "dma100" : null,
    "dma200" : 990.73,
    "volume" : 444137.00
  }, {
    "date" : "2025-01-02",
    "price" : 990.75,
    "dma50" : 988.96,
    "dma100" : null,
    "dma200" : 990.73,
    "volume" : 1027550.00
  }, {
    "date" : "2025-01-03",
    "price" : 975.80,
    "dma50" : 988.45,
    "dma100" : null,
    "dma200" : 990.58,
    "volume" : 862374.00
  }, {
    "date" : "2025-01-06",
    "price" : 961.45,
    "dma50" : 987.39,
    "dma100" : null,
    "dma200" : 990.29,
    "volume" : 907818.00
  }, {
    "date" : "2025-01-07",
    "price" : 1000.85,
    "dma50" : 987.92,
    "dma100" : null,
    "dma200" : 990.40,
    "volume" : 4057664.00
  }, {
    "date" : "2025-01-08",
    "price" : 981.45,
    "dma50" : 987.66,
    "dma100" : null,
    "dma200" : 990.31,
    "volume" : 1485501.00
  }, {
    "date" : "2025-01-09",
    "price" : 1010.50,
    "dma50" : 988.56,
    "dma100" : null,
    "dma200" : 990.51,
    "volume" : 4699199.00
  }, {
    "date" : "2025-01-10",
    "price" : 1004.40,
    "dma50" : 989.18,
    "dma100" : null,
    "dma200" : 990.65,
    "volume" : 2340114.00
  }, {
    "date" : "2025-01-13",
    "price" : 975.10,
    "dma50" : 988.63,
    "dma100" : null,
    "dma200" : 990.49,
    "volume" : 1513285.00
  }, {
    "date" : "2025-01-14",
    "price" : 1000.15,
    "dma50" : 989.08,
    "dma100" : null,
    "dma200" : 990.59,
    "volume" : 1069668.00
  }, {
    "date" : "2025-01-15",
    "price" : 984.90,
    "dma50" : 988.92,
    "dma100" : null,
    "dma200" : 990.53,
    "volume" : 691612.00
  }, {
    "date" : "2025-01-16",
    "price" : 988.15,
    "dma50" : 988.89,
    "dma100" : null,
    "dma200" : 990.51,
    "volume" : 804891.00
  }, {
    "date" : "2025-01-17",
    "price" : 994.65,
    "dma50" : 989.11,
    "dma100" : null,
    "dma200" : 990.55,
    "volume" : 896609.00
  }, {
    "date" : "2025-01-20",
    "price" : 995.50,
    "dma50" : 989.36,
    "dma100" : null,
    "dma200" : 990.60,
    "volume" : 529989.00
  }, {
    "date" : "2025-01-21",
    "price" : 985.90,
    "dma50" : 989.23,
    "dma100" : null,
    "dma200" : 990.55,
    "volume" : 395216.00
  }, {
    "date" : "2025-01-22",
    "price" : 978.50,
    "dma50" : 988.81,
    "dma100" : null,
    "dma200" : 990.43,
    "volume" : 584238.00
  }, {
    "date" : "2025-01-23",
    "price" : 989.15,
    "dma50" : 988.82,
    "dma100" : null,
    "dma200" : 990.42,
    "volume" : 537592.00
  }, {
    "date" : "2025-01-24",
    "price" : 957.60,
    "dma50" : 987.60,
    "dma100" : null,
    "dma200" : 990.09,
    "volume" : 807597.00
  }, {
    "date" : "2025-01-27",
    "price" : 922.60,
    "dma50" : 985.05,
    "dma100" : null,
    "dma200" : 989.42,
    "volume" : 802427.00
  }, {
    "date" : "2025-01-28",
    "price" : 910.25,
    "dma50" : 982.11,
    "dma100" : null,
    "dma200" : 988.63,
    "volume" : 1175865.00
  }, {
    "date" : "2025-01-29",
    "price" : 932.15,
    "dma50" : 980.15,
    "dma100" : null,
    "dma200" : 988.07,
    "volume" : 780853.00
  }, {
    "date" : "2025-01-30",
    "price" : 953.45,
    "dma50" : 979.11,
    "dma100" : null,
    "dma200" : 987.73,
    "volume" : 864601.00
  }, {
    "date" : "2025-01-31",
    "price" : 970.25,
    "dma50" : 978.76,
    "dma100" : null,
    "dma200" : 987.55,
    "volume" : 1144099.00
  }, {
    "date" : "2025-02-01",
    "price" : 975.80,
    "dma50" : 978.64,
    "dma100" : null,
    "dma200" : 987.44,
    "volume" : 280524.00
  }, {
    "date" : "2025-02-03",
    "price" : 962.70,
    "dma50" : 978.02,
    "dma100" : null,
    "dma200" : 987.19,
    "volume" : 516407.00
  }, {
    "date" : "2025-02-04",
    "price" : 974.00,
    "dma50" : 977.86,
    "dma100" : null,
    "dma200" : 987.06,
    "volume" : 465448.00
  }, {
    "date" : "2025-02-05",
    "price" : 977.00,
    "dma50" : 977.83,
    "dma100" : null,
    "dma200" : 986.96,
    "volume" : 3783517.00
  }, {
    "date" : "2025-02-06",
    "price" : 1008.20,
    "dma50" : 979.02,
    "dma100" : null,
    "dma200" : 987.17,
    "volume" : 5973475.00
  }, {
    "date" : "2025-02-07",
    "price" : 994.15,
    "dma50" : 979.61,
    "dma100" : null,
    "dma200" : 987.24,
    "volume" : 1367466.00
  }, {
    "date" : "2025-02-10",
    "price" : 964.65,
    "dma50" : 979.02,
    "dma100" : null,
    "dma200" : 987.02,
    "volume" : 635762.00
  }, {
    "date" : "2025-02-11",
    "price" : 942.25,
    "dma50" : 977.58,
    "dma100" : null,
    "dma200" : 986.57,
    "volume" : 671487.00
  }, {
    "date" : "2025-02-12",
    "price" : 934.05,
    "dma50" : 975.88,
    "dma100" : null,
    "dma200" : 986.05,
    "volume" : 579393.00
  }, {
    "date" : "2025-02-13",
    "price" : 942.85,
    "dma50" : 974.58,
    "dma100" : null,
    "dma200" : 985.62,
    "volume" : 583675.00
  }, {
    "date" : "2025-02-14",
    "price" : 901.85,
    "dma50" : 971.73,
    "dma100" : null,
    "dma200" : 984.78,
    "volume" : 1326071.00
  }, {
    "date" : "2025-02-17",
    "price" : 923.90,
    "dma50" : 969.85,
    "dma100" : null,
    "dma200" : 984.18,
    "volume" : 1120215.00
  }, {
    "date" : "2025-02-18",
    "price" : 914.05,
    "dma50" : 967.66,
    "dma100" : null,
    "dma200" : 983.48,
    "volume" : 1231788.00
  }, {
    "date" : "2025-02-19",
    "price" : 891.45,
    "dma50" : 964.68,
    "dma100" : null,
    "dma200" : 982.56,
    "volume" : 3056174.00
  }, {
    "date" : "2025-02-20",
    "price" : 899.65,
    "dma50" : 962.13,
    "dma100" : null,
    "dma200" : 981.74,
    "volume" : 1011683.00
  }, {
    "date" : "2025-02-21",
    "price" : 885.35,
    "dma50" : 959.11,
    "dma100" : null,
    "dma200" : 980.78,
    "volume" : 1878503.00
  }, {
    "date" : "2025-02-24",
    "price" : 891.25,
    "dma50" : 956.45,
    "dma100" : null,
    "dma200" : 979.89,
    "volume" : 868431.00
  }, {
    "date" : "2025-02-25",
    "price" : 882.95,
    "dma50" : 953.57,
    "dma100" : null,
    "dma200" : 978.93,
    "volume" : 874015.00
  }, {
    "date" : "2025-02-27",
    "price" : 886.45,
    "dma50" : 950.94,
    "dma100" : null,
    "dma200" : 978.01,
    "volume" : 1478623.00
  }, {
    "date" : "2025-02-28",
    "price" : 876.60,
    "dma50" : 948.02,
    "dma100" : null,
    "dma200" : 977.00,
    "volume" : 1748095.00
  }, {
    "date" : "2025-03-03",
    "price" : 870.45,
    "dma50" : 944.98,
    "dma100" : null,
    "dma200" : 975.94,
    "volume" : 1138728.00
  }, {
    "date" : "2025-03-04",
    "price" : 871.65,
    "dma50" : 942.11,
    "dma100" : null,
    "dma200" : 974.90,
    "volume" : 637387.00
  }, {
    "date" : "2025-03-05",
    "price" : 887.45,
    "dma50" : 939.96,
    "dma100" : null,
    "dma200" : 974.03,
    "volume" : 689184.00
  }, {
    "date" : "2025-03-06",
    "price" : 907.40,
    "dma50" : 938.69,
    "dma100" : null,
    "dma200" : 973.37,
    "volume" : 3166726.00
  }, {
    "date" : "2025-03-07",
    "price" : 900.80,
    "dma50" : 937.20,
    "dma100" : null,
    "dma200" : 972.64,
    "volume" : 695327.00
  }, {
    "date" : "2025-03-10",
    "price" : 893.70,
    "dma50" : 935.49,
    "dma100" : null,
    "dma200" : 971.86,
    "volume" : 636175.00
  }, {
    "date" : "2025-03-11",
    "price" : 899.85,
    "dma50" : 934.10,
    "dma100" : null,
    "dma200" : 971.14,
    "volume" : 589892.00
  }, {
    "date" : "2025-03-12",
    "price" : 888.25,
    "dma50" : 932.30,
    "dma100" : null,
    "dma200" : 970.32,
    "volume" : 2382221.00
  }, {
    "date" : "2025-03-13",
    "price" : 883.10,
    "dma50" : 930.37,
    "dma100" : null,
    "dma200" : 969.45,
    "volume" : 333912.00
  }, {
    "date" : "2025-03-17",
    "price" : 892.70,
    "dma50" : 928.89,
    "dma100" : null,
    "dma200" : 968.68,
    "volume" : 1000643.00
  }, {
    "date" : "2025-03-18",
    "price" : 902.15,
    "dma50" : 927.84,
    "dma100" : null,
    "dma200" : 968.02,
    "volume" : 738436.00
  }, {
    "date" : "2025-03-19",
    "price" : 909.90,
    "dma50" : 927.14,
    "dma100" : null,
    "dma200" : 967.44,
    "volume" : 2234865.00
  }, {
    "date" : "2025-03-20",
    "price" : 917.25,
    "dma50" : 926.75,
    "dma100" : null,
    "dma200" : 966.95,
    "volume" : 715408.00
  }, {
    "date" : "2025-03-21",
    "price" : 918.60,
    "dma50" : 926.43,
    "dma100" : null,
    "dma200" : 966.46,
    "volume" : 1410318.00
  }, {
    "date" : "2025-03-24",
    "price" : 923.70,
    "dma50" : 926.32,
    "dma100" : null,
    "dma200" : 966.04,
    "volume" : 1419111.00
  }, {
    "date" : "2025-03-25",
    "price" : 907.35,
    "dma50" : 925.58,
    "dma100" : null,
    "dma200" : 965.45,
    "volume" : 885230.00
  }, {
    "date" : "2025-03-26",
    "price" : 907.50,
    "dma50" : 924.87,
    "dma100" : null,
    "dma200" : 964.88,
    "volume" : 1544286.00
  }, {
    "date" : "2025-03-27",
    "price" : 890.75,
    "dma50" : 923.53,
    "dma100" : null,
    "dma200" : 964.14,
    "volume" : 2278583.00
  }, {
    "date" : "2025-03-28",
    "price" : 886.40,
    "dma50" : 922.08,
    "dma100" : null,
    "dma200" : 963.37,
    "volume" : 1534019.00
  }, {
    "date" : "2025-04-01",
    "price" : 877.50,
    "dma50" : 920.33,
    "dma100" : null,
    "dma200" : 962.51,
    "volume" : 1467520.00
  }, {
    "date" : "2025-04-02",
    "price" : 891.15,
    "dma50" : 919.18,
    "dma100" : null,
    "dma200" : 961.80,
    "volume" : 1095145.00
  }, {
    "date" : "2025-04-03",
    "price" : 901.90,
    "dma50" : 918.51,
    "dma100" : null,
    "dma200" : 961.21,
    "volume" : 4526352.00
  }, {
    "date" : "2025-04-04",
    "price" : 866.90,
    "dma50" : 916.48,
    "dma100" : null,
    "dma200" : 960.27,
    "volume" : 3371758.00
  }, {
    "date" : "2025-04-07",
    "price" : 837.60,
    "dma50" : 913.39,
    "dma100" : null,
    "dma200" : 959.05,
    "volume" : 1834122.00
  }, {
    "date" : "2025-04-08",
    "price" : 859.10,
    "dma50" : 911.26,
    "dma100" : null,
    "dma200" : 958.05,
    "volume" : 2816856.00
  }, {
    "date" : "2025-04-09",
    "price" : 844.40,
    "dma50" : 908.64,
    "dma100" : null,
    "dma200" : 956.92,
    "volume" : 1650151.00
  }, {
    "date" : "2025-04-11",
    "price" : 868.85,
    "dma50" : 907.08,
    "dma100" : null,
    "dma200" : 956.05,
    "volume" : 1182371.00
  }, {
    "date" : "2025-04-15",
    "price" : 883.15,
    "dma50" : 906.14,
    "dma100" : null,
    "dma200" : 955.32,
    "volume" : 1579337.00
  }, {
    "date" : "2025-04-16",
    "price" : 822.10,
    "dma50" : 902.84,
    "dma100" : null,
    "dma200" : 953.99,
    "volume" : 10557890.00
  }, {
    "date" : "2025-04-17",
    "price" : 831.55,
    "dma50" : 900.05,
    "dma100" : null,
    "dma200" : 952.78,
    "volume" : 4468000.00
  }, {
    "date" : "2025-04-21",
    "price" : 845.35,
    "dma50" : 897.90,
    "dma100" : null,
    "dma200" : 951.71,
    "volume" : 1956538.00
  }, {
    "date" : "2025-04-22",
    "price" : 852.70,
    "dma50" : 896.13,
    "dma100" : null,
    "dma200" : 950.72,
    "volume" : 1036393.00
  }, {
    "date" : "2025-04-23",
    "price" : 868.00,
    "dma50" : 895.03,
    "dma100" : null,
    "dma200" : 949.90,
    "volume" : 1192112.00
  }, {
    "date" : "2025-04-24",
    "price" : 880.25,
    "dma50" : 894.45,
    "dma100" : null,
    "dma200" : 949.21,
    "volume" : 1220375.00
  }, {
    "date" : "2025-04-25",
    "price" : 859.65,
    "dma50" : 893.08,
    "dma100" : null,
    "dma200" : 948.32,
    "volume" : 1114304.00
  }, {
    "date" : "2025-04-28",
    "price" : 886.55,
    "dma50" : 892.83,
    "dma100" : null,
    "dma200" : 947.70,
    "volume" : 1550017.00
  }, {
    "date" : "2025-04-29",
    "price" : 888.05,
    "dma50" : 892.64,
    "dma100" : null,
    "dma200" : 947.11,
    "volume" : 1048722.00
  }, {
    "date" : "2025-04-30",
    "price" : 888.25,
    "dma50" : 892.47,
    "dma100" : null,
    "dma200" : 946.52,
    "volume" : 922377.00
  }, {
    "date" : "2025-05-02",
    "price" : 885.60,
    "dma50" : 892.20,
    "dma100" : null,
    "dma200" : 945.92,
    "volume" : 814532.00
  }, {
    "date" : "2025-05-05",
    "price" : 892.50,
    "dma50" : 892.21,
    "dma100" : null,
    "dma200" : 945.38,
    "volume" : 400103.00
  }, {
    "date" : "2025-05-06",
    "price" : 880.65,
    "dma50" : 891.76,
    "dma100" : null,
    "dma200" : 944.74,
    "volume" : 1022740.00
  }, {
    "date" : "2025-05-07",
    "price" : 886.15,
    "dma50" : 891.54,
    "dma100" : 927.32,
    "dma200" : 944.16,
    "volume" : 832220.00
  }, {
    "date" : "2025-05-08",
    "price" : 873.70,
    "dma50" : 890.84,
    "dma100" : 926.32,
    "dma200" : 943.46,
    "volume" : 951689.00
  }, {
    "date" : "2025-05-09",
    "price" : 878.65,
    "dma50" : 890.36,
    "dma100" : 925.24,
    "dma200" : 942.81,
    "volume" : 805359.00
  }, {
    "date" : "2025-05-12",
    "price" : 884.85,
    "dma50" : 890.14,
    "dma100" : 924.32,
    "dma200" : 942.23,
    "volume" : 721265.00
  }, {
    "date" : "2025-05-13",
    "price" : 901.85,
    "dma50" : 890.60,
    "dma100" : 923.55,
    "dma200" : 941.83,
    "volume" : 1544689.00
  }, {
    "date" : "2025-05-14",
    "price" : 903.50,
    "dma50" : 891.11,
    "dma100" : 922.71,
    "dma200" : 941.45,
    "volume" : 1089617.00
  }, {
    "date" : "2025-05-15",
    "price" : 904.70,
    "dma50" : 891.64,
    "dma100" : 922.06,
    "dma200" : 941.08,
    "volume" : 517396.00
  }, {
    "date" : "2025-05-16",
    "price" : 902.70,
    "dma50" : 892.07,
    "dma100" : 921.29,
    "dma200" : 940.70,
    "volume" : 731591.00
  }, {
    "date" : "2025-05-19",
    "price" : 911.25,
    "dma50" : 892.83,
    "dma100" : 920.55,
    "dma200" : 940.41,
    "volume" : 884064.00
  }, {
    "date" : "2025-05-20",
    "price" : 883.30,
    "dma50" : 892.45,
    "dma100" : 919.65,
    "dma200" : 939.84,
    "volume" : 2859124.00
  }, {
    "date" : "2025-05-21",
    "price" : 889.65,
    "dma50" : 892.34,
    "dma100" : 918.81,
    "dma200" : 939.34,
    "volume" : 1757032.00
  }, {
    "date" : "2025-05-22",
    "price" : 903.45,
    "dma50" : 892.78,
    "dma100" : 918.20,
    "dma200" : 938.99,
    "volume" : 2242268.00
  }, {
    "date" : "2025-05-23",
    "price" : 908.60,
    "dma50" : 893.40,
    "dma100" : 917.71,
    "dma200" : 938.68,
    "volume" : 830613.00
  }, {
    "date" : "2025-05-26",
    "price" : 912.85,
    "dma50" : 894.16,
    "dma100" : 917.11,
    "dma200" : 938.43,
    "volume" : 732955.00
  }, {
    "date" : "2025-05-27",
    "price" : 918.10,
    "dma50" : 895.10,
    "dma100" : 916.72,
    "dma200" : 938.22,
    "volume" : 669068.00
  }, {
    "date" : "2025-05-28",
    "price" : 925.60,
    "dma50" : 896.30,
    "dma100" : 916.26,
    "dma200" : 938.10,
    "volume" : 902279.00
  }, {
    "date" : "2025-05-29",
    "price" : 924.75,
    "dma50" : 897.41,
    "dma100" : 915.77,
    "dma200" : 937.97,
    "volume" : 668300.00
  }, {
    "date" : "2025-05-30",
    "price" : 930.00,
    "dma50" : 898.69,
    "dma100" : 915.16,
    "dma200" : 937.89,
    "volume" : 1910203.00
  }, {
    "date" : "2025-06-02",
    "price" : 928.00,
    "dma50" : 899.84,
    "dma100" : 914.68,
    "dma200" : 937.79,
    "volume" : 961394.00
  }, {
    "date" : "2025-06-03",
    "price" : 926.40,
    "dma50" : 900.88,
    "dma100" : 914.33,
    "dma200" : 937.67,
    "volume" : 518333.00
  }, {
    "date" : "2025-06-04",
    "price" : 931.50,
    "dma50" : 902.08,
    "dma100" : 913.64,
    "dma200" : 937.61,
    "volume" : 1494782.00
  }, {
    "date" : "2025-06-05",
    "price" : 955.70,
    "dma50" : 904.19,
    "dma100" : 913.38,
    "dma200" : 937.79,
    "volume" : 1864364.00
  }, {
    "date" : "2025-06-06",
    "price" : 960.15,
    "dma50" : 906.38,
    "dma100" : 912.88,
    "dma200" : 938.02,
    "volume" : 834218.00
  }, {
    "date" : "2025-06-09",
    "price" : 973.65,
    "dma50" : 909.02,
    "dma100" : 912.57,
    "dma200" : 938.37,
    "volume" : 659190.00
  }, {
    "date" : "2025-06-10",
    "price" : 981.80,
    "dma50" : 911.87,
    "dma100" : 912.64,
    "dma200" : 938.80,
    "volume" : 1006985.00
  }, {
    "date" : "2025-06-11",
    "price" : 978.80,
    "dma50" : 914.50,
    "dma100" : 912.43,
    "dma200" : 939.20,
    "volume" : 902278.00
  }, {
    "date" : "2025-06-12",
    "price" : 978.80,
    "dma50" : 917.02,
    "dma100" : 912.36,
    "dma200" : 939.59,
    "volume" : 2060226.00
  }, {
    "date" : "2025-06-13",
    "price" : 974.95,
    "dma50" : 919.29,
    "dma100" : 912.23,
    "dma200" : 939.95,
    "volume" : 1203360.00
  }, {
    "date" : "2025-06-16",
    "price" : 974.40,
    "dma50" : 921.45,
    "dma100" : 912.03,
    "dma200" : 940.29,
    "volume" : 847077.00
  }, {
    "date" : "2025-06-17",
    "price" : 957.65,
    "dma50" : 922.87,
    "dma100" : 911.65,
    "dma200" : 940.46,
    "volume" : 1730677.00
  }, {
    "date" : "2025-06-18",
    "price" : 958.30,
    "dma50" : 924.26,
    "dma100" : 911.38,
    "dma200" : 940.64,
    "volume" : 1083717.00
  }, {
    "date" : "2025-06-19",
    "price" : 950.05,
    "dma50" : 925.27,
    "dma100" : 911.09,
    "dma200" : 940.73,
    "volume" : 821177.00
  }, {
    "date" : "2025-06-20",
    "price" : 957.10,
    "dma50" : 926.52,
    "dma100" : 910.77,
    "dma200" : 940.90,
    "volume" : 750627.00
  }, {
    "date" : "2025-06-23",
    "price" : 952.10,
    "dma50" : 927.52,
    "dma100" : 910.72,
    "dma200" : 941.01,
    "volume" : 713796.00
  }, {
    "date" : "2025-06-24",
    "price" : 964.55,
    "dma50" : 928.97,
    "dma100" : 911.14,
    "dma200" : 941.24,
    "volume" : 1206975.00
  }, {
    "date" : "2025-06-25",
    "price" : 974.75,
    "dma50" : 930.77,
    "dma100" : 911.78,
    "dma200" : 941.57,
    "volume" : 745436.00
  }, {
    "date" : "2025-06-26",
    "price" : 981.95,
    "dma50" : 932.78,
    "dma100" : 912.28,
    "dma200" : 941.98,
    "volume" : 951074.00
  }, {
    "date" : "2025-06-27",
    "price" : 981.80,
    "dma50" : 934.70,
    "dma100" : 912.56,
    "dma200" : 942.37,
    "volume" : 1580378.00
  }, {
    "date" : "2025-06-30",
    "price" : 989.95,
    "dma50" : 936.87,
    "dma100" : 912.76,
    "dma200" : 942.85,
    "volume" : 837178.00
  }, {
    "date" : "2025-07-01",
    "price" : 1002.50,
    "dma50" : 939.44,
    "dma100" : 913.03,
    "dma200" : 943.44,
    "volume" : 947485.00
  }, {
    "date" : "2025-07-02",
    "price" : 995.40,
    "dma50" : 941.63,
    "dma100" : 913.35,
    "dma200" : 943.96,
    "volume" : 1256444.00
  }, {
    "date" : "2025-07-03",
    "price" : 999.40,
    "dma50" : 943.90,
    "dma100" : 913.61,
    "dma200" : 944.51,
    "volume" : 805595.00
  }, {
    "date" : "2025-07-04",
    "price" : 1001.00,
    "dma50" : 946.14,
    "dma100" : 913.85,
    "dma200" : 945.07,
    "volume" : 883379.00
  }, {
    "date" : "2025-07-07",
    "price" : 998.80,
    "dma50" : 948.20,
    "dma100" : 913.75,
    "dma200" : 945.60,
    "volume" : 679460.00
  }, {
    "date" : "2025-07-08",
    "price" : 983.20,
    "dma50" : 949.58,
    "dma100" : 913.64,
    "dma200" : 945.98,
    "volume" : 1055488.00
  }, {
    "date" : "2025-07-09",
    "price" : 978.45,
    "dma50" : 950.71,
    "dma100" : 913.78,
    "dma200" : 946.30,
    "volume" : 922592.00
  }, {
    "date" : "2025-07-10",
    "price" : 972.95,
    "dma50" : 951.58,
    "dma100" : 914.09,
    "dma200" : 946.57,
    "volume" : 738368.00
  }, {
    "date" : "2025-07-11",
    "price" : 979.60,
    "dma50" : 952.68,
    "dma100" : 914.54,
    "dma200" : 946.90,
    "volume" : 981349.00
  }, {
    "date" : "2025-07-14",
    "price" : 968.45,
    "dma50" : 953.30,
    "dma100" : 914.80,
    "dma200" : 947.11,
    "volume" : 1531185.00
  }, {
    "date" : "2025-07-15",
    "price" : 967.65,
    "dma50" : 953.86,
    "dma100" : 915.46,
    "dma200" : 947.31,
    "volume" : 583038.00
  }, {
    "date" : "2025-07-16",
    "price" : 968.90,
    "dma50" : 954.45,
    "dma100" : 915.91,
    "dma200" : 947.53,
    "volume" : 1097039.00
  }, {
    "date" : "2025-07-17",
    "price" : 982.75,
    "dma50" : 955.56,
    "dma100" : 916.59,
    "dma200" : 947.88,
    "volume" : 696736.00
  }, {
    "date" : "2025-07-18",
    "price" : 974.95,
    "dma50" : 956.32,
    "dma100" : 917.43,
    "dma200" : 948.15,
    "volume" : 752736.00
  }, {
    "date" : "2025-07-21",
    "price" : 970.00,
    "dma50" : 956.86,
    "dma100" : 918.13,
    "dma200" : 948.37,
    "volume" : 996286.00
  }, {
    "date" : "2025-07-22",
    "price" : 956.75,
    "dma50" : 956.85,
    "dma100" : 918.85,
    "dma200" : 948.45,
    "volume" : 885012.00
  }, {
    "date" : "2025-07-23",
    "price" : 961.95,
    "dma50" : 957.05,
    "dma100" : 919.55,
    "dma200" : 948.58,
    "volume" : 424352.00
  }, {
    "date" : "2025-07-24",
    "price" : 971.25,
    "dma50" : 957.61,
    "dma100" : 920.44,
    "dma200" : 948.81,
    "volume" : 668759.00
  }, {
    "date" : "2025-07-25",
    "price" : 976.40,
    "dma50" : 958.35,
    "dma100" : 921.34,
    "dma200" : 949.08,
    "volume" : 1257794.00
  }, {
    "date" : "2025-07-28",
    "price" : 980.10,
    "dma50" : 959.20,
    "dma100" : 922.37,
    "dma200" : 949.39,
    "volume" : 1097508.00
  }, {
    "date" : "2025-07-29",
    "price" : 994.85,
    "dma50" : 960.60,
    "dma100" : 923.62,
    "dma200" : 949.85,
    "volume" : 967475.00
  }, {
    "date" : "2025-07-30",
    "price" : 995.15,
    "dma50" : 961.95,
    "dma100" : 924.85,
    "dma200" : 950.30,
    "volume" : 794890.00
  }, {
    "date" : "2025-07-31",
    "price" : 969.80,
    "dma50" : 962.26,
    "dma100" : 925.67,
    "dma200" : 950.49,
    "volume" : 1212408.00
  }, {
    "date" : "2025-08-01",
    "price" : 949.05,
    "dma50" : 961.74,
    "dma100" : 926.09,
    "dma200" : 950.48,
    "volume" : 1335734.00
  }, {
    "date" : "2025-08-04",
    "price" : 958.85,
    "dma50" : 961.63,
    "dma100" : 926.67,
    "dma200" : 950.56,
    "volume" : 639676.00
  }, {
    "date" : "2025-08-05",
    "price" : 960.25,
    "dma50" : 961.58,
    "dma100" : 927.34,
    "dma200" : 950.66,
    "volume" : 500427.00
  }, {
    "date" : "2025-08-06",
    "price" : 932.70,
    "dma50" : 960.44,
    "dma100" : 927.67,
    "dma200" : 950.48,
    "volume" : 1173876.00
  }, {
    "date" : "2025-08-07",
    "price" : 944.45,
    "dma50" : 959.82,
    "dma100" : 928.23,
    "dma200" : 950.42,
    "volume" : 1044807.00
  }, {
    "date" : "2025-08-08",
    "price" : 936.15,
    "dma50" : 958.89,
    "dma100" : 928.76,
    "dma200" : 950.28,
    "volume" : 690075.00
  }, {
    "date" : "2025-08-11",
    "price" : 955.55,
    "dma50" : 958.76,
    "dma100" : 929.39,
    "dma200" : 950.33,
    "volume" : 374118.00
  }, {
    "date" : "2025-08-12",
    "price" : 955.65,
    "dma50" : 958.63,
    "dma100" : 929.92,
    "dma200" : 950.38,
    "volume" : 950144.00
  }, {
    "date" : "2025-08-13",
    "price" : 988.60,
    "dma50" : 959.81,
    "dma100" : 930.71,
    "dma200" : 950.76,
    "volume" : 2012008.00
  }, {
    "date" : "2025-08-14",
    "price" : 988.80,
    "dma50" : 960.95,
    "dma100" : 931.42,
    "dma200" : 951.14,
    "volume" : 771139.00
  }, {
    "date" : "2025-08-18",
    "price" : 986.50,
    "dma50" : 961.95,
    "dma100" : 932.10,
    "dma200" : 951.49,
    "volume" : 716013.00
  }, {
    "date" : "2025-08-19",
    "price" : 989.45,
    "dma50" : 963.03,
    "dma100" : 932.76,
    "dma200" : 951.87,
    "volume" : 787193.00
  }, {
    "date" : "2025-08-20",
    "price" : 983.30,
    "dma50" : 963.82,
    "dma100" : 933.52,
    "dma200" : 952.18,
    "volume" : 550172.00
  }, {
    "date" : "2025-08-21",
    "price" : 985.80,
    "dma50" : 964.68,
    "dma100" : 934.30,
    "dma200" : 952.52,
    "volume" : 729496.00
  }, {
    "date" : "2025-08-22",
    "price" : 988.80,
    "dma50" : 965.63,
    "dma100" : 935.28,
    "dma200" : 952.88,
    "volume" : 326727.00
  }, {
    "date" : "2025-08-25",
    "price" : 1023.15,
    "dma50" : 967.89,
    "dma100" : 936.65,
    "dma200" : 953.58,
    "volume" : 2778857.00
  }, {
    "date" : "2025-08-26",
    "price" : 987.85,
    "dma50" : 968.67,
    "dma100" : 937.75,
    "dma200" : 953.92,
    "volume" : 3171825.00
  }, {
    "date" : "2025-08-28",
    "price" : 978.60,
    "dma50" : 969.06,
    "dma100" : 938.63,
    "dma200" : 954.16,
    "volume" : 1129946.00
  }, {
    "date" : "2025-08-29",
    "price" : 981.05,
    "dma50" : 969.53,
    "dma100" : 939.42,
    "dma200" : 954.43,
    "volume" : 850215.00
  }, {
    "date" : "2025-09-01",
    "price" : 991.05,
    "dma50" : 970.37,
    "dma100" : 940.66,
    "dma200" : 954.79,
    "volume" : 1499592.00
  }, {
    "date" : "2025-09-02",
    "price" : 996.10,
    "dma50" : 971.38,
    "dma100" : 942.25,
    "dma200" : 955.21,
    "volume" : 1133584.00
  }, {
    "date" : "2025-09-03",
    "price" : 1008.20,
    "dma50" : 972.83,
    "dma100" : 943.74,
    "dma200" : 955.73,
    "volume" : 1736817.00
  }, {
    "date" : "2025-09-04",
    "price" : 1011.95,
    "dma50" : 974.36,
    "dma100" : 945.41,
    "dma200" : 956.29,
    "volume" : 1082349.00
  }, {
    "date" : "2025-09-05",
    "price" : 1013.85,
    "dma50" : 975.91,
    "dma100" : 946.86,
    "dma200" : 956.87,
    "volume" : 1980521.00
  }, {
    "date" : "2025-09-08",
    "price" : 1009.65,
    "dma50" : 977.23,
    "dma100" : 948.13,
    "dma200" : 957.39,
    "volume" : 825777.00
  }, {
    "date" : "2025-09-09",
    "price" : 1035.60,
    "dma50" : 979.52,
    "dma100" : 950.26,
    "dma200" : 958.17,
    "volume" : 1281077.00
  }, {
    "date" : "2025-09-10",
    "price" : 1039.60,
    "dma50" : 981.88,
    "dma100" : 952.34,
    "dma200" : 958.98,
    "volume" : 1146559.00
  }, {
    "date" : "2025-09-11",
    "price" : 1043.60,
    "dma50" : 984.30,
    "dma100" : 954.33,
    "dma200" : 959.82,
    "volume" : 556807.00
  }, {
    "date" : "2025-09-12",
    "price" : 1044.75,
    "dma50" : 986.67,
    "dma100" : 956.25,
    "dma200" : 960.67,
    "volume" : 577523.00
  }, {
    "date" : "2025-09-15",
    "price" : 1036.90,
    "dma50" : 988.64,
    "dma100" : 957.94,
    "dma200" : 961.42,
    "volume" : 423210.00
  }, {
    "date" : "2025-09-16",
    "price" : 1034.50,
    "dma50" : 990.44,
    "dma100" : 959.48,
    "dma200" : 962.15,
    "volume" : 529772.00
  }, {
    "date" : "2025-09-17",
    "price" : 1033.80,
    "dma50" : 992.14,
    "dma100" : 961.22,
    "dma200" : 962.86,
    "volume" : 792313.00
  }, {
    "date" : "2025-09-18",
    "price" : 1047.85,
    "dma50" : 994.32,
    "dma100" : 962.83,
    "dma200" : 963.71,
    "volume" : 1017214.00
  }, {
    "date" : "2025-09-19",
    "price" : 1037.30,
    "dma50" : 996.01,
    "dma100" : 964.33,
    "dma200" : 964.44,
    "volume" : 1085420.00
  }, {
    "date" : "2025-09-22",
    "price" : 1035.70,
    "dma50" : 997.56,
    "dma100" : 965.80,
    "dma200" : 965.15,
    "volume" : 610669.00
  }, {
    "date" : "2025-09-23",
    "price" : 1044.85,
    "dma50" : 999.42,
    "dma100" : 967.39,
    "dma200" : 965.94,
    "volume" : 555376.00
  }, {
    "date" : "2025-09-24",
    "price" : 1036.00,
    "dma50" : 1000.85,
    "dma100" : 968.83,
    "dma200" : 966.64,
    "volume" : 682709.00
  }, {
    "date" : "2025-09-25",
    "price" : 1019.25,
    "dma50" : 1001.57,
    "dma100" : 970.21,
    "dma200" : 967.17,
    "volume" : 1171554.00
  }, {
    "date" : "2025-09-26",
    "price" : 975.00,
    "dma50" : 1000.53,
    "dma100" : 971.10,
    "dma200" : 967.24,
    "volume" : 2646033.00
  }, {
    "date" : "2025-09-29",
    "price" : 992.10,
    "dma50" : 1000.20,
    "dma100" : 972.29,
    "dma200" : 967.49,
    "volume" : 1161677.00
  }, {
    "date" : "2025-09-30",
    "price" : 981.90,
    "dma50" : 999.48,
    "dma100" : 973.32,
    "dma200" : 967.63,
    "volume" : 914348.00
  }, {
    "date" : "2025-10-01",
    "price" : 991.15,
    "dma50" : 999.16,
    "dma100" : 974.38,
    "dma200" : 967.87,
    "volume" : 567140.00
  }, {
    "date" : "2025-10-03",
    "price" : 988.30,
    "dma50" : 998.73,
    "dma100" : 975.25,
    "dma200" : 968.07,
    "volume" : 599734.00
  }, {
    "date" : "2025-10-06",
    "price" : 994.65,
    "dma50" : 998.57,
    "dma100" : 976.16,
    "dma200" : 968.34,
    "volume" : 384531.00
  }, {
    "date" : "2025-10-07",
    "price" : 987.90,
    "dma50" : 998.15,
    "dma100" : 976.99,
    "dma200" : 968.53,
    "volume" : 950460.00
  }, {
    "date" : "2025-10-08",
    "price" : 985.95,
    "dma50" : 997.67,
    "dma100" : 977.82,
    "dma200" : 968.70,
    "volume" : 868787.00
  }, {
    "date" : "2025-10-09",
    "price" : 994.45,
    "dma50" : 997.55,
    "dma100" : 978.65,
    "dma200" : 968.96,
    "volume" : 2648284.00
  }, {
    "date" : "2025-10-10",
    "price" : 993.45,
    "dma50" : 997.39,
    "dma100" : 979.76,
    "dma200" : 969.20,
    "volume" : 1611892.00
  }, {
    "date" : "2025-10-13",
    "price" : 995.50,
    "dma50" : 997.31,
    "dma100" : 980.81,
    "dma200" : 969.47,
    "volume" : 749122.00
  }, {
    "date" : "2025-10-14",
    "price" : 979.25,
    "dma50" : 996.60,
    "dma100" : 981.57,
    "dma200" : 969.56,
    "volume" : 857493.00
  }, {
    "date" : "2025-10-15",
    "price" : 977.30,
    "dma50" : 995.85,
    "dma100" : 982.26,
    "dma200" : 969.64,
    "volume" : 567627.00
  }, {
    "date" : "2025-10-16",
    "price" : 984.60,
    "dma50" : 995.41,
    "dma100" : 982.98,
    "dma200" : 969.79,
    "volume" : 846821.00
  }, {
    "date" : "2025-10-17",
    "price" : 987.65,
    "dma50" : 995.10,
    "dma100" : 983.67,
    "dma200" : 969.97,
    "volume" : 778599.00
  }, {
    "date" : "2025-10-20",
    "price" : 1002.35,
    "dma50" : 995.39,
    "dma100" : 984.44,
    "dma200" : 970.29,
    "volume" : 847016.00
  }, {
    "date" : "2025-10-21",
    "price" : 999.50,
    "dma50" : 995.55,
    "dma100" : 985.19,
    "dma200" : 970.58,
    "volume" : 65929.00
  }, {
    "date" : "2025-10-23",
    "price" : 1009.00,
    "dma50" : 996.08,
    "dma100" : 985.98,
    "dma200" : 970.96,
    "volume" : 752139.00
  }, {
    "date" : "2025-10-24",
    "price" : 1004.90,
    "dma50" : 996.42,
    "dma100" : 986.75,
    "dma200" : 971.30,
    "volume" : 596541.00
  }, {
    "date" : "2025-10-27",
    "price" : 1013.85,
    "dma50" : 997.10,
    "dma100" : 987.62,
    "dma200" : 971.72,
    "volume" : 529501.00
  }, {
    "date" : "2025-10-28",
    "price" : 1001.25,
    "dma50" : 997.27,
    "dma100" : 988.32,
    "dma200" : 972.02,
    "volume" : 397179.00
  }, {
    "date" : "2025-10-29",
    "price" : 1002.90,
    "dma50" : 997.49,
    "dma100" : 988.79,
    "dma200" : 972.32,
    "volume" : 834772.00
  }, {
    "date" : "2025-10-30",
    "price" : 986.15,
    "dma50" : 997.04,
    "dma100" : 989.05,
    "dma200" : 972.46,
    "volume" : 773792.00
  }, {
    "date" : "2025-10-31",
    "price" : 974.45,
    "dma50" : 996.16,
    "dma100" : 989.06,
    "dma200" : 972.48,
    "volume" : 483821.00
  }, {
    "date" : "2025-11-03",
    "price" : 981.05,
    "dma50" : 995.57,
    "dma100" : 989.05,
    "dma200" : 972.57,
    "volume" : 554414.00
  }, {
    "date" : "2025-11-04",
    "price" : 971.70,
    "dma50" : 994.63,
    "dma100" : 988.98,
    "dma200" : 972.56,
    "volume" : 464249.00
  }, {
    "date" : "2025-11-06",
    "price" : 936.70,
    "dma50" : 992.36,
    "dma100" : 988.56,
    "dma200" : 972.20,
    "volume" : 3085966.00
  }, {
    "date" : "2025-11-07",
    "price" : 944.10,
    "dma50" : 990.47,
    "dma100" : 988.25,
    "dma200" : 971.92,
    "volume" : 685525.00
  }, {
    "date" : "2025-11-10",
    "price" : 948.40,
    "dma50" : 988.82,
    "dma100" : 987.99,
    "dma200" : 971.69,
    "volume" : 935505.00
  }, {
    "date" : "2025-11-11",
    "price" : 938.90,
    "dma50" : 986.86,
    "dma100" : 987.80,
    "dma200" : 971.36,
    "volume" : 1831770.00
  }, {
    "date" : "2025-11-12",
    "price" : 951.40,
    "dma50" : 985.47,
    "dma100" : 987.73,
    "dma200" : 971.16,
    "volume" : 804988.00
  }, {
    "date" : "2025-11-13",
    "price" : 944.15,
    "dma50" : 983.85,
    "dma100" : 987.67,
    "dma200" : 970.89,
    "volume" : 707101.00
  }, {
    "date" : "2025-11-14",
    "price" : 944.45,
    "dma50" : 982.30,
    "dma100" : 987.55,
    "dma200" : 970.63,
    "volume" : 618395.00
  }, {
    "date" : "2025-11-17",
    "price" : 934.75,
    "dma50" : 980.44,
    "dma100" : 987.37,
    "dma200" : 970.27,
    "volume" : 905778.00
  }, {
    "date" : "2025-11-18",
    "price" : 928.40,
    "dma50" : 978.40,
    "dma100" : 987.01,
    "dma200" : 969.86,
    "volume" : 833736.00
  }, {
    "date" : "2025-11-19",
    "price" : 930.20,
    "dma50" : 976.51,
    "dma100" : 986.57,
    "dma200" : 969.46,
    "volume" : 670969.00
  }, {
    "date" : "2025-11-20",
    "price" : 928.00,
    "dma50" : 974.60,
    "dma100" : 986.03,
    "dma200" : 969.05,
    "volume" : 769826.00
  }, {
    "date" : "2025-11-21",
    "price" : 924.30,
    "dma50" : 972.63,
    "dma100" : 985.45,
    "dma200" : 968.60,
    "volume" : 491765.00
  }, {
    "date" : "2025-11-24",
    "price" : 926.65,
    "dma50" : 970.83,
    "dma100" : 984.82,
    "dma200" : 968.19,
    "volume" : 4962835.00
  }, {
    "date" : "2025-11-25",
    "price" : 928.50,
    "dma50" : 969.17,
    "dma100" : 984.08,
    "dma200" : 967.79,
    "volume" : 515529.00
  }, {
    "date" : "2025-11-26",
    "price" : 940.55,
    "dma50" : 968.05,
    "dma100" : 983.53,
    "dma200" : 967.52,
    "volume" : 992604.00
  }, {
    "date" : "2025-11-27",
    "price" : 937.25,
    "dma50" : 966.84,
    "dma100" : 982.91,
    "dma200" : 967.22,
    "volume" : 780110.00
  }, {
    "date" : "2025-11-28",
    "price" : 942.50,
    "dma50" : 965.88,
    "dma100" : 982.32,
    "dma200" : 966.97,
    "volume" : 966364.00
  }, {
    "date" : "2025-12-01",
    "price" : 936.45,
    "dma50" : 964.73,
    "dma100" : 981.70,
    "dma200" : 966.67,
    "volume" : 546067.00
  }, {
    "date" : "2025-12-02",
    "price" : 942.70,
    "dma50" : 963.87,
    "dma100" : 981.30,
    "dma200" : 966.43,
    "volume" : 834590.00
  }, {
    "date" : "2025-12-03",
    "price" : 934.95,
    "dma50" : 962.73,
    "dma100" : 980.86,
    "dma200" : 966.12,
    "volume" : 1182462.00
  }, {
    "date" : "2025-12-04",
    "price" : 935.75,
    "dma50" : 961.67,
    "dma100" : 980.49,
    "dma200" : 965.82,
    "volume" : 896871.00
  }, {
    "date" : "2025-12-05",
    "price" : 931.45,
    "dma50" : 960.49,
    "dma100" : 980.01,
    "dma200" : 965.47,
    "volume" : 903023.00
  } ],
  "latestTechnicalAttributes" : {
    "date" : "2025-12-05",
    "price" : 931.45,
    "dma50" : 960.49,
    "dma100" : 980.01,
    "dma200" : 965.47,
    "volume" : 903023.00
  },
  "quarterlyResults" : [ {
    "date" : "2005-03-31",
    "sales" : 193.30,
    "salesGrowthYoY" : null,
    "grossProfitMargin" : 60.84,
    "grossProfit" : 117.60,
    "operatingProfitMargin" : 4.97,
    "operatingProfit" : 9.61,
    "netProfitMargin" : 9.67,
    "netProfit" : 18.69
  }, {
    "date" : "2005-06-30",
    "sales" : 327.50,
    "salesGrowthYoY" : null,
    "grossProfitMargin" : 61.40,
    "grossProfit" : 201.09,
    "operatingProfitMargin" : 17.31,
    "operatingProfit" : 56.69,
    "netProfitMargin" : 15.97,
    "netProfit" : 52.30
  }, {
    "date" : "2005-09-30",
    "sales" : 326.10,
    "salesGrowthYoY" : null,
    "grossProfitMargin" : 60.04,
    "grossProfit" : 195.79,
    "operatingProfitMargin" : 16.87,
    "operatingProfit" : 55.01,
    "netProfitMargin" : 16.54,
    "netProfit" : 53.94
  }, {
    "date" : "2005-12-31",
    "sales" : 315.60,
    "salesGrowthYoY" : null,
    "grossProfitMargin" : 59.95,
    "grossProfit" : 189.20,
    "operatingProfitMargin" : 17.59,
    "operatingProfit" : 55.51,
    "netProfitMargin" : 13.97,
    "netProfit" : 44.09
  }, {
    "date" : "2006-03-31",
    "sales" : 276.80,
    "salesGrowthYoY" : 43.20,
    "grossProfitMargin" : 54.48,
    "grossProfit" : 150.80,
    "operatingProfitMargin" : 13.29,
    "operatingProfit" : 36.79,
    "netProfitMargin" : 8.77,
    "netProfit" : 24.28
  }, {
    "date" : "2006-06-30",
    "sales" : 357.20,
    "salesGrowthYoY" : 9.07,
    "grossProfitMargin" : 63.89,
    "grossProfit" : 228.22,
    "operatingProfitMargin" : 16.83,
    "operatingProfit" : 60.12,
    "netProfitMargin" : 13.77,
    "netProfit" : 49.19
  }, {
    "date" : "2006-09-30",
    "sales" : 382.00,
    "salesGrowthYoY" : 17.14,
    "grossProfitMargin" : 63.77,
    "grossProfit" : 243.60,
    "operatingProfitMargin" : 19.63,
    "operatingProfit" : 74.99,
    "netProfitMargin" : 17.15,
    "netProfit" : 65.51
  }, {
    "date" : "2006-12-31",
    "sales" : 354.40,
    "salesGrowthYoY" : 12.29,
    "grossProfitMargin" : 61.94,
    "grossProfit" : 219.52,
    "operatingProfitMargin" : 15.52,
    "operatingProfit" : 55.00,
    "netProfitMargin" : 14.81,
    "netProfit" : 52.49
  }, {
    "date" : "2007-03-31",
    "sales" : 320.10,
    "salesGrowthYoY" : 15.64,
    "grossProfitMargin" : 61.70,
    "grossProfit" : 197.50,
    "operatingProfitMargin" : 8.03,
    "operatingProfit" : 25.70,
    "netProfitMargin" : 11.72,
    "netProfit" : 37.52
  }, {
    "date" : "2007-06-30",
    "sales" : 452.28,
    "salesGrowthYoY" : 26.62,
    "grossProfitMargin" : 61.88,
    "grossProfit" : 279.87,
    "operatingProfitMargin" : 17.35,
    "operatingProfit" : 78.47,
    "netProfitMargin" : 14.67,
    "netProfit" : 66.35
  }, {
    "date" : "2007-09-30",
    "sales" : 447.38,
    "salesGrowthYoY" : 17.12,
    "grossProfitMargin" : 64.98,
    "grossProfit" : 290.71,
    "operatingProfitMargin" : 22.84,
    "operatingProfit" : 102.18,
    "netProfitMargin" : 16.41,
    "netProfit" : 73.42
  }, {
    "date" : "2007-12-31",
    "sales" : 406.30,
    "salesGrowthYoY" : 14.64,
    "grossProfitMargin" : 60.85,
    "grossProfit" : 247.23,
    "operatingProfitMargin" : 12.78,
    "operatingProfit" : 51.93,
    "netProfitMargin" : 16.04,
    "netProfit" : 65.17
  }, {
    "date" : "2008-03-31",
    "sales" : 406.47,
    "salesGrowthYoY" : 26.98,
    "grossProfitMargin" : 64.78,
    "grossProfit" : 263.31,
    "operatingProfitMargin" : 17.29,
    "operatingProfit" : 70.28,
    "netProfitMargin" : 8.71,
    "netProfit" : 35.40
  }, {
    "date" : "2008-06-30",
    "sales" : 482.73,
    "salesGrowthYoY" : 6.73,
    "grossProfitMargin" : 65.54,
    "grossProfit" : 316.38,
    "operatingProfitMargin" : 18.75,
    "operatingProfit" : 90.51,
    "netProfitMargin" : 11.53,
    "netProfit" : 55.66
  }, {
    "date" : "2008-09-30",
    "sales" : 540.26,
    "salesGrowthYoY" : 20.76,
    "grossProfitMargin" : 70.24,
    "grossProfit" : 379.48,
    "operatingProfitMargin" : 22.09,
    "operatingProfit" : 119.34,
    "netProfitMargin" : 17.68,
    "netProfit" : 95.52
  }, {
    "date" : "2008-12-31",
    "sales" : 435.00,
    "salesGrowthYoY" : 7.06,
    "grossProfitMargin" : 65.46,
    "grossProfit" : 284.75,
    "operatingProfitMargin" : 24.60,
    "operatingProfit" : 107.01,
    "netProfitMargin" : 16.61,
    "netProfit" : 72.25
  }, {
    "date" : "2009-03-31",
    "sales" : 487.77,
    "salesGrowthYoY" : 20.00,
    "grossProfitMargin" : 64.66,
    "grossProfit" : 315.39,
    "operatingProfitMargin" : 21.21,
    "operatingProfit" : 103.46,
    "netProfitMargin" : 11.33,
    "netProfit" : 55.26
  }, {
    "date" : "2009-06-30",
    "sales" : 595.74,
    "salesGrowthYoY" : 23.41,
    "grossProfitMargin" : 70.00,
    "grossProfit" : 417.02,
    "operatingProfitMargin" : 26.79,
    "operatingProfit" : 159.60,
    "netProfitMargin" : 20.57,
    "netProfit" : 122.54
  }, {
    "date" : "2009-09-30",
    "sales" : 643.96,
    "salesGrowthYoY" : 19.19,
    "grossProfitMargin" : 66.87,
    "grossProfit" : 430.62,
    "operatingProfitMargin" : 23.74,
    "operatingProfit" : 152.88,
    "netProfitMargin" : 19.32,
    "netProfit" : 124.41
  }, {
    "date" : "2009-12-31",
    "sales" : 613.42,
    "salesGrowthYoY" : 41.02,
    "grossProfitMargin" : 69.79,
    "grossProfit" : 428.11,
    "operatingProfitMargin" : 24.46,
    "operatingProfit" : 150.04,
    "netProfitMargin" : 20.43,
    "netProfit" : 125.32
  }, {
    "date" : "2010-03-31",
    "sales" : 571.77,
    "salesGrowthYoY" : 17.22,
    "grossProfitMargin" : 66.68,
    "grossProfit" : 381.26,
    "operatingProfitMargin" : 25.77,
    "operatingProfit" : 147.35,
    "netProfitMargin" : 22.91,
    "netProfit" : 130.99
  }, {
    "date" : "2010-06-30",
    "sales" : 783.37,
    "salesGrowthYoY" : 31.50,
    "grossProfitMargin" : 72.24,
    "grossProfit" : 565.91,
    "operatingProfitMargin" : 30.69,
    "operatingProfit" : 240.42,
    "netProfitMargin" : 25.36,
    "netProfit" : 198.66
  }, {
    "date" : "2010-09-30",
    "sales" : 739.03,
    "salesGrowthYoY" : 14.76,
    "grossProfitMargin" : 70.66,
    "grossProfit" : 522.20,
    "operatingProfitMargin" : 26.89,
    "operatingProfit" : 198.73,
    "netProfitMargin" : 24.57,
    "netProfit" : 181.58
  }, {
    "date" : "2010-12-31",
    "sales" : 701.93,
    "salesGrowthYoY" : 14.43,
    "grossProfitMargin" : 73.52,
    "grossProfit" : 516.06,
    "operatingProfitMargin" : 23.90,
    "operatingProfit" : 167.76,
    "netProfitMargin" : 20.00,
    "netProfit" : 140.39
  }, {
    "date" : "2011-03-31",
    "sales" : 695.95,
    "salesGrowthYoY" : 21.72,
    "grossProfitMargin" : 64.11,
    "grossProfit" : 446.17,
    "operatingProfitMargin" : 14.49,
    "operatingProfit" : 100.84,
    "netProfitMargin" : 9.69,
    "netProfit" : 67.44
  }, {
    "date" : "2011-06-30",
    "sales" : 781.87,
    "salesGrowthYoY" : -0.19,
    "grossProfitMargin" : 69.90,
    "grossProfit" : 546.53,
    "operatingProfitMargin" : 24.35,
    "operatingProfit" : 190.39,
    "netProfitMargin" : 19.56,
    "netProfit" : 152.93
  }, {
    "date" : "2011-09-30",
    "sales" : 770.51,
    "salesGrowthYoY" : 4.26,
    "grossProfitMargin" : 66.71,
    "grossProfit" : 514.01,
    "operatingProfitMargin" : 20.67,
    "operatingProfit" : 159.26,
    "netProfitMargin" : 29.98,
    "netProfit" : 231.00
  }, {
    "date" : "2011-12-31",
    "sales" : 814.62,
    "salesGrowthYoY" : 16.05,
    "grossProfitMargin" : 67.20,
    "grossProfit" : 547.42,
    "operatingProfitMargin" : 16.75,
    "operatingProfit" : 136.45,
    "netProfitMargin" : 16.48,
    "netProfit" : 134.25
  }, {
    "date" : "2012-03-31",
    "sales" : 783.78,
    "salesGrowthYoY" : 12.62,
    "grossProfitMargin" : 64.54,
    "grossProfit" : 505.85,
    "operatingProfitMargin" : 24.39,
    "operatingProfit" : 191.16,
    "netProfitMargin" : 18.93,
    "netProfit" : 148.37
  }, {
    "date" : "2012-06-30",
    "sales" : 831.22,
    "salesGrowthYoY" : 6.31,
    "grossProfitMargin" : 69.29,
    "grossProfit" : 575.95,
    "operatingProfitMargin" : 24.39,
    "operatingProfit" : 202.73,
    "netProfitMargin" : 15.96,
    "netProfit" : 132.66
  }, {
    "date" : "2012-09-30",
    "sales" : 872.20,
    "salesGrowthYoY" : 13.20,
    "grossProfitMargin" : 63.24,
    "grossProfit" : 551.58,
    "operatingProfitMargin" : 13.53,
    "operatingProfit" : 118.01,
    "netProfitMargin" : 9.58,
    "netProfit" : 83.56
  }, {
    "date" : "2012-12-31",
    "sales" : 860.63,
    "salesGrowthYoY" : 5.65,
    "grossProfitMargin" : 64.56,
    "grossProfit" : 555.62,
    "operatingProfitMargin" : 11.82,
    "operatingProfit" : 101.73,
    "netProfitMargin" : 5.65,
    "netProfit" : 48.63
  }, {
    "date" : "2013-03-31",
    "sales" : 991.12,
    "salesGrowthYoY" : 26.45,
    "grossProfitMargin" : 64.26,
    "grossProfit" : 636.89,
    "operatingProfitMargin" : 26.83,
    "operatingProfit" : 265.92,
    "netProfitMargin" : 22.27,
    "netProfit" : 220.72
  }, {
    "date" : "2013-06-30",
    "sales" : 928.10,
    "salesGrowthYoY" : 11.66,
    "grossProfitMargin" : 66.21,
    "grossProfit" : 614.50,
    "operatingProfitMargin" : 18.93,
    "operatingProfit" : 175.69,
    "netProfitMargin" : 36.66,
    "netProfit" : 340.24
  }, {
    "date" : "2013-09-30",
    "sales" : 984.99,
    "salesGrowthYoY" : 12.93,
    "grossProfitMargin" : 62.01,
    "grossProfit" : 610.79,
    "operatingProfitMargin" : 17.27,
    "operatingProfit" : 170.11,
    "netProfitMargin" : 15.41,
    "netProfit" : 151.79
  }, {
    "date" : "2013-12-31",
    "sales" : 1027.48,
    "salesGrowthYoY" : 19.39,
    "grossProfitMargin" : 65.51,
    "grossProfit" : 673.10,
    "operatingProfitMargin" : 18.14,
    "operatingProfit" : 186.38,
    "netProfitMargin" : 18.97,
    "netProfit" : 194.91
  }, {
    "date" : "2014-03-31",
    "sales" : 1101.54,
    "salesGrowthYoY" : 11.14,
    "grossProfitMargin" : 66.15,
    "grossProfit" : 728.67,
    "operatingProfitMargin" : 24.95,
    "operatingProfit" : 274.83,
    "netProfitMargin" : 19.67,
    "netProfit" : 216.67
  }, {
    "date" : "2014-06-30",
    "sales" : 1112.79,
    "salesGrowthYoY" : 19.90,
    "grossProfitMargin" : 65.85,
    "grossProfit" : 732.77,
    "operatingProfitMargin" : 23.71,
    "operatingProfit" : 263.84,
    "netProfitMargin" : 17.73,
    "netProfit" : 197.30
  }, {
    "date" : "2014-09-30",
    "sales" : 1252.81,
    "salesGrowthYoY" : 27.19,
    "grossProfitMargin" : 65.02,
    "grossProfit" : 814.58,
    "operatingProfitMargin" : 25.86,
    "operatingProfit" : 323.98,
    "netProfitMargin" : 29.18,
    "netProfit" : 365.57
  }, {
    "date" : "2014-12-31",
    "sales" : 1464.90,
    "salesGrowthYoY" : 42.57,
    "grossProfitMargin" : 71.66,
    "grossProfit" : 1049.75,
    "operatingProfitMargin" : 33.00,
    "operatingProfit" : 483.42,
    "netProfitMargin" : 24.66,
    "netProfit" : 361.24
  }, {
    "date" : "2015-03-31",
    "sales" : 1453.90,
    "salesGrowthYoY" : 31.99,
    "grossProfitMargin" : 71.24,
    "grossProfit" : 1035.76,
    "operatingProfitMargin" : 31.84,
    "operatingProfit" : 462.92,
    "netProfitMargin" : 23.87,
    "netProfit" : 347.05
  }, {
    "date" : "2015-06-30",
    "sales" : 1914.10,
    "salesGrowthYoY" : 72.01,
    "grossProfitMargin" : 72.31,
    "grossProfit" : 1384.09,
    "operatingProfitMargin" : 38.00,
    "operatingProfit" : 727.36,
    "netProfitMargin" : 29.52,
    "netProfit" : 565.04
  }, {
    "date" : "2015-09-30",
    "sales" : 1933.40,
    "salesGrowthYoY" : 54.33,
    "grossProfitMargin" : 73.68,
    "grossProfit" : 1424.53,
    "operatingProfitMargin" : 39.85,
    "operatingProfit" : 770.46,
    "netProfitMargin" : 32.83,
    "netProfit" : 634.74
  }, {
    "date" : "2015-12-31",
    "sales" : 1756.00,
    "salesGrowthYoY" : 19.87,
    "grossProfitMargin" : 73.09,
    "grossProfit" : 1283.46,
    "operatingProfitMargin" : 35.23,
    "operatingProfit" : 618.64,
    "netProfitMargin" : 27.56,
    "netProfit" : 483.95
  }, {
    "date" : "2016-03-31",
    "sales" : 1428.50,
    "salesGrowthYoY" : -1.75,
    "grossProfitMargin" : 73.37,
    "grossProfit" : 1048.09,
    "operatingProfitMargin" : 32.22,
    "operatingProfit" : 460.26,
    "netProfitMargin" : 24.77,
    "netProfit" : 353.84
  }, {
    "date" : "2016-06-30",
    "sales" : 923.50,
    "salesGrowthYoY" : -51.75,
    "grossProfitMargin" : 69.29,
    "grossProfit" : 639.89,
    "operatingProfitMargin" : 19.83,
    "operatingProfit" : 183.13,
    "netProfitMargin" : 14.12,
    "netProfit" : 130.40
  }, {
    "date" : "2016-09-30",
    "sales" : 728.60,
    "salesGrowthYoY" : -62.32,
    "grossProfitMargin" : 73.14,
    "grossProfit" : 532.90,
    "operatingProfitMargin" : 4.72,
    "operatingProfit" : 34.39,
    "netProfitMargin" : 5.23,
    "netProfit" : 38.11
  }, {
    "date" : "2016-12-31",
    "sales" : 758.40,
    "salesGrowthYoY" : -56.81,
    "grossProfitMargin" : 66.19,
    "grossProfit" : 501.98,
    "operatingProfitMargin" : 5.63,
    "operatingProfit" : 42.70,
    "netProfitMargin" : 2.90,
    "netProfit" : 21.99
  }, {
    "date" : "2017-03-31",
    "sales" : 820.20,
    "salesGrowthYoY" : -42.58,
    "grossProfitMargin" : 66.74,
    "grossProfit" : 547.40,
    "operatingProfitMargin" : 7.43,
    "operatingProfit" : 60.94,
    "netProfitMargin" : 57.47,
    "netProfit" : 471.37
  }, {
    "date" : "2017-06-30",
    "sales" : 1042.70,
    "salesGrowthYoY" : 12.91,
    "grossProfitMargin" : 70.66,
    "grossProfit" : 736.77,
    "operatingProfitMargin" : 19.03,
    "operatingProfit" : 198.43,
    "netProfitMargin" : 8.77,
    "netProfit" : 91.44
  }, {
    "date" : "2017-09-30",
    "sales" : 1738.30,
    "salesGrowthYoY" : 138.58,
    "grossProfitMargin" : 70.79,
    "grossProfit" : 1230.54,
    "operatingProfitMargin" : 37.39,
    "operatingProfit" : 649.95,
    "netProfitMargin" : 25.88,
    "netProfit" : 449.87
  }, {
    "date" : "2017-12-31",
    "sales" : 1573.80,
    "salesGrowthYoY" : 107.52,
    "grossProfitMargin" : 71.11,
    "grossProfit" : 1119.13,
    "operatingProfitMargin" : 26.97,
    "operatingProfit" : 424.45,
    "netProfitMargin" : 19.47,
    "netProfit" : 306.42
  }, {
    "date" : "2018-03-31",
    "sales" : 1455.10,
    "salesGrowthYoY" : 77.41,
    "grossProfitMargin" : 70.62,
    "grossProfit" : 1027.59,
    "operatingProfitMargin" : 25.66,
    "operatingProfit" : 373.38,
    "netProfitMargin" : 16.71,
    "netProfit" : 243.15
  }, {
    "date" : "2018-06-30",
    "sales" : 1504.90,
    "salesGrowthYoY" : 44.33,
    "grossProfitMargin" : 64.44,
    "grossProfit" : 969.76,
    "operatingProfitMargin" : 25.48,
    "operatingProfit" : 383.45,
    "netProfitMargin" : 20.61,
    "netProfit" : 310.16
  }, {
    "date" : "2018-09-30",
    "sales" : 1644.50,
    "salesGrowthYoY" : -5.40,
    "grossProfitMargin" : 68.56,
    "grossProfit" : 1127.47,
    "operatingProfitMargin" : 30.97,
    "operatingProfit" : 509.30,
    "netProfitMargin" : 40.53,
    "netProfit" : 666.52
  }, {
    "date" : "2018-12-31",
    "sales" : 1675.50,
    "salesGrowthYoY" : 6.46,
    "grossProfitMargin" : 67.93,
    "grossProfit" : 1138.17,
    "operatingProfitMargin" : 27.23,
    "operatingProfit" : 456.24,
    "netProfitMargin" : 21.68,
    "netProfit" : 363.25
  }, {
    "date" : "2019-03-31",
    "sales" : 1667.80,
    "salesGrowthYoY" : 14.62,
    "grossProfitMargin" : 66.52,
    "grossProfit" : 1109.42,
    "operatingProfitMargin" : 24.35,
    "operatingProfit" : 406.11,
    "netProfitMargin" : 15.72,
    "netProfit" : 262.18
  }, {
    "date" : "2019-06-30",
    "sales" : 1343.80,
    "salesGrowthYoY" : -10.71,
    "grossProfitMargin" : 65.59,
    "grossProfit" : 881.40,
    "operatingProfitMargin" : 13.63,
    "operatingProfit" : 183.16,
    "netProfitMargin" : 5.86,
    "netProfit" : 78.75
  }, {
    "date" : "2019-09-30",
    "sales" : 1561.40,
    "salesGrowthYoY" : -5.05,
    "grossProfitMargin" : 72.46,
    "grossProfit" : 1131.39,
    "operatingProfitMargin" : 25.98,
    "operatingProfit" : 405.65,
    "netProfitMargin" : 35.46,
    "netProfit" : 553.67
  }, {
    "date" : "2019-12-31",
    "sales" : 1711.00,
    "salesGrowthYoY" : 2.12,
    "grossProfitMargin" : 67.83,
    "grossProfit" : 1160.57,
    "operatingProfitMargin" : 20.54,
    "operatingProfit" : 351.44,
    "netProfitMargin" : 12.48,
    "netProfit" : 213.53
  }, {
    "date" : "2020-03-31",
    "sales" : 1812.20,
    "salesGrowthYoY" : 8.66,
    "grossProfitMargin" : 69.40,
    "grossProfit" : 1257.67,
    "operatingProfitMargin" : 28.67,
    "operatingProfit" : 519.56,
    "netProfitMargin" : 36.69,
    "netProfit" : 664.90
  }, {
    "date" : "2020-06-30",
    "sales" : 1795.90,
    "salesGrowthYoY" : 33.64,
    "grossProfitMargin" : 73.01,
    "grossProfit" : 1311.19,
    "operatingProfitMargin" : 32.81,
    "operatingProfit" : 589.23,
    "netProfitMargin" : 22.17,
    "netProfit" : 398.15
  }, {
    "date" : "2020-09-30",
    "sales" : 2056.90,
    "salesGrowthYoY" : 31.73,
    "grossProfitMargin" : 68.25,
    "grossProfit" : 1403.83,
    "operatingProfitMargin" : 30.51,
    "operatingProfit" : 627.56,
    "netProfitMargin" : 23.00,
    "netProfit" : 473.09
  }, {
    "date" : "2020-12-31",
    "sales" : 1918.80,
    "salesGrowthYoY" : 12.14,
    "grossProfitMargin" : 69.49,
    "grossProfit" : 1333.37,
    "operatingProfitMargin" : 25.96,
    "operatingProfit" : 498.12,
    "netProfitMargin" : 13.94,
    "netProfit" : 267.48
  }, {
    "date" : "2021-03-31",
    "sales" : 2008.40,
    "salesGrowthYoY" : 10.83,
    "grossProfitMargin" : 68.73,
    "grossProfit" : 1380.37,
    "operatingProfitMargin" : 29.57,
    "operatingProfit" : 593.88,
    "netProfitMargin" : 23.14,
    "netProfit" : 464.74
  }, {
    "date" : "2021-06-30",
    "sales" : 2123.40,
    "salesGrowthYoY" : 18.24,
    "grossProfitMargin" : 68.57,
    "grossProfit" : 1456.02,
    "operatingProfitMargin" : 29.09,
    "operatingProfit" : 617.70,
    "netProfitMargin" : 18.83,
    "netProfit" : 399.84
  }, {
    "date" : "2021-09-30",
    "sales" : 2008.90,
    "salesGrowthYoY" : -2.33,
    "grossProfitMargin" : 61.65,
    "grossProfit" : 1238.49,
    "operatingProfitMargin" : 24.11,
    "operatingProfit" : 484.35,
    "netProfitMargin" : 3.16,
    "netProfit" : 63.48
  }, {
    "date" : "2021-12-31",
    "sales" : 1830.30,
    "salesGrowthYoY" : -4.61,
    "grossProfitMargin" : 63.40,
    "grossProfit" : 1160.41,
    "operatingProfitMargin" : 19.59,
    "operatingProfit" : 358.56,
    "netProfitMargin" : 10.76,
    "netProfit" : 196.94
  }, {
    "date" : "2022-03-31",
    "sales" : 1976.80,
    "salesGrowthYoY" : -1.57,
    "grossProfitMargin" : 61.42,
    "grossProfit" : 1214.15,
    "operatingProfitMargin" : 23.15,
    "operatingProfit" : 457.63,
    "netProfitMargin" : 12.49,
    "netProfit" : 246.90
  }, {
    "date" : "2022-06-30",
    "sales" : 1980.90,
    "salesGrowthYoY" : -6.71,
    "grossProfitMargin" : 65.49,
    "grossProfit" : 1297.29,
    "operatingProfitMargin" : 27.48,
    "operatingProfit" : 544.35,
    "netProfitMargin" : 16.73,
    "netProfit" : 331.40
  }, {
    "date" : "2022-09-30",
    "sales" : 2261.80,
    "salesGrowthYoY" : 12.59,
    "grossProfitMargin" : 61.31,
    "grossProfit" : 1386.71,
    "operatingProfitMargin" : 30.02,
    "operatingProfit" : 678.99,
    "netProfitMargin" : 19.94,
    "netProfit" : 451.00
  }, {
    "date" : "2022-12-31",
    "sales" : 2013.00,
    "salesGrowthYoY" : 9.98,
    "grossProfitMargin" : 63.08,
    "grossProfit" : 1269.80,
    "operatingProfitMargin" : 22.78,
    "operatingProfit" : 458.56,
    "netProfitMargin" : 12.71,
    "netProfit" : 255.85
  }, {
    "date" : "2023-03-31",
    "sales" : 2579.30,
    "salesGrowthYoY" : 30.48,
    "grossProfitMargin" : 66.29,
    "grossProfit" : 1709.82,
    "operatingProfitMargin" : 29.95,
    "operatingProfit" : 772.50,
    "netProfitMargin" : 25.26,
    "netProfit" : 651.53
  }, {
    "date" : "2023-06-30",
    "sales" : 2955.70,
    "salesGrowthYoY" : 49.21,
    "grossProfitMargin" : 67.90,
    "grossProfit" : 2006.92,
    "operatingProfitMargin" : 38.60,
    "operatingProfit" : 1140.90,
    "netProfitMargin" : 26.42,
    "netProfit" : 780.90
  }, {
    "date" : "2023-09-30",
    "sales" : 2159.30,
    "salesGrowthYoY" : -4.53,
    "grossProfitMargin" : 67.24,
    "grossProfit" : 1451.91,
    "operatingProfitMargin" : 30.07,
    "operatingProfit" : 649.30,
    "netProfitMargin" : 37.28,
    "netProfit" : 804.99
  }, {
    "date" : "2023-12-31",
    "sales" : 2371.30,
    "salesGrowthYoY" : 17.80,
    "grossProfitMargin" : 67.33,
    "grossProfit" : 1596.60,
    "operatingProfitMargin" : 29.48,
    "operatingProfit" : 699.06,
    "netProfitMargin" : 18.99,
    "netProfit" : 450.31
  }, {
    "date" : "2024-03-31",
    "sales" : 3332.40,
    "salesGrowthYoY" : 29.20,
    "grossProfitMargin" : 78.33,
    "grossProfit" : 2610.27,
    "operatingProfitMargin" : 47.09,
    "operatingProfit" : 1569.23,
    "netProfitMargin" : 42.36,
    "netProfit" : 1411.60
  }, {
    "date" : "2024-06-30",
    "sales" : 4160.20,
    "salesGrowthYoY" : 40.75,
    "grossProfitMargin" : 82.26,
    "grossProfit" : 3422.18,
    "operatingProfitMargin" : 57.04,
    "operatingProfit" : 2372.98,
    "netProfitMargin" : 40.88,
    "netProfit" : 1700.69
  }, {
    "date" : "2024-09-30",
    "sales" : 2620.60,
    "salesGrowthYoY" : 21.36,
    "grossProfitMargin" : 75.08,
    "grossProfit" : 1967.55,
    "operatingProfitMargin" : 35.95,
    "operatingProfit" : 942.11,
    "netProfitMargin" : 30.14,
    "netProfit" : 789.85
  }, {
    "date" : "2024-12-31",
    "sales" : 2515.90,
    "salesGrowthYoY" : 6.10,
    "grossProfitMargin" : 62.81,
    "grossProfit" : 1580.24,
    "operatingProfitMargin" : 25.78,
    "operatingProfit" : 648.60,
    "netProfitMargin" : 18.71,
    "netProfit" : 470.72
  }, {
    "date" : "2025-03-31",
    "sales" : 5819.60,
    "salesGrowthYoY" : 74.64,
    "grossProfitMargin" : 88.14,
    "grossProfit" : 5129.40,
    "operatingProfitMargin" : 64.83,
    "operatingProfit" : 3772.85,
    "netProfitMargin" : 48.35,
    "netProfit" : 2813.78
  }, {
    "date" : "2025-06-30",
    "sales" : 2588.30,
    "salesGrowthYoY" : -37.78,
    "grossProfitMargin" : 65.08,
    "grossProfit" : 1684.47,
    "operatingProfitMargin" : 22.62,
    "operatingProfit" : 585.47,
    "netProfitMargin" : 14.86,
    "netProfit" : 384.62
  }, {
    "date" : "2025-09-30",
    "sales" : 2871.20,
    "salesGrowthYoY" : 9.56,
    "grossProfitMargin" : 70.64,
    "grossProfit" : 2028.22,
    "operatingProfitMargin" : 40.12,
    "operatingProfit" : 1151.93,
    "netProfitMargin" : 40.28,
    "netProfit" : 1156.52
  } ],
  "latestQuarterlyResult" : {
    "date" : "2025-09-30",
    "sales" : 2871.20,
    "salesGrowthYoY" : 9.56,
    "grossProfitMargin" : 70.64,
    "grossProfit" : 2028.22,
    "operatingProfitMargin" : 40.12,
    "operatingProfit" : 1151.93,
    "netProfitMargin" : 40.28,
    "netProfit" : 1156.52
  },
  "companyScore" : {
    "priceHigherThanDma50" : 0.00,
    "priceHigherThanDma100" : 0.00,
    "priceHigherThanDma200" : 0.00,
    "dma50HigherThanDma100" : 0.00,
    "dma50HigherThanDma200" : 0.00,
    "dma100HigherThanDma200" : 5.00,
    "pricePercentageAboveDma50" : 5.15,
    "pricePercentageAboveDma100" : 5.25,
    "pricePercentageAboveDma200" : 5.18,
    "weeklyVolumeHigherThanYearlyVolume" : 0.00,
    "salesGrowthPercentile" : 7.16,
    "operatingProfitMarginPercentile" : 19.28,
    "netProfitMarginPercentile" : 9.40,
    "totalTechnicalScore" : 20.58,
    "totalFundamentalScore" : 35.83,
    "totalScore" : 56.41
  }
}