{
  "metadata" : {
    "screenerCompanyId" : "3810",
    "companyCode" : "ZYDUSWELL",
    "companyName" : "Zydus Wellness",
    "screenerCompanyLink" : "https://www.screener.in/company/ZYDUSWELL",
    "screenerTechnicalHistoryLink" : "https://www.screener.in/api/company/3810/chart/?q=Price-DMA50-DMA200-Volume&days=365",
    "screenerQuarterlyResultsLink" : "https://www.screener.in/api/company/3810/chart/?q=GPM-OPM-NPM-Quarter+Sales&days=10000",
    "attributes" : {
      "companyCode" : "ZYDUSWELL",
      "companyName" : "Zydus Wellness",
      "marketCap" : 13695.00,
      "peRatio" : 403.00,
      "description" : "Zydus Wellness operates as an integrated consumer Company with business encompassing the entire value chain in the development, production, marketing and distribution of health and wellness products. The product portfolio of the Company includes brands like Sugar free, Everyuth and Nutralite.(Source : 202003 Annual Report Page No: 83)"
    },
    "companyScore" : {
      "priceHigherThanDma50" : 0.00,
      "priceHigherThanDma100" : 0.00,
      "priceHigherThanDma200" : 5.00,
      "dma50HigherThanDma100" : 5.00,
      "dma50HigherThanDma200" : 5.00,
      "dma100HigherThanDma200" : 5.00,
      "pricePercentageAboveDma50" : 5.28,
      "pricePercentageAboveDma100" : 5.17,
      "pricePercentageAboveDma200" : 4.90,
      "weeklyVolumeHigherThanYearlyVolume" : 0.00,
      "salesGrowthPercentile" : 18.73,
      "operatingProfitMarginPercentile" : 16.25,
      "netProfitMarginPercentile" : 7.73,
      "totalTechnicalScore" : 35.35,
      "totalFundamentalScore" : 42.71,
      "totalScore" : 78.06
    }
  },
  "attributes" : {
    "companyCode" : "ZYDUSWELL",
    "companyName" : "Zydus Wellness",
    "marketCap" : 13695.00,
    "peRatio" : 403.00,
    "description" : "Zydus Wellness operates as an integrated consumer Company with business encompassing the entire value chain in the development, production, marketing and distribution of health and wellness products. The product portfolio of the Company includes brands like Sugar free, Everyuth and Nutralite.(Source : 202003 Annual Report Page No: 83)"
  },
  "technicalHistory" : [ {
    "date" : "2024-12-02",
    "price" : 411.31,
    "dma50" : 395.98,
    "dma100" : null,
    "dma200" : 383.47,
    "volume" : 165760.00
  }, {
    "date" : "2024-12-03",
    "price" : 412.27,
    "dma50" : 396.62,
    "dma100" : null,
    "dma200" : 383.76,
    "volume" : 361900.00
  }, {
    "date" : "2024-12-04",
    "price" : 419.65,
    "dma50" : 397.52,
    "dma100" : null,
    "dma200" : 384.11,
    "volume" : 421495.00
  }, {
    "date" : "2024-12-05",
    "price" : 411.57,
    "dma50" : 398.07,
    "dma100" : null,
    "dma200" : 384.39,
    "volume" : 134105.00
  }, {
    "date" : "2024-12-06",
    "price" : 409.58,
    "dma50" : 398.53,
    "dma100" : null,
    "dma200" : 384.64,
    "volume" : 121610.00
  }, {
    "date" : "2024-12-09",
    "price" : 405.47,
    "dma50" : 398.80,
    "dma100" : null,
    "dma200" : 384.84,
    "volume" : 84845.00
  }, {
    "date" : "2024-12-10",
    "price" : 415.35,
    "dma50" : 399.45,
    "dma100" : null,
    "dma200" : 385.15,
    "volume" : 305675.00
  }, {
    "date" : "2024-12-11",
    "price" : 410.74,
    "dma50" : 399.89,
    "dma100" : null,
    "dma200" : 385.40,
    "volume" : 164145.00
  }, {
    "date" : "2024-12-12",
    "price" : 404.64,
    "dma50" : 400.08,
    "dma100" : null,
    "dma200" : 385.59,
    "volume" : 148435.00
  }, {
    "date" : "2024-12-13",
    "price" : 402.39,
    "dma50" : 400.17,
    "dma100" : null,
    "dma200" : 385.76,
    "volume" : 108715.00
  }, {
    "date" : "2024-12-16",
    "price" : 408.92,
    "dma50" : 400.51,
    "dma100" : null,
    "dma200" : 385.99,
    "volume" : 139700.00
  }, {
    "date" : "2024-12-17",
    "price" : 398.15,
    "dma50" : 400.42,
    "dma100" : null,
    "dma200" : 386.11,
    "volume" : 542220.00
  }, {
    "date" : "2024-12-18",
    "price" : 397.46,
    "dma50" : 400.30,
    "dma100" : null,
    "dma200" : 386.23,
    "volume" : 63980.00
  }, {
    "date" : "2024-12-19",
    "price" : 394.14,
    "dma50" : 400.06,
    "dma100" : null,
    "dma200" : 386.30,
    "volume" : 91245.00
  }, {
    "date" : "2024-12-20",
    "price" : 382.27,
    "dma50" : 399.36,
    "dma100" : null,
    "dma200" : 386.26,
    "volume" : 179870.00
  }, {
    "date" : "2024-12-23",
    "price" : 379.48,
    "dma50" : 398.58,
    "dma100" : null,
    "dma200" : 386.20,
    "volume" : 76790.00
  }, {
    "date" : "2024-12-24",
    "price" : 381.94,
    "dma50" : 397.93,
    "dma100" : null,
    "dma200" : 386.15,
    "volume" : 42990.00
  }, {
    "date" : "2024-12-26",
    "price" : 379.93,
    "dma50" : 397.22,
    "dma100" : null,
    "dma200" : 386.09,
    "volume" : 101200.00
  }, {
    "date" : "2024-12-27",
    "price" : 379.71,
    "dma50" : 396.54,
    "dma100" : null,
    "dma200" : 386.03,
    "volume" : 544500.00
  }, {
    "date" : "2024-12-30",
    "price" : 379.32,
    "dma50" : 395.86,
    "dma100" : null,
    "dma200" : 385.96,
    "volume" : 107470.00
  }, {
    "date" : "2024-12-31",
    "price" : 394.25,
    "dma50" : 395.80,
    "dma100" : null,
    "dma200" : 386.04,
    "volume" : 184205.00
  }, {
    "date" : "2025-01-01",
    "price" : 395.21,
    "dma50" : 395.78,
    "dma100" : null,
    "dma200" : 386.14,
    "volume" : 130490.00
  }, {
    "date" : "2025-01-02",
    "price" : 401.52,
    "dma50" : 396.00,
    "dma100" : null,
    "dma200" : 386.29,
    "volume" : 82560.00
  }, {
    "date" : "2025-01-03",
    "price" : 396.33,
    "dma50" : 396.01,
    "dma100" : null,
    "dma200" : 386.39,
    "volume" : 62275.00
  }, {
    "date" : "2025-01-06",
    "price" : 390.08,
    "dma50" : 395.78,
    "dma100" : null,
    "dma200" : 386.43,
    "volume" : 99240.00
  }, {
    "date" : "2025-01-07",
    "price" : 394.22,
    "dma50" : 395.72,
    "dma100" : null,
    "dma200" : 386.50,
    "volume" : 44440.00
  }, {
    "date" : "2025-01-08",
    "price" : 389.90,
    "dma50" : 395.49,
    "dma100" : null,
    "dma200" : 386.54,
    "volume" : 36560.00
  }, {
    "date" : "2025-01-09",
    "price" : 390.41,
    "dma50" : 395.29,
    "dma100" : null,
    "dma200" : 386.58,
    "volume" : 38960.00
  }, {
    "date" : "2025-01-10",
    "price" : 379.96,
    "dma50" : 394.69,
    "dma100" : null,
    "dma200" : 386.51,
    "volume" : 75150.00
  }, {
    "date" : "2025-01-13",
    "price" : 371.16,
    "dma50" : 393.77,
    "dma100" : null,
    "dma200" : 386.36,
    "volume" : 59495.00
  }, {
    "date" : "2025-01-14",
    "price" : 373.56,
    "dma50" : 392.98,
    "dma100" : null,
    "dma200" : 386.23,
    "volume" : 43530.00
  }, {
    "date" : "2025-01-15",
    "price" : 379.51,
    "dma50" : 392.45,
    "dma100" : null,
    "dma200" : 386.16,
    "volume" : 56930.00
  }, {
    "date" : "2025-01-16",
    "price" : 384.43,
    "dma50" : 392.13,
    "dma100" : null,
    "dma200" : 386.15,
    "volume" : 22195.00
  }, {
    "date" : "2025-01-17",
    "price" : 375.22,
    "dma50" : 391.47,
    "dma100" : null,
    "dma200" : 386.04,
    "volume" : 38535.00
  }, {
    "date" : "2025-01-20",
    "price" : 376.01,
    "dma50" : 390.86,
    "dma100" : null,
    "dma200" : 385.94,
    "volume" : 50130.00
  }, {
    "date" : "2025-01-21",
    "price" : 372.45,
    "dma50" : 390.14,
    "dma100" : null,
    "dma200" : 385.80,
    "volume" : 71375.00
  }, {
    "date" : "2025-01-22",
    "price" : 360.77,
    "dma50" : 388.99,
    "dma100" : null,
    "dma200" : 385.55,
    "volume" : 897635.00
  }, {
    "date" : "2025-01-23",
    "price" : 360.80,
    "dma50" : 387.88,
    "dma100" : null,
    "dma200" : 385.31,
    "volume" : 113525.00
  }, {
    "date" : "2025-01-24",
    "price" : 359.25,
    "dma50" : 386.76,
    "dma100" : null,
    "dma200" : 385.05,
    "volume" : 74380.00
  }, {
    "date" : "2025-01-27",
    "price" : 352.40,
    "dma50" : 385.41,
    "dma100" : null,
    "dma200" : 384.72,
    "volume" : 79035.00
  }, {
    "date" : "2025-01-28",
    "price" : 353.06,
    "dma50" : 384.15,
    "dma100" : null,
    "dma200" : 384.41,
    "volume" : 298740.00
  }, {
    "date" : "2025-01-29",
    "price" : 365.40,
    "dma50" : 383.41,
    "dma100" : null,
    "dma200" : 384.22,
    "volume" : 68080.00
  }, {
    "date" : "2025-01-30",
    "price" : 365.13,
    "dma50" : 382.69,
    "dma100" : null,
    "dma200" : 384.03,
    "volume" : 42720.00
  }, {
    "date" : "2025-01-31",
    "price" : 367.27,
    "dma50" : 382.09,
    "dma100" : null,
    "dma200" : 383.86,
    "volume" : 79170.00
  }, {
    "date" : "2025-02-01",
    "price" : 368.41,
    "dma50" : 381.55,
    "dma100" : null,
    "dma200" : 383.71,
    "volume" : 43695.00
  }, {
    "date" : "2025-02-03",
    "price" : 371.84,
    "dma50" : 381.17,
    "dma100" : null,
    "dma200" : 383.59,
    "volume" : 106420.00
  }, {
    "date" : "2025-02-04",
    "price" : 356.52,
    "dma50" : 380.20,
    "dma100" : null,
    "dma200" : 383.32,
    "volume" : 1671790.00
  }, {
    "date" : "2025-02-05",
    "price" : 359.78,
    "dma50" : 379.40,
    "dma100" : null,
    "dma200" : 383.09,
    "volume" : 492120.00
  }, {
    "date" : "2025-02-06",
    "price" : 357.35,
    "dma50" : 378.54,
    "dma100" : null,
    "dma200" : 382.83,
    "volume" : 126055.00
  }, {
    "date" : "2025-02-07",
    "price" : 358.08,
    "dma50" : 377.74,
    "dma100" : null,
    "dma200" : 382.58,
    "volume" : 72590.00
  }, {
    "date" : "2025-02-10",
    "price" : 356.92,
    "dma50" : 376.92,
    "dma100" : null,
    "dma200" : 382.33,
    "volume" : 80945.00
  }, {
    "date" : "2025-02-11",
    "price" : 351.40,
    "dma50" : 375.92,
    "dma100" : null,
    "dma200" : 382.02,
    "volume" : 151785.00
  }, {
    "date" : "2025-02-12",
    "price" : 340.09,
    "dma50" : 374.51,
    "dma100" : null,
    "dma200" : 381.60,
    "volume" : 194105.00
  }, {
    "date" : "2025-02-13",
    "price" : 339.74,
    "dma50" : 373.15,
    "dma100" : null,
    "dma200" : 381.19,
    "volume" : 145350.00
  }, {
    "date" : "2025-02-14",
    "price" : 336.53,
    "dma50" : 371.71,
    "dma100" : null,
    "dma200" : 380.74,
    "volume" : 323015.00
  }, {
    "date" : "2025-02-17",
    "price" : 335.84,
    "dma50" : 370.31,
    "dma100" : null,
    "dma200" : 380.30,
    "volume" : 190290.00
  }, {
    "date" : "2025-02-18",
    "price" : 326.88,
    "dma50" : 368.60,
    "dma100" : null,
    "dma200" : 379.77,
    "volume" : 61265.00
  }, {
    "date" : "2025-02-19",
    "price" : 333.32,
    "dma50" : 367.22,
    "dma100" : null,
    "dma200" : 379.30,
    "volume" : 662205.00
  }, {
    "date" : "2025-02-20",
    "price" : 330.28,
    "dma50" : 365.77,
    "dma100" : null,
    "dma200" : 378.82,
    "volume" : 104535.00
  }, {
    "date" : "2025-02-21",
    "price" : 332.57,
    "dma50" : 364.47,
    "dma100" : null,
    "dma200" : 378.36,
    "volume" : 56075.00
  }, {
    "date" : "2025-02-24",
    "price" : 323.78,
    "dma50" : 362.87,
    "dma100" : null,
    "dma200" : 377.81,
    "volume" : 87925.00
  }, {
    "date" : "2025-02-25",
    "price" : 326.26,
    "dma50" : 361.44,
    "dma100" : null,
    "dma200" : 377.30,
    "volume" : 79220.00
  }, {
    "date" : "2025-02-27",
    "price" : 317.77,
    "dma50" : 359.73,
    "dma100" : null,
    "dma200" : 376.71,
    "volume" : 111740.00
  }, {
    "date" : "2025-02-28",
    "price" : 312.26,
    "dma50" : 357.86,
    "dma100" : null,
    "dma200" : 376.07,
    "volume" : 153015.00
  }, {
    "date" : "2025-03-03",
    "price" : 308.42,
    "dma50" : 355.93,
    "dma100" : null,
    "dma200" : 375.39,
    "volume" : 146590.00
  }, {
    "date" : "2025-03-04",
    "price" : 307.08,
    "dma50" : 354.01,
    "dma100" : null,
    "dma200" : 374.71,
    "volume" : 229270.00
  }, {
    "date" : "2025-03-05",
    "price" : 314.97,
    "dma50" : 352.48,
    "dma100" : null,
    "dma200" : 374.12,
    "volume" : 125460.00
  }, {
    "date" : "2025-03-06",
    "price" : 326.53,
    "dma50" : 351.46,
    "dma100" : null,
    "dma200" : 373.64,
    "volume" : 719675.00
  }, {
    "date" : "2025-03-07",
    "price" : 321.45,
    "dma50" : 350.28,
    "dma100" : null,
    "dma200" : 373.13,
    "volume" : 486045.00
  }, {
    "date" : "2025-03-10",
    "price" : 322.92,
    "dma50" : 349.21,
    "dma100" : null,
    "dma200" : 372.63,
    "volume" : 177455.00
  }, {
    "date" : "2025-03-11",
    "price" : 322.57,
    "dma50" : 348.17,
    "dma100" : null,
    "dma200" : 372.13,
    "volume" : 148585.00
  }, {
    "date" : "2025-03-12",
    "price" : 321.74,
    "dma50" : 347.13,
    "dma100" : null,
    "dma200" : 371.63,
    "volume" : 582210.00
  }, {
    "date" : "2025-03-13",
    "price" : 318.20,
    "dma50" : 346.00,
    "dma100" : null,
    "dma200" : 371.09,
    "volume" : 95600.00
  }, {
    "date" : "2025-03-17",
    "price" : 321.84,
    "dma50" : 345.05,
    "dma100" : null,
    "dma200" : 370.60,
    "volume" : 237660.00
  }, {
    "date" : "2025-03-18",
    "price" : 328.33,
    "dma50" : 344.39,
    "dma100" : null,
    "dma200" : 370.18,
    "volume" : 146695.00
  }, {
    "date" : "2025-03-19",
    "price" : 330.09,
    "dma50" : 343.83,
    "dma100" : null,
    "dma200" : 369.79,
    "volume" : 365460.00
  }, {
    "date" : "2025-03-20",
    "price" : 333.76,
    "dma50" : 343.44,
    "dma100" : null,
    "dma200" : 369.43,
    "volume" : 91350.00
  }, {
    "date" : "2025-03-21",
    "price" : 333.52,
    "dma50" : 343.05,
    "dma100" : null,
    "dma200" : 369.07,
    "volume" : 119635.00
  }, {
    "date" : "2025-03-24",
    "price" : 336.03,
    "dma50" : 342.77,
    "dma100" : null,
    "dma200" : 368.74,
    "volume" : 173720.00
  }, {
    "date" : "2025-03-25",
    "price" : 333.72,
    "dma50" : 342.42,
    "dma100" : null,
    "dma200" : 368.39,
    "volume" : 187340.00
  }, {
    "date" : "2025-03-26",
    "price" : 323.61,
    "dma50" : 341.68,
    "dma100" : null,
    "dma200" : 367.95,
    "volume" : 103905.00
  }, {
    "date" : "2025-03-27",
    "price" : 338.12,
    "dma50" : 341.54,
    "dma100" : null,
    "dma200" : 367.65,
    "volume" : 265050.00
  }, {
    "date" : "2025-03-28",
    "price" : 336.10,
    "dma50" : 341.33,
    "dma100" : null,
    "dma200" : 367.34,
    "volume" : 151850.00
  }, {
    "date" : "2025-04-01",
    "price" : 335.66,
    "dma50" : 341.11,
    "dma100" : null,
    "dma200" : 367.02,
    "volume" : 61300.00
  }, {
    "date" : "2025-04-02",
    "price" : 341.37,
    "dma50" : 341.12,
    "dma100" : null,
    "dma200" : 366.77,
    "volume" : 70055.00
  }, {
    "date" : "2025-04-03",
    "price" : 339.67,
    "dma50" : 341.06,
    "dma100" : null,
    "dma200" : 366.50,
    "volume" : 104830.00
  }, {
    "date" : "2025-04-04",
    "price" : 339.44,
    "dma50" : 341.00,
    "dma100" : null,
    "dma200" : 366.23,
    "volume" : 71170.00
  }, {
    "date" : "2025-04-07",
    "price" : 336.40,
    "dma50" : 340.82,
    "dma100" : null,
    "dma200" : 365.93,
    "volume" : 290195.00
  }, {
    "date" : "2025-04-08",
    "price" : 347.51,
    "dma50" : 341.08,
    "dma100" : null,
    "dma200" : 365.75,
    "volume" : 174335.00
  }, {
    "date" : "2025-04-09",
    "price" : 345.55,
    "dma50" : 341.25,
    "dma100" : null,
    "dma200" : 365.55,
    "volume" : 305360.00
  }, {
    "date" : "2025-04-11",
    "price" : 349.62,
    "dma50" : 341.58,
    "dma100" : null,
    "dma200" : 365.39,
    "volume" : 216710.00
  }, {
    "date" : "2025-04-15",
    "price" : 349.82,
    "dma50" : 341.90,
    "dma100" : null,
    "dma200" : 365.23,
    "volume" : 217590.00
  }, {
    "date" : "2025-04-16",
    "price" : 353.08,
    "dma50" : 342.34,
    "dma100" : null,
    "dma200" : 365.11,
    "volume" : 102945.00
  }, {
    "date" : "2025-04-17",
    "price" : 352.54,
    "dma50" : 342.74,
    "dma100" : null,
    "dma200" : 364.99,
    "volume" : 124370.00
  }, {
    "date" : "2025-04-21",
    "price" : 348.92,
    "dma50" : 342.98,
    "dma100" : null,
    "dma200" : 364.83,
    "volume" : 124760.00
  }, {
    "date" : "2025-04-22",
    "price" : 355.02,
    "dma50" : 343.46,
    "dma100" : null,
    "dma200" : 364.73,
    "volume" : 122330.00
  }, {
    "date" : "2025-04-23",
    "price" : 352.92,
    "dma50" : 343.83,
    "dma100" : null,
    "dma200" : 364.61,
    "volume" : 51005.00
  }, {
    "date" : "2025-04-24",
    "price" : 361.16,
    "dma50" : 344.51,
    "dma100" : null,
    "dma200" : 364.58,
    "volume" : 168930.00
  }, {
    "date" : "2025-04-25",
    "price" : 353.12,
    "dma50" : 344.85,
    "dma100" : null,
    "dma200" : 364.46,
    "volume" : 100825.00
  }, {
    "date" : "2025-04-28",
    "price" : 352.32,
    "dma50" : 345.14,
    "dma100" : null,
    "dma200" : 364.34,
    "volume" : 56005.00
  }, {
    "date" : "2025-04-29",
    "price" : 360.48,
    "dma50" : 345.74,
    "dma100" : 359.10,
    "dma200" : 364.30,
    "volume" : 387380.00
  }, {
    "date" : "2025-04-30",
    "price" : 353.04,
    "dma50" : 346.03,
    "dma100" : 358.51,
    "dma200" : 364.19,
    "volume" : 117375.00
  }, {
    "date" : "2025-05-02",
    "price" : 346.74,
    "dma50" : 346.05,
    "dma100" : 357.78,
    "dma200" : 364.02,
    "volume" : 72435.00
  }, {
    "date" : "2025-05-05",
    "price" : 344.62,
    "dma50" : 346.00,
    "dma100" : 357.11,
    "dma200" : 363.82,
    "volume" : 76405.00
  }, {
    "date" : "2025-05-06",
    "price" : 338.94,
    "dma50" : 345.72,
    "dma100" : 356.41,
    "dma200" : 363.58,
    "volume" : 64445.00
  }, {
    "date" : "2025-05-07",
    "price" : 338.30,
    "dma50" : 345.43,
    "dma100" : 355.74,
    "dma200" : 363.33,
    "volume" : 92805.00
  }, {
    "date" : "2025-05-08",
    "price" : 342.92,
    "dma50" : 345.33,
    "dma100" : 355.01,
    "dma200" : 363.12,
    "volume" : 80805.00
  }, {
    "date" : "2025-05-09",
    "price" : 344.76,
    "dma50" : 345.31,
    "dma100" : 354.35,
    "dma200" : 362.94,
    "volume" : 50765.00
  }, {
    "date" : "2025-05-12",
    "price" : 361.44,
    "dma50" : 345.94,
    "dma100" : 353.92,
    "dma200" : 362.93,
    "volume" : 222450.00
  }, {
    "date" : "2025-05-13",
    "price" : 361.30,
    "dma50" : 346.54,
    "dma100" : 353.51,
    "dma200" : 362.91,
    "volume" : 59125.00
  }, {
    "date" : "2025-05-14",
    "price" : 360.12,
    "dma50" : 347.08,
    "dma100" : 353.02,
    "dma200" : 362.88,
    "volume" : 159655.00
  }, {
    "date" : "2025-05-15",
    "price" : 360.18,
    "dma50" : 347.59,
    "dma100" : 352.64,
    "dma200" : 362.85,
    "volume" : 133680.00
  }, {
    "date" : "2025-05-16",
    "price" : 365.46,
    "dma50" : 348.29,
    "dma100" : 352.32,
    "dma200" : 362.88,
    "volume" : 109325.00
  }, {
    "date" : "2025-05-19",
    "price" : 366.52,
    "dma50" : 349.01,
    "dma100" : 352.05,
    "dma200" : 362.92,
    "volume" : 1598360.00
  }, {
    "date" : "2025-05-20",
    "price" : 384.18,
    "dma50" : 350.39,
    "dma100" : 352.06,
    "dma200" : 363.13,
    "volume" : 1921890.00
  }, {
    "date" : "2025-05-21",
    "price" : 393.96,
    "dma50" : 352.09,
    "dma100" : 352.21,
    "dma200" : 363.43,
    "volume" : 1163465.00
  }, {
    "date" : "2025-05-22",
    "price" : 392.84,
    "dma50" : 353.69,
    "dma100" : 352.32,
    "dma200" : 363.73,
    "volume" : 225135.00
  }, {
    "date" : "2025-05-23",
    "price" : 390.58,
    "dma50" : 355.14,
    "dma100" : 352.42,
    "dma200" : 363.99,
    "volume" : 138315.00
  }, {
    "date" : "2025-05-26",
    "price" : 393.66,
    "dma50" : 356.65,
    "dma100" : 352.56,
    "dma200" : 364.29,
    "volume" : 145475.00
  }, {
    "date" : "2025-05-27",
    "price" : 391.66,
    "dma50" : 358.02,
    "dma100" : 352.69,
    "dma200" : 364.56,
    "volume" : 83430.00
  }, {
    "date" : "2025-05-28",
    "price" : 388.78,
    "dma50" : 359.23,
    "dma100" : 352.63,
    "dma200" : 364.80,
    "volume" : 72790.00
  }, {
    "date" : "2025-05-29",
    "price" : 390.06,
    "dma50" : 360.44,
    "dma100" : 352.58,
    "dma200" : 365.05,
    "volume" : 120380.00
  }, {
    "date" : "2025-05-30",
    "price" : 389.88,
    "dma50" : 361.59,
    "dma100" : 352.46,
    "dma200" : 365.30,
    "volume" : 159315.00
  }, {
    "date" : "2025-06-02",
    "price" : 390.48,
    "dma50" : 362.73,
    "dma100" : 352.41,
    "dma200" : 365.55,
    "volume" : 242085.00
  }, {
    "date" : "2025-06-03",
    "price" : 389.94,
    "dma50" : 363.79,
    "dma100" : 352.40,
    "dma200" : 365.79,
    "volume" : 1033965.00
  }, {
    "date" : "2025-06-04",
    "price" : 380.02,
    "dma50" : 364.43,
    "dma100" : 352.26,
    "dma200" : 365.94,
    "volume" : 735385.00
  }, {
    "date" : "2025-06-05",
    "price" : 377.92,
    "dma50" : 364.96,
    "dma100" : 352.14,
    "dma200" : 366.06,
    "volume" : 112375.00
  }, {
    "date" : "2025-06-06",
    "price" : 389.32,
    "dma50" : 365.91,
    "dma100" : 352.13,
    "dma200" : 366.29,
    "volume" : 1227925.00
  }, {
    "date" : "2025-06-09",
    "price" : 388.34,
    "dma50" : 366.79,
    "dma100" : 352.22,
    "dma200" : 366.51,
    "volume" : 237280.00
  }, {
    "date" : "2025-06-10",
    "price" : 388.44,
    "dma50" : 367.64,
    "dma100" : 352.39,
    "dma200" : 366.72,
    "volume" : 114980.00
  }, {
    "date" : "2025-06-11",
    "price" : 393.84,
    "dma50" : 368.67,
    "dma100" : 352.59,
    "dma200" : 366.99,
    "volume" : 239830.00
  }, {
    "date" : "2025-06-12",
    "price" : 387.48,
    "dma50" : 369.41,
    "dma100" : 352.67,
    "dma200" : 367.20,
    "volume" : 114760.00
  }, {
    "date" : "2025-06-13",
    "price" : 382.52,
    "dma50" : 369.92,
    "dma100" : 352.65,
    "dma200" : 367.35,
    "volume" : 112580.00
  }, {
    "date" : "2025-06-16",
    "price" : 382.68,
    "dma50" : 370.42,
    "dma100" : 352.73,
    "dma200" : 367.50,
    "volume" : 70610.00
  }, {
    "date" : "2025-06-17",
    "price" : 389.62,
    "dma50" : 371.17,
    "dma100" : 352.86,
    "dma200" : 367.72,
    "volume" : 399885.00
  }, {
    "date" : "2025-06-18",
    "price" : 410.86,
    "dma50" : 372.73,
    "dma100" : 353.25,
    "dma200" : 368.15,
    "volume" : 7164830.00
  }, {
    "date" : "2025-06-19",
    "price" : 413.14,
    "dma50" : 374.32,
    "dma100" : 353.77,
    "dma200" : 368.60,
    "volume" : 1279345.00
  }, {
    "date" : "2025-06-20",
    "price" : 400.46,
    "dma50" : 375.34,
    "dma100" : 354.17,
    "dma200" : 368.92,
    "volume" : 1515115.00
  }, {
    "date" : "2025-06-23",
    "price" : 408.24,
    "dma50" : 376.63,
    "dma100" : 354.66,
    "dma200" : 369.31,
    "volume" : 350870.00
  }, {
    "date" : "2025-06-24",
    "price" : 398.96,
    "dma50" : 377.51,
    "dma100" : 355.12,
    "dma200" : 369.60,
    "volume" : 485145.00
  }, {
    "date" : "2025-06-25",
    "price" : 406.88,
    "dma50" : 378.66,
    "dma100" : 355.66,
    "dma200" : 369.97,
    "volume" : 300675.00
  }, {
    "date" : "2025-06-26",
    "price" : 404.78,
    "dma50" : 379.68,
    "dma100" : 356.05,
    "dma200" : 370.32,
    "volume" : 224635.00
  }, {
    "date" : "2025-06-27",
    "price" : 406.70,
    "dma50" : 380.74,
    "dma100" : 356.47,
    "dma200" : 370.68,
    "volume" : 381205.00
  }, {
    "date" : "2025-06-30",
    "price" : 404.64,
    "dma50" : 381.68,
    "dma100" : 356.84,
    "dma200" : 371.02,
    "volume" : 235960.00
  }, {
    "date" : "2025-07-01",
    "price" : 403.42,
    "dma50" : 382.53,
    "dma100" : 357.19,
    "dma200" : 371.34,
    "volume" : 200105.00
  }, {
    "date" : "2025-07-02",
    "price" : 399.70,
    "dma50" : 383.21,
    "dma100" : 357.47,
    "dma200" : 371.63,
    "volume" : 216775.00
  }, {
    "date" : "2025-07-03",
    "price" : 395.94,
    "dma50" : 383.70,
    "dma100" : 357.87,
    "dma200" : 371.87,
    "volume" : 169405.00
  }, {
    "date" : "2025-07-04",
    "price" : 399.04,
    "dma50" : 384.31,
    "dma100" : 358.26,
    "dma200" : 372.14,
    "volume" : 178600.00
  }, {
    "date" : "2025-07-07",
    "price" : 397.18,
    "dma50" : 384.81,
    "dma100" : 358.66,
    "dma200" : 372.39,
    "volume" : 191165.00
  }, {
    "date" : "2025-07-08",
    "price" : 395.80,
    "dma50" : 385.24,
    "dma100" : 359.04,
    "dma200" : 372.62,
    "volume" : 126325.00
  }, {
    "date" : "2025-07-09",
    "price" : 407.64,
    "dma50" : 386.12,
    "dma100" : 359.54,
    "dma200" : 372.97,
    "volume" : 400875.00
  }, {
    "date" : "2025-07-10",
    "price" : 402.72,
    "dma50" : 386.77,
    "dma100" : 360.06,
    "dma200" : 373.26,
    "volume" : 157765.00
  }, {
    "date" : "2025-07-11",
    "price" : 403.82,
    "dma50" : 387.44,
    "dma100" : 360.69,
    "dma200" : 373.57,
    "volume" : 244510.00
  }, {
    "date" : "2025-07-14",
    "price" : 402.28,
    "dma50" : 388.02,
    "dma100" : 361.32,
    "dma200" : 373.85,
    "volume" : 414465.00
  }, {
    "date" : "2025-07-15",
    "price" : 404.36,
    "dma50" : 388.66,
    "dma100" : 362.00,
    "dma200" : 374.16,
    "volume" : 172285.00
  }, {
    "date" : "2025-07-16",
    "price" : 400.94,
    "dma50" : 389.14,
    "dma100" : 362.65,
    "dma200" : 374.42,
    "volume" : 312395.00
  }, {
    "date" : "2025-07-17",
    "price" : 420.42,
    "dma50" : 390.37,
    "dma100" : 363.58,
    "dma200" : 374.88,
    "volume" : 476495.00
  }, {
    "date" : "2025-07-18",
    "price" : 418.80,
    "dma50" : 391.49,
    "dma100" : 364.44,
    "dma200" : 375.32,
    "volume" : 423545.00
  }, {
    "date" : "2025-07-21",
    "price" : 418.68,
    "dma50" : 392.55,
    "dma100" : 365.32,
    "dma200" : 375.75,
    "volume" : 415880.00
  }, {
    "date" : "2025-07-22",
    "price" : 410.84,
    "dma50" : 393.27,
    "dma100" : 366.10,
    "dma200" : 376.10,
    "volume" : 250990.00
  }, {
    "date" : "2025-07-23",
    "price" : 417.74,
    "dma50" : 394.23,
    "dma100" : 367.04,
    "dma200" : 376.51,
    "volume" : 282515.00
  }, {
    "date" : "2025-07-24",
    "price" : 427.62,
    "dma50" : 395.54,
    "dma100" : 368.06,
    "dma200" : 377.02,
    "volume" : 600395.00
  }, {
    "date" : "2025-07-25",
    "price" : 420.52,
    "dma50" : 396.52,
    "dma100" : 369.09,
    "dma200" : 377.45,
    "volume" : 233540.00
  }, {
    "date" : "2025-07-28",
    "price" : 406.36,
    "dma50" : 396.90,
    "dma100" : 370.03,
    "dma200" : 377.74,
    "volume" : 168310.00
  }, {
    "date" : "2025-07-29",
    "price" : 402.50,
    "dma50" : 397.12,
    "dma100" : 370.97,
    "dma200" : 377.99,
    "volume" : 134080.00
  }, {
    "date" : "2025-07-30",
    "price" : 410.94,
    "dma50" : 397.66,
    "dma100" : 372.01,
    "dma200" : 378.32,
    "volume" : 1216670.00
  }, {
    "date" : "2025-07-31",
    "price" : 405.82,
    "dma50" : 397.98,
    "dma100" : 372.91,
    "dma200" : 378.59,
    "volume" : 167195.00
  }, {
    "date" : "2025-08-01",
    "price" : 412.76,
    "dma50" : 398.56,
    "dma100" : 373.78,
    "dma200" : 378.93,
    "volume" : 412665.00
  }, {
    "date" : "2025-08-04",
    "price" : 411.34,
    "dma50" : 399.07,
    "dma100" : 374.68,
    "dma200" : 379.25,
    "volume" : 163145.00
  }, {
    "date" : "2025-08-05",
    "price" : 396.58,
    "dma50" : 398.97,
    "dma100" : 375.41,
    "dma200" : 379.43,
    "volume" : 207680.00
  }, {
    "date" : "2025-08-06",
    "price" : 391.68,
    "dma50" : 398.68,
    "dma100" : 376.10,
    "dma200" : 379.55,
    "volume" : 205780.00
  }, {
    "date" : "2025-08-07",
    "price" : 386.34,
    "dma50" : 398.20,
    "dma100" : 376.75,
    "dma200" : 379.61,
    "volume" : 132710.00
  }, {
    "date" : "2025-08-08",
    "price" : 387.30,
    "dma50" : 397.77,
    "dma100" : 377.44,
    "dma200" : 379.69,
    "volume" : 133180.00
  }, {
    "date" : "2025-08-11",
    "price" : 388.30,
    "dma50" : 397.40,
    "dma100" : 378.10,
    "dma200" : 379.78,
    "volume" : 149180.00
  }, {
    "date" : "2025-08-12",
    "price" : 388.28,
    "dma50" : 397.04,
    "dma100" : 378.70,
    "dma200" : 379.86,
    "volume" : 96335.00
  }, {
    "date" : "2025-08-13",
    "price" : 389.74,
    "dma50" : 396.76,
    "dma100" : 379.30,
    "dma200" : 379.96,
    "volume" : 139815.00
  }, {
    "date" : "2025-08-14",
    "price" : 385.96,
    "dma50" : 396.33,
    "dma100" : 379.82,
    "dma200" : 380.02,
    "volume" : 167730.00
  }, {
    "date" : "2025-08-18",
    "price" : 401.94,
    "dma50" : 396.55,
    "dma100" : 380.51,
    "dma200" : 380.24,
    "volume" : 191460.00
  }, {
    "date" : "2025-08-19",
    "price" : 403.68,
    "dma50" : 396.83,
    "dma100" : 381.18,
    "dma200" : 380.47,
    "volume" : 402730.00
  }, {
    "date" : "2025-08-20",
    "price" : 398.40,
    "dma50" : 396.89,
    "dma100" : 381.83,
    "dma200" : 380.65,
    "volume" : 302675.00
  }, {
    "date" : "2025-08-21",
    "price" : 400.56,
    "dma50" : 397.04,
    "dma100" : 382.60,
    "dma200" : 380.85,
    "volume" : 267735.00
  }, {
    "date" : "2025-08-22",
    "price" : 399.66,
    "dma50" : 397.14,
    "dma100" : 383.22,
    "dma200" : 381.03,
    "volume" : 175800.00
  }, {
    "date" : "2025-08-25",
    "price" : 396.76,
    "dma50" : 397.12,
    "dma100" : 383.82,
    "dma200" : 381.19,
    "volume" : 150310.00
  }, {
    "date" : "2025-08-26",
    "price" : 402.52,
    "dma50" : 397.34,
    "dma100" : 384.49,
    "dma200" : 381.40,
    "volume" : 242400.00
  }, {
    "date" : "2025-08-28",
    "price" : 406.20,
    "dma50" : 397.68,
    "dma100" : 385.14,
    "dma200" : 381.65,
    "volume" : 184225.00
  }, {
    "date" : "2025-08-29",
    "price" : 403.74,
    "dma50" : 397.92,
    "dma100" : 385.78,
    "dma200" : 381.87,
    "volume" : 152980.00
  }, {
    "date" : "2025-09-01",
    "price" : 443.56,
    "dma50" : 399.71,
    "dma100" : 386.82,
    "dma200" : 382.48,
    "volume" : 6648300.00
  }, {
    "date" : "2025-09-02",
    "price" : 450.70,
    "dma50" : 401.71,
    "dma100" : 387.96,
    "dma200" : 383.16,
    "volume" : 1218480.00
  }, {
    "date" : "2025-09-03",
    "price" : 465.68,
    "dma50" : 404.22,
    "dma100" : 389.15,
    "dma200" : 383.98,
    "volume" : 1441575.00
  }, {
    "date" : "2025-09-04",
    "price" : 484.76,
    "dma50" : 407.38,
    "dma100" : 390.54,
    "dma200" : 384.99,
    "volume" : 1971610.00
  }, {
    "date" : "2025-09-05",
    "price" : 485.38,
    "dma50" : 410.44,
    "dma100" : 391.89,
    "dma200" : 385.99,
    "volume" : 1544160.00
  }, {
    "date" : "2025-09-08",
    "price" : 480.02,
    "dma50" : 413.17,
    "dma100" : 393.20,
    "dma200" : 386.92,
    "volume" : 1092780.00
  }, {
    "date" : "2025-09-09",
    "price" : 494.60,
    "dma50" : 416.36,
    "dma100" : 394.61,
    "dma200" : 387.99,
    "volume" : 529565.00
  }, {
    "date" : "2025-09-10",
    "price" : 497.38,
    "dma50" : 419.54,
    "dma100" : 396.06,
    "dma200" : 389.08,
    "volume" : 526040.00
  }, {
    "date" : "2025-09-11",
    "price" : 510.38,
    "dma50" : 423.10,
    "dma100" : 397.67,
    "dma200" : 390.29,
    "volume" : 903625.00
  }, {
    "date" : "2025-09-12",
    "price" : 507.40,
    "dma50" : 426.40,
    "dma100" : 399.20,
    "dma200" : 391.45,
    "volume" : 899495.00
  }, {
    "date" : "2025-09-15",
    "price" : 509.14,
    "dma50" : 429.65,
    "dma100" : 400.76,
    "dma200" : 392.62,
    "volume" : 752170.00
  }, {
    "date" : "2025-09-16",
    "price" : 524.26,
    "dma50" : 433.36,
    "dma100" : 402.39,
    "dma200" : 393.93,
    "volume" : 750240.00
  }, {
    "date" : "2025-09-17",
    "price" : 515.64,
    "dma50" : 436.59,
    "dma100" : 404.02,
    "dma200" : 395.14,
    "volume" : 432785.00
  }, {
    "date" : "2025-09-18",
    "price" : 520.90,
    "dma50" : 439.89,
    "dma100" : 405.70,
    "dma200" : 396.40,
    "volume" : 419722.00
  }, {
    "date" : "2025-09-19",
    "price" : 515.90,
    "dma50" : 442.87,
    "dma100" : 407.26,
    "dma200" : 397.59,
    "volume" : 1497354.00
  }, {
    "date" : "2025-09-22",
    "price" : 497.60,
    "dma50" : 445.02,
    "dma100" : 408.70,
    "dma200" : 398.58,
    "volume" : 592818.00
  }, {
    "date" : "2025-09-23",
    "price" : 473.80,
    "dma50" : 446.15,
    "dma100" : 409.97,
    "dma200" : 399.33,
    "volume" : 486234.00
  }, {
    "date" : "2025-09-24",
    "price" : 485.70,
    "dma50" : 447.70,
    "dma100" : 411.38,
    "dma200" : 400.19,
    "volume" : 542270.00
  }, {
    "date" : "2025-09-25",
    "price" : 474.20,
    "dma50" : 448.74,
    "dma100" : 412.74,
    "dma200" : 400.92,
    "volume" : 176645.00
  }, {
    "date" : "2025-09-26",
    "price" : 482.30,
    "dma50" : 450.05,
    "dma100" : 414.18,
    "dma200" : 401.73,
    "volume" : 405641.00
  }, {
    "date" : "2025-09-29",
    "price" : 486.50,
    "dma50" : 451.48,
    "dma100" : 415.61,
    "dma200" : 402.58,
    "volume" : 392088.00
  }, {
    "date" : "2025-09-30",
    "price" : 457.20,
    "dma50" : 451.71,
    "dma100" : 416.74,
    "dma200" : 403.12,
    "volume" : 504848.00
  }, {
    "date" : "2025-10-01",
    "price" : 459.85,
    "dma50" : 452.03,
    "dma100" : 417.72,
    "dma200" : 403.69,
    "volume" : 189894.00
  }, {
    "date" : "2025-10-03",
    "price" : 464.45,
    "dma50" : 452.51,
    "dma100" : 418.75,
    "dma200" : 404.29,
    "volume" : 127730.00
  }, {
    "date" : "2025-10-06",
    "price" : 452.30,
    "dma50" : 452.51,
    "dma100" : 419.67,
    "dma200" : 404.77,
    "volume" : 213427.00
  }, {
    "date" : "2025-10-07",
    "price" : 450.30,
    "dma50" : 452.42,
    "dma100" : 420.58,
    "dma200" : 405.22,
    "volume" : 156337.00
  }, {
    "date" : "2025-10-08",
    "price" : 459.00,
    "dma50" : 452.68,
    "dma100" : 421.51,
    "dma200" : 405.76,
    "volume" : 260353.00
  }, {
    "date" : "2025-10-09",
    "price" : 453.50,
    "dma50" : 452.71,
    "dma100" : 422.38,
    "dma200" : 406.23,
    "volume" : 168764.00
  }, {
    "date" : "2025-10-10",
    "price" : 456.00,
    "dma50" : 452.84,
    "dma100" : 423.10,
    "dma200" : 406.73,
    "volume" : 215752.00
  }, {
    "date" : "2025-10-13",
    "price" : 456.05,
    "dma50" : 452.96,
    "dma100" : 423.72,
    "dma200" : 407.22,
    "volume" : 384298.00
  }, {
    "date" : "2025-10-14",
    "price" : 447.95,
    "dma50" : 452.77,
    "dma100" : 424.27,
    "dma200" : 407.62,
    "volume" : 232534.00
  }, {
    "date" : "2025-10-15",
    "price" : 464.40,
    "dma50" : 453.22,
    "dma100" : 425.01,
    "dma200" : 408.19,
    "volume" : 264895.00
  }, {
    "date" : "2025-10-16",
    "price" : 470.20,
    "dma50" : 453.89,
    "dma100" : 425.77,
    "dma200" : 408.80,
    "volume" : 496270.00
  }, {
    "date" : "2025-10-17",
    "price" : 460.90,
    "dma50" : 454.16,
    "dma100" : 426.47,
    "dma200" : 409.32,
    "volume" : 240443.00
  }, {
    "date" : "2025-10-20",
    "price" : 469.30,
    "dma50" : 454.76,
    "dma100" : 427.27,
    "dma200" : 409.92,
    "volume" : 777387.00
  }, {
    "date" : "2025-10-21",
    "price" : 488.70,
    "dma50" : 456.09,
    "dma100" : 428.26,
    "dma200" : 410.70,
    "volume" : 189325.00
  }, {
    "date" : "2025-10-23",
    "price" : 491.00,
    "dma50" : 457.46,
    "dma100" : 429.27,
    "dma200" : 411.50,
    "volume" : 903062.00
  }, {
    "date" : "2025-10-24",
    "price" : 484.90,
    "dma50" : 458.53,
    "dma100" : 430.21,
    "dma200" : 412.23,
    "volume" : 301360.00
  }, {
    "date" : "2025-10-27",
    "price" : 489.45,
    "dma50" : 459.75,
    "dma100" : 431.21,
    "dma200" : 413.00,
    "volume" : 194856.00
  }, {
    "date" : "2025-10-28",
    "price" : 493.90,
    "dma50" : 461.09,
    "dma100" : 432.35,
    "dma200" : 413.81,
    "volume" : 242112.00
  }, {
    "date" : "2025-10-29",
    "price" : 493.45,
    "dma50" : 462.36,
    "dma100" : 433.50,
    "dma200" : 414.60,
    "volume" : 199459.00
  }, {
    "date" : "2025-10-30",
    "price" : 487.80,
    "dma50" : 463.35,
    "dma100" : 434.49,
    "dma200" : 415.33,
    "volume" : 165627.00
  }, {
    "date" : "2025-10-31",
    "price" : 476.60,
    "dma50" : 463.87,
    "dma100" : 435.37,
    "dma200" : 415.94,
    "volume" : 162870.00
  }, {
    "date" : "2025-11-03",
    "price" : 479.80,
    "dma50" : 464.50,
    "dma100" : 436.28,
    "dma200" : 416.57,
    "volume" : 215760.00
  }, {
    "date" : "2025-11-04",
    "price" : 463.00,
    "dma50" : 464.44,
    "dma100" : 436.98,
    "dma200" : 417.03,
    "volume" : 226406.00
  }, {
    "date" : "2025-11-06",
    "price" : 443.80,
    "dma50" : 463.63,
    "dma100" : 437.54,
    "dma200" : 417.30,
    "volume" : 484988.00
  }, {
    "date" : "2025-11-07",
    "price" : 450.35,
    "dma50" : 463.11,
    "dma100" : 438.22,
    "dma200" : 417.63,
    "volume" : 203764.00
  }, {
    "date" : "2025-11-10",
    "price" : 461.60,
    "dma50" : 463.05,
    "dma100" : 439.01,
    "dma200" : 418.07,
    "volume" : 185760.00
  }, {
    "date" : "2025-11-11",
    "price" : 458.55,
    "dma50" : 462.87,
    "dma100" : 439.70,
    "dma200" : 418.47,
    "volume" : 94805.00
  }, {
    "date" : "2025-11-12",
    "price" : 460.95,
    "dma50" : 462.80,
    "dma100" : 440.20,
    "dma200" : 418.89,
    "volume" : 202206.00
  }, {
    "date" : "2025-11-13",
    "price" : 457.35,
    "dma50" : 462.58,
    "dma100" : 440.64,
    "dma200" : 419.28,
    "volume" : 148004.00
  }, {
    "date" : "2025-11-14",
    "price" : 454.35,
    "dma50" : 462.26,
    "dma100" : 441.18,
    "dma200" : 419.62,
    "volume" : 124549.00
  }, {
    "date" : "2025-11-17",
    "price" : 456.10,
    "dma50" : 462.02,
    "dma100" : 441.66,
    "dma200" : 419.99,
    "volume" : 209521.00
  }, {
    "date" : "2025-11-18",
    "price" : 452.00,
    "dma50" : 461.63,
    "dma100" : 442.19,
    "dma200" : 420.31,
    "volume" : 114541.00
  }, {
    "date" : "2025-11-19",
    "price" : 455.70,
    "dma50" : 461.39,
    "dma100" : 442.67,
    "dma200" : 420.66,
    "volume" : 121152.00
  }, {
    "date" : "2025-11-20",
    "price" : 456.15,
    "dma50" : 461.19,
    "dma100" : 443.19,
    "dma200" : 421.01,
    "volume" : 202726.00
  }, {
    "date" : "2025-11-21",
    "price" : 441.20,
    "dma50" : 460.40,
    "dma100" : 443.53,
    "dma200" : 421.21,
    "volume" : 145995.00
  }, {
    "date" : "2025-11-24",
    "price" : 448.55,
    "dma50" : 459.94,
    "dma100" : 443.97,
    "dma200" : 421.48,
    "volume" : 168179.00
  }, {
    "date" : "2025-11-25",
    "price" : 441.70,
    "dma50" : 459.22,
    "dma100" : 444.36,
    "dma200" : 421.68,
    "volume" : 161331.00
  }, {
    "date" : "2025-11-26",
    "price" : 436.40,
    "dma50" : 458.33,
    "dma100" : 444.72,
    "dma200" : 421.83,
    "volume" : 112021.00
  }, {
    "date" : "2025-11-27",
    "price" : 433.40,
    "dma50" : 457.35,
    "dma100" : 445.10,
    "dma200" : 421.95,
    "volume" : 84407.00
  }, {
    "date" : "2025-11-28",
    "price" : 430.45,
    "dma50" : 456.30,
    "dma100" : 445.41,
    "dma200" : 422.03,
    "volume" : 102513.00
  } ],
  "latestTechnicalAttributes" : {
    "date" : "2025-11-28",
    "price" : 430.45,
    "dma50" : 456.30,
    "dma100" : 445.41,
    "dma200" : 422.03,
    "volume" : 102513.00
  },
  "quarterlyResults" : [ {
    "date" : "2005-03-31",
    "sales" : 7.58,
    "salesGrowthYoY" : null,
    "grossProfitMargin" : 62.01,
    "grossProfit" : 4.70,
    "operatingProfitMargin" : 13.72,
    "operatingProfit" : 1.04,
    "netProfitMargin" : 10.16,
    "netProfit" : 0.77
  }, {
    "date" : "2005-06-30",
    "sales" : 6.78,
    "salesGrowthYoY" : null,
    "grossProfitMargin" : 55.75,
    "grossProfit" : 3.78,
    "operatingProfitMargin" : 16.08,
    "operatingProfit" : 1.09,
    "netProfitMargin" : 10.32,
    "netProfit" : 0.70
  }, {
    "date" : "2005-09-30",
    "sales" : 7.37,
    "salesGrowthYoY" : null,
    "grossProfitMargin" : 58.89,
    "grossProfit" : 4.34,
    "operatingProfitMargin" : 15.88,
    "operatingProfit" : 1.17,
    "netProfitMargin" : 10.31,
    "netProfit" : 0.76
  }, {
    "date" : "2005-12-31",
    "sales" : 8.98,
    "salesGrowthYoY" : null,
    "grossProfitMargin" : 58.13,
    "grossProfit" : 5.22,
    "operatingProfitMargin" : 16.70,
    "operatingProfit" : 1.50,
    "netProfitMargin" : 11.25,
    "netProfit" : 1.01
  }, {
    "date" : "2006-03-31",
    "sales" : 6.61,
    "salesGrowthYoY" : -12.80,
    "grossProfitMargin" : 53.10,
    "grossProfit" : 3.51,
    "operatingProfitMargin" : 17.85,
    "operatingProfit" : 1.18,
    "netProfitMargin" : 1.66,
    "netProfit" : 0.11
  }, {
    "date" : "2006-06-30",
    "sales" : 8.05,
    "salesGrowthYoY" : 18.73,
    "grossProfitMargin" : 44.60,
    "grossProfit" : 3.59,
    "operatingProfitMargin" : 14.04,
    "operatingProfit" : 1.13,
    "netProfitMargin" : 8.70,
    "netProfit" : 0.70
  }, {
    "date" : "2006-09-30",
    "sales" : 7.91,
    "salesGrowthYoY" : 7.33,
    "grossProfitMargin" : 41.21,
    "grossProfit" : 3.26,
    "operatingProfitMargin" : 12.26,
    "operatingProfit" : 0.97,
    "netProfitMargin" : 9.86,
    "netProfit" : 0.78
  }, {
    "date" : "2006-12-31",
    "sales" : 14.73,
    "salesGrowthYoY" : 64.03,
    "grossProfitMargin" : 47.39,
    "grossProfit" : 6.98,
    "operatingProfitMargin" : 7.54,
    "operatingProfit" : 1.11,
    "netProfitMargin" : 5.30,
    "netProfit" : 0.78
  }, {
    "date" : "2007-03-31",
    "sales" : 12.02,
    "salesGrowthYoY" : 81.85,
    "grossProfitMargin" : 32.45,
    "grossProfit" : 3.90,
    "operatingProfitMargin" : 6.99,
    "operatingProfit" : 0.84,
    "netProfitMargin" : -14.56,
    "netProfit" : -1.75
  }, {
    "date" : "2007-06-30",
    "sales" : 11.82,
    "salesGrowthYoY" : 46.83,
    "grossProfitMargin" : 43.23,
    "grossProfit" : 5.11,
    "operatingProfitMargin" : 14.55,
    "operatingProfit" : 1.72,
    "netProfitMargin" : 11.42,
    "netProfit" : 1.35
  }, {
    "date" : "2007-09-30",
    "sales" : 13.47,
    "salesGrowthYoY" : 70.29,
    "grossProfitMargin" : 53.08,
    "grossProfit" : 7.15,
    "operatingProfitMargin" : 14.63,
    "operatingProfit" : 1.97,
    "netProfitMargin" : 10.99,
    "netProfit" : 1.48
  }, {
    "date" : "2007-12-31",
    "sales" : 17.03,
    "salesGrowthYoY" : 15.61,
    "grossProfitMargin" : 47.27,
    "grossProfit" : 8.05,
    "operatingProfitMargin" : 8.34,
    "operatingProfit" : 1.42,
    "netProfitMargin" : 6.81,
    "netProfit" : 1.16
  }, {
    "date" : "2008-03-31",
    "sales" : 14.01,
    "salesGrowthYoY" : 16.56,
    "grossProfitMargin" : 38.12,
    "grossProfit" : 5.34,
    "operatingProfitMargin" : 8.49,
    "operatingProfit" : 1.19,
    "netProfitMargin" : 4.00,
    "netProfit" : 0.56
  }, {
    "date" : "2008-06-30",
    "sales" : 50.05,
    "salesGrowthYoY" : 323.43,
    "grossProfitMargin" : 61.26,
    "grossProfit" : 30.66,
    "operatingProfitMargin" : 11.63,
    "operatingProfit" : 5.82,
    "netProfitMargin" : 7.63,
    "netProfit" : 3.82
  }, {
    "date" : "2008-09-30",
    "sales" : 17.28,
    "salesGrowthYoY" : 28.29,
    "grossProfitMargin" : 44.85,
    "grossProfit" : 7.75,
    "operatingProfitMargin" : 15.86,
    "operatingProfit" : 2.74,
    "netProfitMargin" : 8.85,
    "netProfit" : 1.53
  }, {
    "date" : "2008-12-31",
    "sales" : 117.38,
    "salesGrowthYoY" : 589.25,
    "grossProfitMargin" : 67.23,
    "grossProfit" : 78.91,
    "operatingProfitMargin" : 17.50,
    "operatingProfit" : 20.54,
    "netProfitMargin" : 11.51,
    "netProfit" : 13.51
  }, {
    "date" : "2009-03-31",
    "sales" : 44.51,
    "salesGrowthYoY" : 217.70,
    "grossProfitMargin" : 65.36,
    "grossProfit" : 29.09,
    "operatingProfitMargin" : 28.69,
    "operatingProfit" : 12.77,
    "netProfitMargin" : 17.91,
    "netProfit" : 7.97
  }, {
    "date" : "2009-06-30",
    "sales" : 64.17,
    "salesGrowthYoY" : 28.21,
    "grossProfitMargin" : 68.38,
    "grossProfit" : 43.88,
    "operatingProfitMargin" : 10.85,
    "operatingProfit" : 6.96,
    "netProfitMargin" : 7.82,
    "netProfit" : 5.02
  }, {
    "date" : "2009-09-30",
    "sales" : 64.89,
    "salesGrowthYoY" : 275.52,
    "grossProfitMargin" : 68.32,
    "grossProfit" : 44.33,
    "operatingProfitMargin" : 21.88,
    "operatingProfit" : 14.20,
    "netProfitMargin" : 15.35,
    "netProfit" : 9.96
  }, {
    "date" : "2009-12-31",
    "sales" : 75.34,
    "salesGrowthYoY" : -35.82,
    "grossProfitMargin" : 67.75,
    "grossProfit" : 51.04,
    "operatingProfitMargin" : 27.49,
    "operatingProfit" : 20.71,
    "netProfitMargin" : 19.01,
    "netProfit" : 14.32
  }, {
    "date" : "2010-03-31",
    "sales" : 63.67,
    "salesGrowthYoY" : 43.05,
    "grossProfitMargin" : 66.91,
    "grossProfit" : 42.60,
    "operatingProfitMargin" : 39.85,
    "operatingProfit" : 25.37,
    "netProfitMargin" : 27.36,
    "netProfit" : 17.42
  }, {
    "date" : "2010-06-30",
    "sales" : 87.41,
    "salesGrowthYoY" : 36.22,
    "grossProfitMargin" : 67.52,
    "grossProfit" : 59.02,
    "operatingProfitMargin" : 11.63,
    "operatingProfit" : 10.17,
    "netProfitMargin" : 8.75,
    "netProfit" : 7.65
  }, {
    "date" : "2010-09-30",
    "sales" : 80.01,
    "salesGrowthYoY" : 23.30,
    "grossProfitMargin" : 67.43,
    "grossProfit" : 53.95,
    "operatingProfitMargin" : 22.91,
    "operatingProfit" : 18.33,
    "netProfitMargin" : 16.82,
    "netProfit" : 13.46
  }, {
    "date" : "2010-12-31",
    "sales" : 90.88,
    "salesGrowthYoY" : 20.63,
    "grossProfitMargin" : 62.85,
    "grossProfit" : 57.12,
    "operatingProfitMargin" : 30.92,
    "operatingProfit" : 28.10,
    "netProfitMargin" : 21.52,
    "netProfit" : 19.56
  }, {
    "date" : "2011-03-31",
    "sales" : 78.07,
    "salesGrowthYoY" : 22.62,
    "grossProfitMargin" : 59.02,
    "grossProfit" : 46.08,
    "operatingProfitMargin" : 35.60,
    "operatingProfit" : 27.79,
    "netProfitMargin" : 24.09,
    "netProfit" : 18.81
  }, {
    "date" : "2011-06-30",
    "sales" : 87.59,
    "salesGrowthYoY" : 0.21,
    "grossProfitMargin" : 64.08,
    "grossProfit" : 56.13,
    "operatingProfitMargin" : 14.50,
    "operatingProfit" : 12.70,
    "netProfitMargin" : 9.65,
    "netProfit" : 8.45
  }, {
    "date" : "2011-09-30",
    "sales" : 65.05,
    "salesGrowthYoY" : -18.70,
    "grossProfitMargin" : 65.53,
    "grossProfit" : 42.63,
    "operatingProfitMargin" : 25.21,
    "operatingProfit" : 16.40,
    "netProfitMargin" : 26.29,
    "netProfit" : 17.10
  }, {
    "date" : "2011-12-31",
    "sales" : 51.03,
    "salesGrowthYoY" : -43.85,
    "grossProfitMargin" : 61.26,
    "grossProfit" : 31.26,
    "operatingProfitMargin" : 39.00,
    "operatingProfit" : 19.90,
    "netProfitMargin" : 36.53,
    "netProfit" : 18.64
  }, {
    "date" : "2012-03-31",
    "sales" : 53.29,
    "salesGrowthYoY" : -31.74,
    "grossProfitMargin" : 64.06,
    "grossProfit" : 34.14,
    "operatingProfitMargin" : 43.55,
    "operatingProfit" : 23.21,
    "netProfitMargin" : 44.08,
    "netProfit" : 23.49
  }, {
    "date" : "2012-06-30",
    "sales" : 40.43,
    "salesGrowthYoY" : -53.84,
    "grossProfitMargin" : 59.31,
    "grossProfit" : 23.98,
    "operatingProfitMargin" : 29.68,
    "operatingProfit" : 12.00,
    "netProfitMargin" : 33.37,
    "netProfit" : 13.49
  }, {
    "date" : "2012-09-30",
    "sales" : 51.41,
    "salesGrowthYoY" : -20.97,
    "grossProfitMargin" : 71.02,
    "grossProfit" : 36.51,
    "operatingProfitMargin" : 40.21,
    "operatingProfit" : 20.67,
    "netProfitMargin" : 45.94,
    "netProfit" : 23.62
  }, {
    "date" : "2012-12-31",
    "sales" : 53.36,
    "salesGrowthYoY" : 4.57,
    "grossProfitMargin" : 68.16,
    "grossProfit" : 36.37,
    "operatingProfitMargin" : 37.76,
    "operatingProfit" : 20.15,
    "netProfitMargin" : 42.34,
    "netProfit" : 22.59
  }, {
    "date" : "2013-03-31",
    "sales" : 67.81,
    "salesGrowthYoY" : 27.25,
    "grossProfitMargin" : 76.18,
    "grossProfit" : 51.66,
    "operatingProfitMargin" : 51.67,
    "operatingProfit" : 35.04,
    "netProfitMargin" : 55.17,
    "netProfit" : 37.41
  }, {
    "date" : "2013-06-30",
    "sales" : 46.31,
    "salesGrowthYoY" : 14.54,
    "grossProfitMargin" : 68.26,
    "grossProfit" : 31.61,
    "operatingProfitMargin" : 31.98,
    "operatingProfit" : 14.81,
    "netProfitMargin" : 49.06,
    "netProfit" : 22.72
  }, {
    "date" : "2013-09-30",
    "sales" : 49.74,
    "salesGrowthYoY" : -3.25,
    "grossProfitMargin" : 71.13,
    "grossProfit" : 35.38,
    "operatingProfitMargin" : 46.60,
    "operatingProfit" : 23.18,
    "netProfitMargin" : 50.66,
    "netProfit" : 25.20
  }, {
    "date" : "2013-12-31",
    "sales" : 54.32,
    "salesGrowthYoY" : 1.80,
    "grossProfitMargin" : 73.75,
    "grossProfit" : 40.06,
    "operatingProfitMargin" : 45.42,
    "operatingProfit" : 24.67,
    "netProfitMargin" : 49.28,
    "netProfit" : 26.77
  }, {
    "date" : "2014-03-31",
    "sales" : 52.88,
    "salesGrowthYoY" : -22.02,
    "grossProfitMargin" : 70.67,
    "grossProfit" : 37.37,
    "operatingProfitMargin" : 35.40,
    "operatingProfit" : 18.72,
    "netProfitMargin" : 41.15,
    "netProfit" : 21.76
  }, {
    "date" : "2014-06-30",
    "sales" : 42.58,
    "salesGrowthYoY" : -8.05,
    "grossProfitMargin" : 70.95,
    "grossProfit" : 30.21,
    "operatingProfitMargin" : 33.68,
    "operatingProfit" : 14.34,
    "netProfitMargin" : 40.04,
    "netProfit" : 17.05
  }, {
    "date" : "2014-09-30",
    "sales" : 52.93,
    "salesGrowthYoY" : 6.41,
    "grossProfitMargin" : 71.66,
    "grossProfit" : 37.93,
    "operatingProfitMargin" : 45.04,
    "operatingProfit" : 23.84,
    "netProfitMargin" : 51.58,
    "netProfit" : 27.30
  }, {
    "date" : "2014-12-31",
    "sales" : 76.16,
    "salesGrowthYoY" : 40.21,
    "grossProfitMargin" : 76.75,
    "grossProfit" : 58.45,
    "operatingProfitMargin" : 52.78,
    "operatingProfit" : 40.20,
    "netProfitMargin" : 58.32,
    "netProfit" : 44.42
  }, {
    "date" : "2015-03-31",
    "sales" : 47.44,
    "salesGrowthYoY" : -10.29,
    "grossProfitMargin" : 66.78,
    "grossProfit" : 31.68,
    "operatingProfitMargin" : 30.54,
    "operatingProfit" : 14.49,
    "netProfitMargin" : 42.54,
    "netProfit" : 20.18
  }, {
    "date" : "2015-06-30",
    "sales" : 41.36,
    "salesGrowthYoY" : -2.87,
    "grossProfitMargin" : 67.09,
    "grossProfit" : 27.75,
    "operatingProfitMargin" : 33.39,
    "operatingProfit" : 13.81,
    "netProfitMargin" : 47.22,
    "netProfit" : 19.53
  }, {
    "date" : "2015-09-30",
    "sales" : 53.05,
    "salesGrowthYoY" : 0.23,
    "grossProfitMargin" : 72.74,
    "grossProfit" : 38.59,
    "operatingProfitMargin" : 42.38,
    "operatingProfit" : 22.48,
    "netProfitMargin" : 54.85,
    "netProfit" : 29.10
  }, {
    "date" : "2015-12-31",
    "sales" : 54.36,
    "salesGrowthYoY" : -28.62,
    "grossProfitMargin" : 70.31,
    "grossProfit" : 38.22,
    "operatingProfitMargin" : 21.60,
    "operatingProfit" : 11.74,
    "netProfitMargin" : 50.39,
    "netProfit" : 27.39
  }, {
    "date" : "2016-03-31",
    "sales" : 52.55,
    "salesGrowthYoY" : 10.77,
    "grossProfitMargin" : 71.67,
    "grossProfit" : 37.66,
    "operatingProfitMargin" : 39.87,
    "operatingProfit" : 20.95,
    "netProfitMargin" : 49.12,
    "netProfit" : 25.81
  }, {
    "date" : "2016-06-30",
    "sales" : 48.62,
    "salesGrowthYoY" : 17.55,
    "grossProfitMargin" : 71.06,
    "grossProfit" : 34.55,
    "operatingProfitMargin" : 35.48,
    "operatingProfit" : 17.25,
    "netProfitMargin" : 45.33,
    "netProfit" : 22.04
  }, {
    "date" : "2016-09-30",
    "sales" : 60.79,
    "salesGrowthYoY" : 14.59,
    "grossProfitMargin" : 73.68,
    "grossProfit" : 44.79,
    "operatingProfitMargin" : 44.20,
    "operatingProfit" : 26.87,
    "netProfitMargin" : 52.76,
    "netProfit" : 32.07
  }, {
    "date" : "2016-12-31",
    "sales" : 55.05,
    "salesGrowthYoY" : 1.27,
    "grossProfitMargin" : 65.38,
    "grossProfit" : 35.99,
    "operatingProfitMargin" : 36.26,
    "operatingProfit" : 19.96,
    "netProfitMargin" : 45.67,
    "netProfit" : 25.14
  }, {
    "date" : "2017-03-31",
    "sales" : 60.73,
    "salesGrowthYoY" : 15.57,
    "grossProfitMargin" : 65.14,
    "grossProfit" : 39.56,
    "operatingProfitMargin" : 40.10,
    "operatingProfit" : 24.35,
    "netProfitMargin" : 49.55,
    "netProfit" : 30.09
  }, {
    "date" : "2017-06-30",
    "sales" : 60.48,
    "salesGrowthYoY" : 24.39,
    "grossProfitMargin" : 69.28,
    "grossProfit" : 41.90,
    "operatingProfitMargin" : 33.81,
    "operatingProfit" : 20.45,
    "netProfitMargin" : 41.93,
    "netProfit" : 25.36
  }, {
    "date" : "2017-09-30",
    "sales" : 66.55,
    "salesGrowthYoY" : 9.48,
    "grossProfitMargin" : 72.40,
    "grossProfit" : 48.18,
    "operatingProfitMargin" : 46.66,
    "operatingProfit" : 31.05,
    "netProfitMargin" : 54.15,
    "netProfit" : 36.04
  }, {
    "date" : "2017-12-31",
    "sales" : 68.04,
    "salesGrowthYoY" : 23.60,
    "grossProfitMargin" : 67.75,
    "grossProfit" : 46.10,
    "operatingProfitMargin" : 43.45,
    "operatingProfit" : 29.56,
    "netProfitMargin" : 53.09,
    "netProfit" : 36.12
  }, {
    "date" : "2018-03-31",
    "sales" : 69.08,
    "salesGrowthYoY" : 13.75,
    "grossProfitMargin" : 67.79,
    "grossProfit" : 46.83,
    "operatingProfitMargin" : 44.34,
    "operatingProfit" : 30.63,
    "netProfitMargin" : 52.52,
    "netProfit" : 36.28
  }, {
    "date" : "2018-06-30",
    "sales" : 64.20,
    "salesGrowthYoY" : 6.15,
    "grossProfitMargin" : 65.73,
    "grossProfit" : 42.20,
    "operatingProfitMargin" : 26.39,
    "operatingProfit" : 16.94,
    "netProfitMargin" : 40.05,
    "netProfit" : 25.71
  }, {
    "date" : "2018-09-30",
    "sales" : 75.00,
    "salesGrowthYoY" : 12.70,
    "grossProfitMargin" : 67.80,
    "grossProfit" : 50.85,
    "operatingProfitMargin" : 42.81,
    "operatingProfit" : 32.11,
    "netProfitMargin" : 54.80,
    "netProfit" : 41.10
  }, {
    "date" : "2018-12-31",
    "sales" : 81.30,
    "salesGrowthYoY" : 19.49,
    "grossProfitMargin" : 68.92,
    "grossProfit" : 56.03,
    "operatingProfitMargin" : 38.36,
    "operatingProfit" : 31.19,
    "netProfitMargin" : 48.70,
    "netProfit" : 39.59
  }, {
    "date" : "2019-03-31",
    "sales" : 34.11,
    "salesGrowthYoY" : -50.62,
    "grossProfitMargin" : 27.12,
    "grossProfit" : 9.25,
    "operatingProfitMargin" : -23.34,
    "operatingProfit" : -7.96,
    "netProfitMargin" : -20.67,
    "netProfit" : -7.05
  }, {
    "date" : "2019-06-30",
    "sales" : 36.92,
    "salesGrowthYoY" : -42.49,
    "grossProfitMargin" : 41.03,
    "grossProfit" : 15.15,
    "operatingProfitMargin" : -23.16,
    "operatingProfit" : -8.55,
    "netProfitMargin" : -50.49,
    "netProfit" : -18.64
  }, {
    "date" : "2019-09-30",
    "sales" : 39.63,
    "salesGrowthYoY" : -47.16,
    "grossProfitMargin" : 44.44,
    "grossProfit" : 17.61,
    "operatingProfitMargin" : -7.65,
    "operatingProfit" : -3.03,
    "netProfitMargin" : -31.49,
    "netProfit" : -12.48
  }, {
    "date" : "2019-12-31",
    "sales" : 42.56,
    "salesGrowthYoY" : -47.65,
    "grossProfitMargin" : 33.34,
    "grossProfit" : 14.19,
    "operatingProfitMargin" : -16.26,
    "operatingProfit" : -6.92,
    "netProfitMargin" : -8.88,
    "netProfit" : -3.78
  }, {
    "date" : "2020-03-31",
    "sales" : 34.32,
    "salesGrowthYoY" : 0.62,
    "grossProfitMargin" : 36.51,
    "grossProfit" : 12.53,
    "operatingProfitMargin" : -6.85,
    "operatingProfit" : -2.35,
    "netProfitMargin" : -16.03,
    "netProfit" : -5.50
  }, {
    "date" : "2020-06-30",
    "sales" : 10.80,
    "salesGrowthYoY" : -70.75,
    "grossProfitMargin" : 34.91,
    "grossProfit" : 3.77,
    "operatingProfitMargin" : -132.50,
    "operatingProfit" : -14.31,
    "netProfitMargin" : -161.57,
    "netProfit" : -17.45
  }, {
    "date" : "2020-09-30",
    "sales" : 23.15,
    "salesGrowthYoY" : -41.58,
    "grossProfitMargin" : 34.51,
    "grossProfit" : 7.99,
    "operatingProfitMargin" : -57.67,
    "operatingProfit" : -13.35,
    "netProfitMargin" : -94.21,
    "netProfit" : -21.81
  }, {
    "date" : "2020-12-31",
    "sales" : 37.70,
    "salesGrowthYoY" : -11.42,
    "grossProfitMargin" : 30.85,
    "grossProfit" : 11.63,
    "operatingProfitMargin" : -20.34,
    "operatingProfit" : -7.67,
    "netProfitMargin" : -15.54,
    "netProfit" : -5.86
  }, {
    "date" : "2021-03-31",
    "sales" : 42.18,
    "salesGrowthYoY" : 22.90,
    "grossProfitMargin" : 19.65,
    "grossProfit" : 8.29,
    "operatingProfitMargin" : -34.12,
    "operatingProfit" : -14.39,
    "netProfitMargin" : -23.61,
    "netProfit" : -9.96
  }, {
    "date" : "2021-06-30",
    "sales" : 32.58,
    "salesGrowthYoY" : 201.67,
    "grossProfitMargin" : 21.33,
    "grossProfit" : 6.95,
    "operatingProfitMargin" : -43.89,
    "operatingProfit" : -14.30,
    "netProfitMargin" : -34.53,
    "netProfit" : -11.25
  }, {
    "date" : "2021-09-30",
    "sales" : 52.38,
    "salesGrowthYoY" : 126.26,
    "grossProfitMargin" : 25.75,
    "grossProfit" : 13.49,
    "operatingProfitMargin" : -9.09,
    "operatingProfit" : -4.76,
    "netProfitMargin" : -3.86,
    "netProfit" : -2.02
  }, {
    "date" : "2021-12-31",
    "sales" : 70.86,
    "salesGrowthYoY" : 87.96,
    "grossProfitMargin" : 35.00,
    "grossProfit" : 24.80,
    "operatingProfitMargin" : 14.25,
    "operatingProfit" : 10.10,
    "netProfitMargin" : 17.73,
    "netProfit" : 12.56
  }, {
    "date" : "2022-03-31",
    "sales" : 60.43,
    "salesGrowthYoY" : 43.27,
    "grossProfitMargin" : 30.75,
    "grossProfit" : 18.58,
    "operatingProfitMargin" : 6.02,
    "operatingProfit" : 3.64,
    "netProfitMargin" : 22.19,
    "netProfit" : 13.41
  }, {
    "date" : "2022-06-30",
    "sales" : 61.70,
    "salesGrowthYoY" : 89.38,
    "grossProfitMargin" : 31.44,
    "grossProfit" : 19.40,
    "operatingProfitMargin" : 8.75,
    "operatingProfit" : 5.40,
    "netProfitMargin" : 12.97,
    "netProfit" : 8.00
  }, {
    "date" : "2022-09-30",
    "sales" : 67.10,
    "salesGrowthYoY" : 28.10,
    "grossProfitMargin" : 33.53,
    "grossProfit" : 22.50,
    "operatingProfitMargin" : 18.63,
    "operatingProfit" : 12.50,
    "netProfitMargin" : 22.06,
    "netProfit" : 14.80
  }, {
    "date" : "2022-12-31",
    "sales" : 63.60,
    "salesGrowthYoY" : -10.25,
    "grossProfitMargin" : 35.85,
    "grossProfit" : 22.80,
    "operatingProfitMargin" : 19.50,
    "operatingProfit" : 12.40,
    "netProfitMargin" : 23.58,
    "netProfit" : 15.00
  }, {
    "date" : "2023-03-31",
    "sales" : 58.80,
    "salesGrowthYoY" : -2.70,
    "grossProfitMargin" : 34.35,
    "grossProfit" : 20.20,
    "operatingProfitMargin" : 13.61,
    "operatingProfit" : 8.00,
    "netProfitMargin" : 48.81,
    "netProfit" : 28.70
  }, {
    "date" : "2023-06-30",
    "sales" : 60.10,
    "salesGrowthYoY" : -2.59,
    "grossProfitMargin" : 35.61,
    "grossProfit" : 21.40,
    "operatingProfitMargin" : 11.98,
    "operatingProfit" : 7.20,
    "netProfitMargin" : 13.64,
    "netProfit" : 8.20
  }, {
    "date" : "2023-09-30",
    "sales" : 57.80,
    "salesGrowthYoY" : -13.86,
    "grossProfitMargin" : 36.51,
    "grossProfit" : 21.10,
    "operatingProfitMargin" : 12.98,
    "operatingProfit" : 7.50,
    "netProfitMargin" : 13.49,
    "netProfit" : 7.80
  }, {
    "date" : "2023-12-31",
    "sales" : 63.80,
    "salesGrowthYoY" : 0.31,
    "grossProfitMargin" : 35.58,
    "grossProfit" : 22.70,
    "operatingProfitMargin" : 16.93,
    "operatingProfit" : 10.80,
    "netProfitMargin" : 16.14,
    "netProfit" : 10.30
  }, {
    "date" : "2024-03-31",
    "sales" : 63.10,
    "salesGrowthYoY" : 7.31,
    "grossProfitMargin" : 35.82,
    "grossProfit" : 22.60,
    "operatingProfitMargin" : 11.89,
    "operatingProfit" : 7.50,
    "netProfitMargin" : 11.73,
    "netProfit" : 7.40
  }, {
    "date" : "2024-06-30",
    "sales" : 63.40,
    "salesGrowthYoY" : 5.49,
    "grossProfitMargin" : 37.38,
    "grossProfit" : 23.70,
    "operatingProfitMargin" : 8.36,
    "operatingProfit" : 5.30,
    "netProfitMargin" : 9.78,
    "netProfit" : 6.20
  }, {
    "date" : "2024-09-30",
    "sales" : 63.30,
    "salesGrowthYoY" : 9.52,
    "grossProfitMargin" : 35.70,
    "grossProfit" : 22.60,
    "operatingProfitMargin" : 11.85,
    "operatingProfit" : 7.50,
    "netProfitMargin" : 12.64,
    "netProfit" : 8.00
  }, {
    "date" : "2024-12-31",
    "sales" : 88.40,
    "salesGrowthYoY" : 38.56,
    "grossProfitMargin" : 30.66,
    "grossProfit" : 27.10,
    "operatingProfitMargin" : 16.86,
    "operatingProfit" : 14.90,
    "netProfitMargin" : 13.24,
    "netProfit" : 11.70
  }, {
    "date" : "2025-03-31",
    "sales" : 77.50,
    "salesGrowthYoY" : 22.82,
    "grossProfitMargin" : 35.35,
    "grossProfit" : 27.40,
    "operatingProfitMargin" : 11.48,
    "operatingProfit" : 8.90,
    "netProfitMargin" : 6.06,
    "netProfit" : 4.70
  }, {
    "date" : "2025-06-30",
    "sales" : 140.90,
    "salesGrowthYoY" : 122.24,
    "grossProfitMargin" : 42.37,
    "grossProfit" : 59.70,
    "operatingProfitMargin" : 11.00,
    "operatingProfit" : 15.50,
    "netProfitMargin" : 3.26,
    "netProfit" : 4.59
  }, {
    "date" : "2025-09-30",
    "sales" : 156.00,
    "salesGrowthYoY" : 146.45,
    "grossProfitMargin" : 41.54,
    "grossProfit" : 64.80,
    "operatingProfitMargin" : 18.01,
    "operatingProfit" : 28.10,
    "netProfitMargin" : 8.33,
    "netProfit" : 12.99
  } ],
  "latestQuarterlyResult" : {
    "date" : "2025-09-30",
    "sales" : 156.00,
    "salesGrowthYoY" : 146.45,
    "grossProfitMargin" : 41.54,
    "grossProfit" : 64.80,
    "operatingProfitMargin" : 18.01,
    "operatingProfit" : 28.10,
    "netProfitMargin" : 8.33,
    "netProfit" : 12.99
  },
  "companyScore" : {
    "priceHigherThanDma50" : 0.00,
    "priceHigherThanDma100" : 0.00,
    "priceHigherThanDma200" : 5.00,
    "dma50HigherThanDma100" : 5.00,
    "dma50HigherThanDma200" : 5.00,
    "dma100HigherThanDma200" : 5.00,
    "pricePercentageAboveDma50" : 5.28,
    "pricePercentageAboveDma100" : 5.17,
    "pricePercentageAboveDma200" : 4.90,
    "weeklyVolumeHigherThanYearlyVolume" : 0.00,
    "salesGrowthPercentile" : 18.73,
    "operatingProfitMarginPercentile" : 16.25,
    "netProfitMarginPercentile" : 7.73,
    "totalTechnicalScore" : 35.35,
    "totalFundamentalScore" : 42.71,
    "totalScore" : 78.06
  }
}